2875 4734
260 353 305 422 ιο
549 299 768 420 nicaenis
799 346 1058 416 ammroran
1109 399 1121 406 .
1189 305 1193 308 ’

137 575 147 581 .
255 517 300 595 ἀς
317 518 470 600 βασιλεὺς
490 519 663 601 διοίκησιν,
687 514 781 602 ἀϊδίῳ
809 511 925 589 ἐλάσας
948 514 1052 598 φυγῇ,
1075 505 1151 584 τοός
1172 509 1207 571 δὲ
1229 507 1361 584 λοιποῦς
1399 573 1403 580 ,

256 618 396 704 ἀκμῆτας
419 618 474 684 καί
493 615 546 683 τόν
566 614 677 699 ἴουχον
693 617 931 698 ε’πανθοῦντας,
954 606 1008 688 οῦς
1036 615 1072 676 δὲ
1092 613 1146 675 καί
1167 607 1359 694 προοηβους,

254 721 403 801 ἐκτομίας
438 716 707 804 ἀπεργασόμενος.
765 717 820 777 καί
850 711 886 778 τό
910 719 996 797 γένος
1034 715 1138 777 αότοῦ
1165 714 1275 774 τοῦτον
1303 707 1361 773 τόν

252 821 370 902 τρόπον
393 822 630 901 καταστρέψας,
653 810 780 904 άφρονα
798 818 890 897 ζῆλον
912 818 1109 900 προσφέρειν
1127 820 1193 887 τοῖς
1215 820 1360 887 συνετοῖς

253 916 374 1004 ἔδοξεν,
397 921 595 1002 ἐψιλωμένον
615 911 733 982 ἑαυτόν
754 913 909 1000 τοσαύτης
929 916 1080 998 βοηθείας
1101 911 1155 976 καί
1176 912 1384 994 συγγενικῆςὸ

251 1021 402 1104 βοηθείας
427 1019 695 1102 ἀπεργασάμενος.

346 1119 475 1200 Ἀμέλει
496 1142 544 1184 τοι
562 1121 617 1185 καί
636 1117 715 1182 κατά
731 1115 790 1202 την
810 1116 903 1181 θείαν
916 1117 971 1179 καί
991 1117 1151 1199 πάνδημον
1171 1107 1282 1197 ἑορτὴν
1303 1117 1358 1211 τῆς

250 1215 439 1307 ῦπερφυοῦς
463 1218 666 1295 ἀναστάσεως
689 1220 835 1300 Χριστοῦ
855 1221 913 1281 τοῦ
933 1220 1013 1281 θεοῦ
1034 1215 1132 1299 ἡμῶν,
1154 1208 1224 1297 ἥτις
1245 1212 1357 1298 πάσχα

217 1326 220 1331 ’
250 1319 407 1404 σωτήριον
427 1329 492 1396 τοῖς
513 1318 694 1403 όρθοδόξως
717 1317 887 1396 δοξάζουσι
909 1313 1135 1397 διοινόμασιαι,
1159 1318 1215 1398 τῆς
1227 1319 1358 1395 βασιλι-

145 1492 147 1497 .
252 1423 308 1502 κῆς
339 1419 602 1503 εῦτρεπιζομὲνης
629 1420 768 1501 προόδου
804 1413 834 1478 οἱ
864 1420 921 1499 τῆς
950 1410 1068 1498 ἀγοράς
1098 1415 1354 1500 προεξόρχοντες,
1366 1432 1397 1484 10

251 1522 354 1584 πίπλα
375 1518 488 1601 σηρικά
520 1521 697 1594 πολυτελοῦς
719 1521 923 1600 ἐξοφασμένα
953 1521 991 1603 τῇ
1015 1519 1054 1602 γῇ
1077 1511 1354 1600 καταστρώσαντες

252 1619 305 1684 ἀπ’
329 1621 434 1682 αδτοῦν
454 1621 516 1683 τάν
538 1617 718 1701 ἀνακτόρων
739 1619 835 1699 μέχρι
860 1619 923 1681 ναῦν
943 1622 999 1681 τοῦ
1019 1615 1194 1698 σεβασμίου
1218 1611 1274 1677 καί
1293 1635 1355 1693 με-

250 1725 356 1803 γίστου
379 1722 457 1782 ναοῦ
492 1721 546 1802 τῆς
574 1720 629 1782 τοῦ
666 1721 744 1781 θεοῦ
770 1715 861 1799 λόγου
895 1717 987 1799 ἀγίας
1008 1717 1126 1802 σοφίας
1150 1715 1279 1790 πυλοῦν,
1301 1717 1357 1778 ε’πί

249 1817 372 1893 τούτοις
395 1818 449 1883 τόν
468 1823 604 1902 βασιλέα
629 1817 709 1900 μειά
732 1823 786 1902 τῆς
814 1819 1056 1936 δορυφοροάσης
1085 1814 1184 1880 ου’τόν
1204 1813 1355 1891 εῦτοξίοις

251 1922 387 1984 διελθεῖν
411 1917 586 2007 φιλοτίμως
608 1919 878 2003 παρεσκευάκασι.
918 1943 999 2000 μετα
1023 1921 1176 1982 δὲταῦτα
1198 1919 1254 1982 καί
1272 1914 1352 1979 κατά
1363 1939 1392 1990 15

248 2018 305 2104 την
325 2023 398 2084 νέαν
420 2020 574 2104 κυριακίγν
596 2023 736 2105 ἑφίππου
771 2025 826 2103 τῆς
850 2020 990 2104 προόδου
1016 2020 1219 2103 γεγενημένης
1244 2019 1353 2102 ε’περι-

249 2117 444 2184 πετάννυντο
467 2109 529 2184 ὧδε
548 2122 674 2185 κάκεῖσε
698 2119 735 2184 τό
750 2123 905 2204 πολυτελῆ
920 2124 982 2186 τόν
1006 2119 1204 2206 ὑφασμάτων
1226 2121 1282 2183 καί
1304 2122 1351 2182 τί·
1422 2166 1423 2171 1

248 2244 316 2306 μια,
337 2219 391 2284 καί
409 2221 523 2300 κόσμος
547 2214 637 2297 ἀλλος
658 2224 770 2310 χρυσῷ
796 2226 851 2286 καί
873 2220 1002 2310 ἀργόρφ
1025 2219 1270 2304 καταστράπτιου
1291 2244 1352 2284 συ-

249 2326 348 2404 νεχοῦς
371 2317 588 2407 ῦπερηρτητο,
618 2321 673 2386 καί
702 2323 766 2386 πάν
789 2321 831 2388 ,τό
859 2326 913 2406 τῆς
941 2325 1058 2407 ἀγορῦς
1087 2322 1352 2407 στεφανηφοροῦυ

247 2423 303 2487 καί
323 2415 387 2489 οἷον
409 2419 558 2504 ἓοριάζον
586 2420 779 2506 χαρμόσυνά
803 2448 870 2486 τινα
899 2427 954 2487 καί
974 2422 1164 2506 σωτηριάδη
1194 2425 1349 2499 κατελαμ·
1359 2441 1394 2495 20
1420 2493 1423 2505 ι

247 2522 399 2607 πρόνέτο·
445 2522 464 2606 ἦ
501 2523 537 2584 δὲ
561 2518 731 2604 προπομπη
762 2521 933 2605 θαυμαστά
961 2525 1004 2607 roi
1023 2512 1087 2585 ῦντι
1116 2524 1171 2584 καί
1189 2519 1349 2603 βασιλική,

248 2620 452 2704 πανταχόθεν
473 2624 648 2710 εόφημίοιις
669 2625 922 2705 σογκροτουμένη
958 2620 1013 2684 καί
1040 2619 1153 2704 χάρισι
1179 2625 1233 2685 καί
1253 2644 1350 2685 παια·
1421 2662 1422 2667 1

246 2730 370 2804 νισμοῖς
394 2725 578 2808 ἀξοιρομένη
602 2719 657 2805 τῆς
675 2721 813 2802 πόλεως,
845 2722 927 2807 πλην
948 2718 1024 2789 όοον
1051 2720 1087 2784 εδ
1109 2722 1167 2786 ιοῦ
1187 2719 1348 2806 συνήθους

318 2925 343 2978 6.
362 2929 504 2997 βοηθείας]
527 2926 723 2995 σπουδῆςῖοο
743 2926 875 3001 alpayde?
983 2928 1025 2979 11.
1046 2922 1148 2999 συρικό
1168 2926 1233 2982 o·
1303 2925 1345 2978 16.

323 2998 371 3068 ἐφ’
391 2999 481 3054 ἵππου
502 2998 530 3052 0.
629 3000 672 3054 23.
692 2995 724 3056 τό
744 3007 904 3068 suspectum.

246 3195 342 3254 gentes
362 3197 388 3238 et
408 3189 506 3240 circum
533 3191 642 3257 primam
670 3190 775 3242 barbam
795 3189 935 3254 florentes,
965 3190 1109 3242 nonnullos
1134 3191 1212 3241 etiam
1229 3194 1346 3240 maturos

247 3259 383 3311 iaciendos
403 3269 508 3311 curaret
530 3261 687 3324 eunuchos,
718 3270 745 3312 ct
763 3278 848 3329 genus
867 3278 941 3313 enum
964 3262 1016 3313 boc
1040 3263 1118 3312 modo
1137 3259 1250 3323 deleret,
1271 3261 1346 3310 insa-

246 3345 306 3381 num
325 3330 438 3380 studium
456 3326 583 3383 adbibere
596 3332 769 3398 prudentibus
788 3335 861 3384 visus
882 3341 931 3396 est,
951 3335 997 3402 qni
1016 3342 1090 3384 tanto
1110 3330 1211 3383 anxilio
1234 3338 1260 3380 et
1280 3345 1344 3396 pro.

245 3401 404 3468 pinqnornm
424 3401 518 3469 opibus
537 3418 566 3453 sc
586 3404 706 3454 nudaret.

344 3473 466 3524 Attamen
485 3475 563 3524 etiam
583 3475 675 3525 divino
695 3483 722 3525 et
741 3476 870 3527 communi
892 3475 961 3528 festo
979 3475 1146 3527 admirandae
1164 3474 1344 3525 resurrectio.

244 3545 285 3595 nis
306 3543 405 3596 Christi
428 3545 470 3596 dei
491 3545 585 3609 nostri,
607 3547 677 3613 quod
698 3546 796 3612 pascha
815 3547 981 3598 salutiferum
1013 3547 1097 3598 abiis
1117 3547 1161 3615 qui
1180 3561 1262 3596 verae
1281 3545 1345 3596 lidei
1420 3542 1421 3605 l

244 3615 340 3666 addicti
361 3624 421 3667 sunt
433 3616 595 3667 nominatum
614 3625 663 3680 est,
684 3633 743 3667 curn
764 3620 840 3686 regia
857 3628 996 3685 pararetur
1014 3633 1118 3685 pompa,
1138 3617 1270 3668 antistites
1292 3616 1344 3666 lori

244 3686 362 3753 stragula
383 3687 475 3738 Serica
494 3687 611 3754 pretioso
631 3695 703 3738 tenta
719 3688 790 3739 humi
811 3698 960 3742 sternentes
975 3690 1036 3740 inde
1055 3706 1071 3740 a
1090 3689 1165 3756 regia
1183 3689 1240 3755 ipra
1259 3702 1344 3755 usqne

244 3757 275 3807 ad
298 3765 389 3823 portas
408 3757 570 3811 venerabilis
592 3767 618 3810 et
637 3761 742 3810 maximi
769 3762 860 3828 templi
880 3762 1027 3828 sapientiae
1044 3768 1152 3812 sancme
1174 3760 1281 3811 divinae
1298 3774 1344 3808 ra-

245 3827 324 3878 tionis
346 3829 372 3877 in
394 3828 433 3878 liis
452 3837 481 3878 nt
500 3846 546 3880 rex
568 3847 626 3881 cum
646 3831 738 3882 ordine
756 3832 901 3883 satellitum
923 3846 982 3882 eum
1001 3833 1142 3882 comitante
1161 3830 1346 3898 ingrederetur

245 3899 364 3950 certatim
399 3899 553 3951 eiieccrunt.
603 3902 698 3953 deinde
724 3913 829 3967 autem,
852 3905 930 3955 etiam
949 3917 1019 3954 nova
1038 3903 1081 3952 die
1105 3902 1172 3953 festa
1192 3916 1249 3951 cum
1270 3902 1345 3968 equis

246 3985 340 4037 pompa
361 3970 438 4021 lieret
466 3973 564 4022 circum
587 3973 742 4024 sternebant
765 3975 856 4025 hicet
881 3974 937 4025 illio
955 3976 1074 4040 pretiosa
1092 3973 1196 4024 textilia
1215 3980 1242 4021 et
1259 3973 1344 4021 aesti.

244 4049 333 4104 mata,
367 4050 393 4092 ct
412 4051 519 4093 ornatus
538 4042 606 4094 alius
625 4059 688 4095 auro
708 4053 736 4096 et
751 4054 862 4114 argento
892 4044 997 4111 fulgens
1027 4043 1174 4095 eminebat:
1199 4051 1225 4092 et
1253 4053 1362 4092 omnes‘

244 4114 289 4178 qni
311 4114 338 4161 in
365 4112 422 4163 foro
452 4121 522 4164 serta
552 4115 681 4182 gerebant
709 4125 735 4166 et
755 4117 850 4179 festam
877 4114 1046 4166 celebrabant
1071 4113 1133 4165 laeti
1164 4123 1190 4165 et
1214 4113 1343 4164 salutares

187 4198 193 4206 ·
245 4183 462 4235 ostentabantur:
484 4188 635 4251 prosecutio
656 4195 744 4237 autern
770 4186 931 4238 admirabilia
951 4193 1007 4237 erat
1025 4201 1122 4236 revera
1142 4194 1169 4236 et
1186 4185 1270 4263 regia,
1290 4198 1342 4232 nn.
1419 4192 1420 4231 i

242 4254 324 4324 dique
351 4255 585 4320 acclamationibus
611 4256 737 4330 applausa
766 4265 793 4308 et
818 4257 910 4327 gratiis
936 4265 963 4308 et
984 4255 1129 4326 paeanibus
1158 4256 1226 4307 elata
1253 4253 1343 4317 urbis;
1419 4244 1420 4329 l
