2875 4734
477 363 481 376 '
554 354 762 452 nrssoius.
1192 381 1214 453 ο

113 567 179 609 τειν
201 538 224 607 ἀ
242 546 306 629 χρη
329 541 384 608 καί
404 548 501 610 πᾶσιν
523 545 740 611 ἀποδεικνύειν
761 546 902 627 ἀψευδὲς
915 545 1076 630 σύμβολον
1094 548 1134 612 sol
1155 552 1218 614 τών

114 641 305 726 νυκτερινῶν
317 669 375 710 σου
396 643 496 728 λόγων
515 643 764 729 σπουδάσματα,
787 650 843 711 καί
863 647 906 721 ἀς
928 645 985 722 τάς
997 648 1127 728 βίβλους
1142 648 1218 734 ἀλη-

114 747 183 818 θῶς
205 750 364 828 περιέπεις
394 749 449 810 καί
481 744 599 811 τούτων
620 749 779 828 ἐπιμελῶς
812 748 930 836 ἀκροᾷ,
951 750 1087 828 μείζονα
1108 747 1219 814 λοιπὸν

117 843 194 926 ἦμέν
215 841 269 908 τάν
299 847 404 928 ἀγώνα
433 850 489 912 καί
520 846 729 931 ἀκμαιότερον
756 850 922 928 τέθεικας,
945 840 1024 912 ὥστε
1047 852 1220 933 προφέρειν

90 961 145 1016 ὅτι
171 948 234 1010 τών
256 950 320 1010 coin
341 951 474 1012 τουτωνί
495 950 627 1030 λογικών
648 946 906 1034 σποοάοομάτων
928 946 1065 1024 ἐπάξιον.
1102 947 1155 1011 dod
1179 946 1219 1029 dr}

116 1048 215 1110 ταῦτα
237 1051 296 1110 καί
313 1071 382 1112 τινα
406 1049 511 1112 δέλτον
522 1049 680 1125 σνντάξας
695 1052 730 1113 ἐκ
745 1054 808 1113 τών
830 1051 996 1135 προοεχώς
1017 1057 1083 1124 τοῖς
1106 1049 1220 1134 ἡμετέ-

117 1169 185 1230 ροις
205 1144 332 1230 χρόνοις
352 1150 564 1232 γεγενημένων
585 1150 729 1230 πράξεων
752 1149 785 1214 ἐν
799 1174 833 1215 τε
854 1157 1002 1232 πολέμοις
1025 1151 1080 1214 καί
1098 1150 1221 1233 μάχαις

95 1315 98 1322 .
117 1248 172 1310 καί
196 1251 295 1322 νίκαις
315 1247 368 1312 καί
382 1243 490 1332 ἥτταις
512 1239 568 1313 καίΙ
587 1259 767 1331 πολεμικοῖς
789 1253 1032 1333 κατορθώμασιν
1055 1245 1077 1332 η”
1097 1249 1220 1335 ἀτυχη-

116 1371 207 1432 μασι,
233 1348 383 1438 προσθείς
406 1351 441 1412 δὲ
464 1350 518 1412 καί
537 1347 595 1424 εάς
618 1353 723 1426 αι’τίας
745 1349 825 1415 κατά
843 1348 875 1415 τό
899 1350 1033 1417 δυνατὸν
1055 1355 1116 1415 τών
1136 1348 1219 1415 οὕτω

74 1451 354 1529 ςοτετελεσμένων,
377 1445 443 1514 εἶτα
470 1455 663 1533 παρατείνας
682 1449 735 1516 τὸν
757 1451 846 1534 λόγον
868 1446 887 1535 ἢ
909 1455 963 1515 καί
983 1450 1156 1535 ἐξαρτύσας
1177 1451 1221 1526 ὥς

118 1547 319 1633 ἐνηδάσμασί
342 1574 405 1615 τισι
437 1560 502 1627 τοῖς
537 1551 813 1634 παρεμπίπτουσα
845 1552 1038 1635 ἀπρσόπτοις
1070 1554 1221 1637 σημείοις,

118 1649 230 1731 αἱρετὰς
251 1673 284 1714 τε
314 1649 370 1714 καί
391 1657 502 1728 κακίας
530 1655 593 1717 τών
624 1652 788 1735 ἀρξάντων
815 1653 870 1717 καί
901 1651 1093 1736 ἡγεμονικῶς
1115 1650 1222 1733 ἀνιαρ-

119 1749 237 1829 §dnos
256 1750 502 1834 ἀναταξοὶμενος,
523 1758 750 1830 σονεπιπλέξας
773 1756 809 1819 δέ
828 1759 884 1819 καί
904 1754 1042 1839 φυσικάς
1063 1777 1150 1828 τινας
1168 1776 1221 1816 τε.

117 1853 283 1933 χνολογίας
301 1850 357 1916 καί
377 1851 466 1931 ζώων
488 1855 575 1927 ίάέας
596 1854 816 1939 ἀναφανείσας
835 1863 900 1931 τοῖς
917 1853 989 1919 τότε
1010 1862 1144 1936 καιροῖς,
1168 1855 1223 1918 καί

76 1975 109 2026 15
120 1950 228 2027 ἀπλώς
254 1953 397 2036 ποικίλην
420 1953 488 2018 τινὰ
510 1959 620 2036 βίβλον
642 1949 747 2039 ώοπερ
769 1955 986 2037 λειμώνατοῖς
1005 1946 1117 2020 ἄνθεσι
1138 1951 1249 2038 βρύ-ἰ.
1273 1966 1324 2021 168
1335 1981 1360 2022 τ.

119 2075 219 2117 ουσαν
242 2053 497 2136 ἀποτερμαείσας
519 2057 572 2120 ἐπί
593 2056 738 2141 ἐξηγήσει
762 2056 879 2121 τούτων
900 2052 1046 2121 ἀπάντων
1070 2059 1140 2139 (καί
1158 2055 1220 2140 γάρ

119 2155 151 2218 εἰ
177 2155 232 2219 καί
262 2156 338 2238 περί
366 2158 427 2220 τών
456 2155 532 2239 ἡμῖν
567 2161 771 2240 ἐγνωσμένων
794 2160 989 2244 φθέγγεται,
1019 2158 1087 2221 ἀλλ’
1118 2153 1223 2242 ἦτών

103 2256 448 2342 κκαικοπρέπωνγάσις
469 2258 508 2321 od
528 2255 680 2339 βούλεται
700 2261 801 2323 ταῦτα
818 2261 892 2345 σιγῇ
913 2262 1085 2340 παρελθεῖν
1106 2262 1161 2323 καί
1180 2260 1225 2333 εἰς

119 2357 220 2445 λη’θην
242 2357 361 2424 τούτων
378 2359 453 2436 τούς
475 2354 665 2440 ἀνθρώπους
689 2359 819 2442 ἐλθεῖν),
842 2355 961 2440 ταύτην
976 2352 1082 2441 ώσπερ
1100 2383 1130 2422 τι
1146 2364 1224 2421 καλ-

75 2464 256 2544 αολιέρημα
278 2458 333 2522 καί
354 2459 492 2539 δεξίωμα
510 2457 659 2524 ἀοολικάν
682 2463 724 2546 τῇ
746 2462 789 2546 σῇ
811 2458 1038 2547 φιλανθρωπίη
1055 2457 1109 2522 καί
1129 2465 1222 2541 φιλο·

10 2557 11 2562 '
119 2562 241 2649 χρίστηι
270 2564 393 2649 σπουδῇ
421 2563 572 2647 ἀναφέρω
608 2562 662 2624 καί
693 2560 891 2646 ἀνατίθημι,
924 2558 966 2634 ώς
997 2557 1036 2624 ἀν
1076 2563 1115 2648 τῇ
1144 2557 1224 2624 ταῦ-

120 2686 175 2748 της
211 2664 311 2744 κρίσει
333 2666 398 2726 ,καί
430 2669 633 2748 μεγαλοφαει·
664 2660 832 2743 διαγνώσει
875 2659 1009 2746 dedas-‘lp‘
1045 2659 1083 2726 τεὶ
1119 2662 1223 2736 καλώς

1373 1739 1381 1766 l

195 2842 219 2893 1.
241 2840 402 2914 adpetentes
422 2841 451 2895 0.
588 2841 632 2895 20.
654 2855 747 2910 margo
765 2841 914 2915 ἀνάθημα.

122 3015 243 3068 omnibns
262 3013 414 3084 significare
437 3015 542 3066 sincere
564 3021 593 3065 ut
611 3016 715 3082 signum
742 3021 931 3066 nocturnarum
954 3021 1058 3064 tuarum
1076 3014 1225 3066 orationum

121 3086 330 3150 lucubrationes,
351 3093 431 3152 atquo
449 3085 582 3154 quomodo
601 3084 694 3137 literas
713 3101 779 3138 sere
799 3085 872 3137 colas
893 3083 996 3152 hasque
1016 3083 1162 3152 diligenter
1179 3084 1224 3136 le.

121 3175 179 3228 gns,
197 3158 281 3208 maius
300 3158 351 3208 iarn
375 3156 452 3208 nobis
478 3165 612 3208 certamen
639 3151 809 3210 et'vividius
836 3155 990 3219 reddidisti,
1011 3163 1041 3206 ut
1059 3154 1224 3222 proferamus

122 3230 193 3298 qnod
211 3229 263 3280 tuis
287 3227 362 3279 hisce
387 3228 511 3279 oratoriis
538 3227 768 3280 lucubrationibus
786 3228 894 3295 dignum
918 3227 960 3279 sit.
1009 3234 1152 3299 ppopterea
1169 3227 1224 3294 igi.

121 3312 164 3354 tur
185 3301 264 3352 etiam
284 3315 342 3350 cum
361 3297 457 3350 librum
484 3299 615 3366 quendam
642 3301 846 3366 conscripserim
871 3314 960 3352 rerum
979 3300 1100 3365 proxime
1126 3299 1224 3349 nostris

122 3371 285 3438 temporibus
316 3379 451 3438 gestarum
476 3369 603 3422 inbellis
629 3378 656 3420 et
679 3370 791 3436 proeliis
819 3381 846 3423 et
864 3371 985 3424 victoriis
1012 3378 1039 3420 et
1059 3368 1178 3421 cladibus
1198 3377 1226 3419 et

121 3443 188 3496 belli
209 3441 334 3493 felicibus
352 3450 379 3492 et
397 3439 551 3494 infelicibus
570 3441 664 3506 factis,
686 3450 712 3492 ct
740 3442 883 3494 addiderim
902 3444 989 3494 etiam,
1000 3455 1117 3504 caussas,
1138 3440 1225 3508 quoad

121 3514 206 3583 potui,
226 3528 326 3576 eorum,
346 3527 413 3580 qnae
433 3514 469 3563 its
488 3521 564 3580 gesta
583 3522 653 3577 sunt,
674 3513 770 3564 deiude
792 3515 956 3566 extenderim
979 3511 1076 3563 librum
1096 3513 1154 3563 sive
1172 3525 1226 3577 po-

122 3588 174 3637 tius
194 3584 338 3635 condierim
357 3592 481 3651 tauquam
510 3585 684 3636 condimentis
715 3584 870 3652 quibusdam
893 3585 1010 3635 fortuitis
1038 3598 1126 3650 neque
1147 3589 1225 3632 autea

122 3655 314 3709 animadversis
342 3656 443 3724 signis,
473 3662 554 3722 atque
577 3658 690 3708 virtutes
711 3665 738 3707 et
755 3657 821 3711 vitia
840 3671 947 3719 eornm,
967 3657 1012 3722 qui
1034 3660 1179 3722 regnarunt
1199 3661 1226 3704 et

122 3729 166 3798 qui
195 3725 366 3793 imperatoris
393 3725 470 3777 modo
498 3727 634 3793 praesides
665 3727 787 3790 luerunt,
812 3728 982 3793 repetierim,
1007 3727 1054 3779 sed
1080 3725 1233 3777 adiecerim·

123 3800 202 3851 etiam
221 3796 356 3849 naturales
376 3797 500 3865 quasdam
520 3799 690 3865 quaestiones
716 3807 744 3850 et
761 3797 913 3850 animalium
934 3798 1041 3862 lormas,
1062 3796 1155 3866 quales
1175 3812 1224 3863 ap—
1251 3839 1261 3849 ,

122 3869 261 3938 paruerint
285 3867 340 3921 illis
366 3868 544 3934 temporibus,
564 3877 645 3937 atque
672 3885 725 3920 uno
745 3869 829 3921 verbo
848 3870 951 3920 sarium
970 3870 1100 3936 quendam
1120 3868 1224 3930 librum,

123 3951 247 4008 tanquam
264 3948 366 4006 pratum
387 3938 495 3991 boribus
514 3939 649 3994 abundans
674 3940 806 3992 finiverim
825 3940 859 3992 ad
879 3940 1025 3992 enarranda
1043 3940 1108 3991 baec
1127 3940 1224 4001 omnia,

125 4013 238 4080 (etenim
257 4013 307 4063 etsi
327 4011 360 4061 de
378 4012 421 4074 iis,
440 4026 509 4079 qnae
528 4028 543 4063 a
562 4013 639 4064 nobis
658 4019 866 4077 spontaneum,
885 4013 1001 4075 dicetur,
1022 4017 1108 4062 tamen
1129 4011 1224 4062 novis-

124 4084 245 4134 simarum
273 4097 361 4132 rerum
381 4083 459 4148 copia
476 4097 530 4134 non
550 4085 613 4134 sinit
632 4083 697 4134 baec
725 4082 834 4135 silentio
854 4084 993 4150 praeteriri
1012 4090 1039 4132 et
1059 4083 1085 4131 in
1105 4081 1224 4133 oblivio.

124 4169 183 4205 nem
204 4153 295 4203 barum
316 4152 435 4204 homiues
461 4155 613 4223 incidere),
640 4155 710 4205 huuc
734 4155 818 4222 igitur
846 4155 941 4206 librum
968 4162 1090 4219 tanquam
1121 4167 1223 4202 sacrum

126 4226 241 4277 inustum
262 4231 288 4273 et
308 4225 404 4275 donum
423 4233 561 4290 acceptum
580 4227 651 4278 servi
676 4229 713 4277 tui
733 4225 891 4277 burnanitati
909 4234 970 4289 tuae
991 4232 1017 4274 et
1037 4223 1124 4274 studio
1143 4223 1223 4275 Gbri-

125 4296 218 4348 stianis
247 4295 407 4348 amicissimo
430 4295 514 4347 ollero
539 4305 565 4349 et
593 4297 696 4364 depono
724 4304 753 4347 ut
781 4297 859 4349 huius
889 4295 988 4347 iudicio
1009 4303 1035 4345 et
1053 4294 1223 4347 distinctione
