2875 4734
214 299 261 376 56
520 301 739 372 circulatis
771 300 1030 371 lutmiorum

214 493 273 554 ρον
297 494 339 544 ως
361 471 424 533 τάν
440 465 667 554 ’κατάσκοπόν
688 464 733 551 μη
764 463 1050 552 διαμαρτησσντας.
1096 469 1263 553 ἠρίστευσε
1284 473 1321 536 δὲ

215 575 308 636 πλέον
330 572 390 635 τάν
410 563 518 634 ἄλλων
534 571 589 631 καί
611 566 761 650 κραταιός
790 569 823 632 ἐν
842 566 940 656 ταύτην
971 571 1015 655 τῷ
1037 571 1162 658 πολέμῳ
1186 572 1320 658 ἐδείχθη
1389 599 1396 607 ·

215 669 268 734 καί
289 667 476 754 περιβόητος
497 666 682 754 Νικηφόρος
702 667 876 752 μάγιστρσς
909 667 924 730 ό
949 669 1185 753 Βοτανειάτης,
1206 674 1241 735 έκ
1263 678 1320 754 γε’-

214 795 287 846 νονς
307 769 389 854 έχων
411 771 587 854 ἐπιφανοῦς
609 767 643 832 τό
666 765 698 832 ἐν
713 776 790 843 ταῖς
811 771 1015 853 στρατηγίαις
1030 769 1086 835 καί
1106 778 1172 847 τοῖς
1194 768 1320 859 ἀνδρα-

140 889 146 900 ·
214 869 400 956 γαδὴμασιν
422 870 630 953 ἐκδηλότατον
654 867 707 933 καί
729 870 884 947 ἐπίδοξον.
1197 904 1201 924 ι
1327 884 1343 935 5

319 975 362 1059 Τῇ
393 973 421 1035 δ’
444 973 576 1056 ἐπιούσῃ
609 967 665 1044 τός
700 969 852 1050 δυνάμεις
873 970 1054 1057 ἀνειληφώς
1085 975 1139 1058 τῆς
1161 975 1240 1056 πρὸς
1262 974 1318 1061 τὴν

168 1075 178 1096 “
213 1073 366 1155 βασιλίδα
399 1070 559 1156 φερούσης
593 1063 714 1165 ἥπτετο.
772 1073 828 1134 καί
858 1072 919 1157 πρό
953 1078 1011 1136 τού
1032 1084 1098 1149 τοῖς
1119 1076 1317 1159 προποντίοις

214 1172 419 1256 προσεγγίσαι
441 1175 495 1255 τῆς
508 1166 637 1249 πόλεως,
656 1173 756 1254 βουλη
779 1175 980 1264 παράτννιόν
995 1178 1056 1239 τῶν
1079 1178 1112 1240 ἐν
1133 1181 1213 1240 τέλει
1236 1178 1314 1244 κατά

214 1274 270 1336 τού
294 1269 514 1353 βασιλεύοντος
538 1274 570 1333 έν
595 1275 930 1337 Κωνοταντινουιιόλει
955 1269 1100 1358 η’ρτύετο.
1124 1274 1185 1341 εἴτε
1206 1279 1241 1342 δὲ
1264 1282 1319 1344 καί

215 1371 307 1456 ὁτῆς
329 1369 571 1456 ἀρχιερωσύνης
603 1367 738 1456 έξαρχος
770 1373 823 1436 καί
846 1373 1063 1460 πατριάρχης,
1098 1377 1114 1440 ό
1143 1375 1359 1463 Κηρουλά-λθ

215 1493 281 1555 ρισς
299 1467 499 1555 κεκοινώνηκε
530 1470 653 1559 τούτοις
684 1474 737 1554 τῆς
765 1476 928 1558 σκέψεως,
949 1473 1013 1545 εἴτε
1036 1480 1090 1540 καί
1108 1476 1176 1562 μη,
1198 1471 1317 1562 άδηλοκ

213 1569 269 1636 καί
288 1571 450 1655 προφανὲς
478 1572 585 1634 ου’δέν.
639 1565 725 1650 όμως
746 1576 776 1636 δ’
799 1575 833 1636 ἐκ
855 1575 1047 1659 προλήψεων
1075 1583 1130 1642 κατ’
1149 1581 1212 1642 τεόν
1231 1578 1315 1659 μετά

213 1676 314 1737 ταῦτα
335 1672 589 1751 συνενεχθέντων
611 1669 648 1734 τά
674 1675 731 1756 τῆς
747 1669 899 1750 ύπσνοίας
923 1677 967 1750 εἰς
993 1673 1145 1762 ἀληθείας
1167 1678 1317 1763 ἀμυδρὰν

213 1767 476 1856 προκεχωρηκασι
505 1767 666 1855 ἔμφασιν·
718 1779 774 1838 καί
802 1773 931 1863 γάρτῷ
960 1781 1116 1866 Κομνηνῷ
1146 1777 1186 1844 τά
1214 1778 1316 1846 πάντα

213 1872 437 1955 συνδιαφέρων
469 1863 507 1954 ἧν
538 1871 594 1935 καί
625 1874 840 1958 συμπράττων
870 1875 925 1940 καί
956 1879 1012 1960 τῆς
1043 1879 1167 1964 πραότης
1196 1885 1360 1964 βονλῆςςς

211 1969 454 2051 γινωσκόμενος,
486 1969 529 2046 ἀς
550 1975 605 2036 καί
627 1975 690 2056 τῆς
702 1977 812 2058 φιλίας
843 1979 898 2039 καί
916 1980 971 2059 τῆς
994 1981 1083 2055 ἀξίας
1103 1980 1158 2046 καί
1177 1982 1231 2065 τῆς
1252 1983 1313 2066 α’γ-
1403 2051 1436 2073 ,,

211 2072 352 2149 χιστειάς
374 2067 557 2152 έγγύτατος,
593 2067 609 2134 ό
641 2071 821 2157 βεστάρχης
854 2077 1091 2154 Κωνσταντΐνος
1125 2080 1140 2141 ό
1174 2080 1314 2165 Δοόκας,

212 2166 387 2254 ἀδελφιδῆς
412 2172 470 2234 τού
498 2169 700 2256 πατριάρχου
723 2175 872 2250 σύνευνος
895 2179 1134 2262 καθιστάμενος,
1160 2188 1214 2249 καί
1234 2189 1315 2248 πολ-

91 2280 111 2337 i.
120 2281 201 2337 1781.
212 2266 269 2352 λὴν
293 2261 418 2334 εύνοιαν
441 2268 549 2346 διδούς
569 2275 625 2338 καί
647 2271 819 2356 λαμβάνων
833 2277 964 2343 ἐκεῖθεν.
1008 2275 1077 2347 εἶτα
1100 2287 1156 2367 τῆς
1177 2307 1313 2369 τυρευο-

209 2372 305 2453 μένης
326 2372 444 2454 βουλῆς
463 2373 645 2456 ἐκραγείσης
678 2377 827 2458 εἰσῆλθον
856 2372 991 2455 άπαντες
1022 2379 1052 2446 οἱ
1068 2384 1194 2468 ιταότης
1217 2383 1358 2472 ε’ξόρ-γο

210 2491 329 2550 χοντες,
353 2464 395 2544 τός
418 2473 453 2534 δὲ
475 2469 581 2535 καί-οἱ
601 2466 868 2558 συμμετέχοντες,
888 2525 924 2544 ..
947 2526 955 2545 .
977 2481 1032 2547 καί
1050 2487 1197 2568 μέγιστον
1219 2488 1313 2568 τέμε-

212 2591 263 2643 νος
286 2572 341 2653 τῆς
370 2575 428 2633 τού
452 2574 534 2633 δεού
560 2570 699 2657 μεγάλης
717 2578 845 2661 σοφίας,
867 2582 1074 2664 σκηπτόμενοι
1104 2583 1157 2649 τόν
1176 2589 1312 2668 βασιλέα

211 2665 267 2744 τὰς
288 2665 447 2753 συνθήκας
469 2673 561 2756 σφτύν
584 2670 784 2757 προδιδόναι,
810 2680 1051 2762 διομοσαμένων
1073 2681 1127 2750 τόν
1142 2685 1311 2772 Κομνηνόν

282 2829 435 2899 taberga
454 2836 743 2909 κατασκευαζομένης.
836 2841 879 2892 21.
900 2878 907 2892 .
929 2878 935 2892 .
957 2846 978 2912 .]
1000 2846 1040 2904 εἰς
1057 2840 1086 2901 τό
1104 2847 1310 2924 περιύνομονλ

211 2999 322 3046 vocatus
342 3001 369 3044 et
388 2992 499 3050 illustris
520 3013 611 3052 omnes
632 3002 876 3068 exspectationibus
896 3007 1051 3073 extollebat,
1071 3013 1146 3078 quasi
1165 3015 1308 3071 afluenou

212 3065 387 3118 oberraturos.
427 3069 617 3136 exsplendebat
635 3081 722 3124 autem
740 3077 823 3143 magis
849 3079 946 3130 ceteris
972 3085 999 3130 et
1026 3082 1101 3134 fortis
1120 3085 1147 3135 iu
1165 3084 1217 3138 hoc
1235 3087 1308 3140 bello

212 3139 333 3204 apparuit
361 3147 387 3188 et
413 3139 498 3193 clarus
524 3141 691 3210 Nicephorus
719 3149 846 3215 magister
864 3148 1018 3203 Botaniates
1047 3168 1062 3202 e
1086 3170 1188 3222 genere
1207 3157 1308 3213 habens

211 3207 310 3260 illustri
329 3208 498 3274 splendorem
518 3221 545 3263 et
563 3214 676 3281 gloriam
697 3218 801 3283 imperii
822 3229 848 3270 et
873 3222 988 3274 virtutis.
1152 3294 1155 3299 1
1312 3251 1316 3255 ’

310 3277 420 3330 Post-ero
441 3291 528 3334 autem
548 3285 590 3334 die
610 3288 682 3338 vires
701 3289 836 3354 recipiens
855 3292 882 3342 in
903 3293 955 3356 via,
976 3311 1044 3362 quae
1062 3298 1094 3349 ad
1113 3300 1213 3367 regiam
1233 3301 1308 3354 fere.

209 3347 263 3409 bat,
283 3349 323 3397 ire
344 3352 449 3417 coepit:
471 3361 496 3404 et
514 3363 654 3422 antequam
673 3357 768 3409 finibus
788 3363 1013 3430 appropinquaret
1030 3369 1113 3432 urbis,
1133 3371 1275 3424 consilium
1293 3389 1309 3424 a

142 3403 157 3421 ⁸
211 3417 365 3484 quibusdam
379 3425 574 3490 magistratibus
588 3436 681 3478 contra
690 3443 782 3495 regem
794 3431 1025 3502 Constantinopoli
1036 3439 1209 3507 tangebatur:
1221 3452 1309 3495 utrum

210 3497 297 3540 autem
318 3493 396 3566 ctiam
417 3497 538 3560 pontifex
562 3499 688 3548 maximus
711 3508 737 3550 et
756 3504 908 3567 patriarcba
926 3506 1079 3562 Kerularius
1105 3511 1163 3570 cium
1182 3513 1224 3566 his
1243 3532 1308 3581 par.

209 3561 294 3627 ticeps
314 3562 396 3614 luerit
410 3566 526 3630 consilii,
546 3584 641 3631 necne,
661 3570 791 3622 incertum
809 3574 932 3642 nihilque
952 3578 1067 3630 clarum:
1087 3591 1174 3633 tamen
1194 3601 1227 3634 ex
1246 3588 1308 3652 opi.

209 3632 333 3685 uionibus
360 3643 386 3684 et
415 3654 447 3688 ex
475 3640 507 3689 iis
533 3655 600 3707 quae
625 3649 687 3706 post
714 3641 781 3694 haec
809 3647 972 3712 acciderunt,
997 3653 1115 3717 suspicio
1135 3655 1166 3704 ad
1186 3657 1309 3708 veritatis

210 3704 500 3769 quandamobscuram
525 3726 668 3778 progressa
693 3723 734 3765 est
761 3718 998 3784 significationem:
1025 3725 1122 3774 etenim
1148 3742 1207 3776 cum
1226 3727 1308 3780 Gom-

209 3787 279 3822 neno
299 3779 386 3826 omnia
405 3779 535 3833 tolerabat
555 3791 581 3832 et
600 3785 733 3852 particeps
753 3789 831 3838 etiam
856 3790 933 3854 primi
953 3792 1058 3842 consilii
1078 3799 1308 3863 cognoscebatur,

208 3850 237 3893 ut
264 3845 342 3897 etiam
367 3850 498 3901 amicitiae
525 3863 551 3904 et
576 3854 697 3921 dignitati
725 3866 750 3908 ct
769 3859 890 3910 affinitati
916 3862 1050 3925 proximus
1069 3869 1212 3920 vestiarius
1232 3870 1307 3923 Con-

208 3915 338 3966 stantinus
358 3917 445 3970 Duces
470 3925 743 3990 neptispatriarchae
763 3931 861 3980 coniux
879 3929 981 3995 iactus,
1003 3942 1029 3984 et
1056 3936 1163 3988 multam
1183 3940 1307 3993 benevo-

208 3983 316 4035 lentiam
344 3988 456 4040 reddens
486 4001 512 4042 et
539 3997 674 4060 accipiens
700 3999 780 4050 inde:
806 4001 901 4052 deinde
922 4018 979 4052 cum
999 4005 1146 4059 institutum
1166 4013 1309 4065 consilium

207 4055 363 4107 dissolutum
389 4069 474 4123 esset,
495 4064 608 4130 ingressi
634 4077 694 4119 sunt
724 4084 815 4123 omues
843 4074 899 4122 cius
917 4083 1064 4145 auctores,
1084 4088 1113 4129 ut
1139 4083 1217 4133 etiarn
1242 4099 1306 4149 par-

122 4187 126 4194 *
206 4127 302 4194 ticipes
329 4131 392 4202 eius¹
411 4131 438 4181 iu
459 4169 464 4180 .
486 4171 492 4183 .
512 4169 519 4184 .
541 4142 566 4184 et
591 4139 730 4189 maximum
756 4142 846 4192 lanum
865 4158 976 4212 maguae
1001 4147 1044 4198 dei
1063 4151 1219 4217 sapientiae,
1240 4169 1306 4204 cau-

207 4211 261 4246 sam
292 4199 449 4266 afferentes,
481 4207 551 4272 quod
583 4221 630 4258 rex
661 4219 739 4275 pacta
770 4228 818 4264 sua
848 4215 989 4287 proderet,
1022 4236 1080 4272 cum
1111 4222 1227 4288 polliciti
1259 4241 1305 4277 cs-
