2875 4734
45 363 49 375 ,
145 321 148 326 ,
228 290 299 362 116
368 232 409 378 ¹*
521 286 740 387 micernius
770 281 1029 353 amuuoraa

225 456 268 541 τρῖ
291 460 425 535 συνεχεῖ
442 452 498 536 τής
521 453 656 530 διώξεως
679 446 723 532 μή
749 444 979 531 διανοούμενοι,
1000 441 1059 527 τήν
1081 449 1148 506 των
1164 435 1330 521 Ῥωμαίων

224 559 282 636 γῆν
311 552 474 676 υπόφορον
508 542 653 633 αάτάνή
681 545 857 634 μηλόβοτον
879 546 1104 630 πεποιήκασιν,
1125 542 1168 617 ὥς
1189 538 1241 604 διά
1266 540 1330 605 τάν

127 653 134 666 Χ
223 653 385 735 ἡμετέρων
407 652 633 737 δστερημάτων
654 652 921 734 ἀναπληροῦσθαι
940 644 978 710 τά
1004 642 1130 710 ἐκείνων
1149 628 1327 722 θελήματα.

320 753 417 818 Ἀλλά
440 757 533 817 τοῦτο
554 757 613 832 μὲν
635 774 757 825 ουτως·
811 743 1047 812 suessionis&
1069 769 1086 807 ο
1108 740 1262 824 βασιλευς
1282 741 1328 815 εἰς

222 851 279 916 τὸν
301 853 430 936 χάρακα
445 852 524 932 μετὰ
539 850 596 934 τήν
617 852 820 932 τωνέχθραῖν
833 841 1073 930 άποσόβησιν,’
1059 845 1139 927 e'yam
1152 840 1207 926 τήν
1226 841 1327 926 α’κρά-
1307 853 1353 906 -5

164 1000 166 1008 1
222 960 312 1018 πολιν
350 954 406 1036 τῆς
433 947 637 1034 Ἱεραπόλειος
669 952 822 1015 ἐνοικίσαι
859 951 915 1013 καί
945 943 1122 1028 ’στρατηγόν
1159 946 1327 1023 α’ποδεῖξαι

223 1054 364 1137 ταύτης,
397 1056 448 1138 ἐφ’
472 1044 497 1142 ᾦ
518 1051 596 1117 κατά
626 1052 820 1135 μικρόνκαί
839 1046 895 1132 τήν
928 1043 1026 1131 ditm
1052 1044 1144 1111 πόλιν
1156 1046 1325 1129 Ῥωμαίων

222 1156 372 1238 γενέσθαι
396 1152 450 1217 καί
470 1154 644 1236 Ἀρμενίων
662 1149 906 1235 κατοικητήριον.
952 1149 1007 1212 καί
1029 1145 1080 1210 διά
1104 1149 1195 1212 τοῦτο
1214 1149 1325 1232 χρονί-

224 1279 284 1328 οας
307 1255 424 1333 ἐκεῖσε,
446 1257 501 1319 καί
531 1252 689 1338 φρουράν,
712 1246 772 1334 ὅση
797 1276 845 1326 τις
867 1248 970 1315 ἐδόκει
991 1246 1071 1334 πρδς
1093 1247 1239 1336 φυλακήν
1252 1247 1325 1313 ἀδ-

224 1349 361 1438 τάρκης,
397 1358 451 1420 καί
472 1353 649 1440 στρατηγόν
682 1349 855 1437 ἐπιστήσας
878 1349 1112 1433 Φαρασμάτιον
1133 1353 1250 1415 ἐκεῖνον
1268 1354 1326 1432 βί-
1335 1355 1370 1409 10

223 1481 301 1538 στην
333 1451 387 1519 τάν
410 1453 609 1538 Ἀποκάπην,
631 1457 664 1532 ἐξ
681 1447 858 1535 Ἀρμενίων
884 1449 917 1514 τά
938 1452 1026 1533 γένος
1046 1452 1195 1531 ἕλκοντα,
1213 1454 1340 1535 χάραν,

222 1557 339 1620 δέδωκε
360 1564 426 1631 τοῖς
451 1557 600 1630 ἐναντίοις
621 1551 886 1618 άναιιαλέσαοθαί
904 1575 936 1616 τε
965 1550 1022 1635 τήν
1048 1542 1142 1636 ήτταν
1162 1551 1218 1616 καί
1236 1554 1325 1616 άντί-

119 1701 124 1709 -
220 1661 307 1718 κολα
324 1659 495 1739 φέρεσθαι.
541 1654 597 1718 καί
617 1656 674 1730 ἕως
694 1657 754 1734 μὲν
775 1655 1104 1734 ἐστρατοπεδευμένος
1124 1647 1140 1715 ὅ
1162 1656 1226 1716 τάν
1243 1647 1324 1718 ‘Pos-

219 1756 324 1833 μαίων
359 1752 495 1838 στρατὸς
523 1757 734 1835 διεδείκνυτο,
769 1752 849 1817 κατά
879 1753 991 1838 χάραν
1013 1751 1271 1833 ἐδάκουνμένειν
1294 1751 1324 1818 οἵ

212 1845 368 1938 νΑραβες·
411 1856 455 1930 ὥς
483 1859 511 1919 δ’
535 1855 738 1938 ἀναστρέψας
756 1855 813 1938 τήν
832 1852 989 1936 στρατιάν
1022 1849 1122 1928 εάθάς
1143 1856 1203 1917 τοῦ
1222 1878 1323 1940 φρου-
1333 1854 1367 1921 15

222 1955 294 2039 ρίου
315 1960 372 2019 τοῦ
393 1957 487 2035 Ἀζάς
509 1951 663 2040 ήλαυνεν,
697 1951 832 2040 ήρξαντο
860 1955 1024 2039 σποράδην
1054 1958 1089 2019 ἐκ
1109 1955 1323 2038 διαστήματος

218 2053 301 2121 κατά
323 2055 356 2119 τὸ
382 2059 561 2138 εἰθισμένον
582 2058 691 2132 αάτοίς
716 2058 956 2141 ἐπιφαίνεσθαι,
979 2059 1035 2119 καί
1053 2054 1129 2139 περί
1145 2054 1203 2140 τήν
1225 2055 1322 2139 οὖρα-

191 2160 290 2240 .γίαν
312 2156 463 2233 πολλάκις
491 2161 722 2239 ἐπιτιθέμενοι,
750 2152 773 2240 ή
802 2155 856 2221 καί
874 2154 950 2231 τοδς
980 2153 1019 2221 τά
1043 2162 1128 2221 σιτία
1147 2158 1321 2237 μετακομί-

219 2259 345 2338 ζοντας,
357 2255 502 2323 ,ἐλύπουν
522 2257 595 2335 τούς
614 2257 799 2341 Ῥωμαίους,
822 2253 865 2332 uic
886 2251 925 2321 ἐν
947 2260 980 2337 ἐξ
995 2259 1170 2340 ἐπιδρομής
1190 2258 1246 2320 καί
1265 2254 1319 2318 λα’·

217 2380 279 2442 χου
302 2359 360 2434 τάς
381 2360 541 2434 ἐπιθέσεις
556 2362 596 2444 Ιἐν
624 2362 668 2444 τῷ
691 2353 838 2443 λεληθότι
866 2356 1061 2437 ποιούμενοι.
1106 2352 1192 2436 ὅμως
1214 2357 1245 2419 δ’
1262 2345 1366 2419 misto

216 2458 500 2544 καταφραξάμενος
538 2455 699 2543 ἑκηβόλοις
733 2462 790 2525 καί
818 2466 1007 2534 πελτασταῖς
1041 2453 1057 2521 δ
1094 2454 1246 2541 βασιλεδς
1286 2455 1319 2521 τὸ

216 2554 455 2639 στρατόπεδον,
491 2548 573 2624 odem
595 2563 872 2645 τεθωρακισμένον
899 2557 979 2623 αὐτὸ
1003 2559 1092 2641 διήγε
1110 2556 1166 2621 καί
1182 2554 1240 2634 τάς
1257 2560 1320 2622 τῶν

122 2715 127 2740 ,
216 2661 345 2742 ἐχθράν
366 2662 547 2745 προσβολάς
567 2658 688 2749 ῥηιδίως
712 2656 978 2742 α’ποκροοόμενον,
998 2661 1059 2734 ἕως
1074 2654 1108 2723 ἐν
1127 2662 1170 2745 τῷ
1190 2658 1320 2746 φανερῷ

217 2762 273 2825 καί
299 2754 389 2850 μάχη
418 2762 548 2844 νικήσας
582 2753 681 2838 αὖθις
716 2757 792 2835 τούς
822 2763 982 2837 ἐναντίους
1009 2763 1053 2848 τῷ
1086 2759 1230 2848 φρουρίῳ
1261 2760 1321 2825 τοῦ

291 2929 333 2983 17.
352 2927 520 3005 adportari).

218 3093 379 3146 Graecorum
397 3101 495 3147 terram
513 3093 675 3161 vectigalem
694 3094 746 3146 sibi
764 3100 810 3145 aut
827 3093 918 3146 ovium
936 3102 1039 3161 pastum
1065 3094 1204 3158 iecerunt,
1223 3092 1260 3160 ipa
1288 3100 1317 3146 ut

191 3219 194 3224 ,
214 3166 316 3219 nostris
335 3167 454 3232 peccatis
474 3165 638 3232 compleatur
656 3165 764 3216 illorum
783 3163 919 3218 voluntas.

314 3251 367 3304 Sed
380 3253 432 3303 hoc
446 3253 551 3320 quidem
570 3252 634 3305 tale.
654 3268 780 3304 reversus
799 3260 886 3304 autem
904 3269 953 3304 rex
965 3254 999 3305 ad
1016 3253 1116 3305 vallum
1132 3251 1251 3304 hostibus
1270 3251 1316 3303 iu.

214 3322 300 3388 gatis,
327 3324 419 3375 statuit
447 3325 503 3374 arci
530 3323 683 3390 Hierapolis
714 3323 835 3376 homines
864 3323 1003 3390 imponere
1023 3333 1050 3376 et
1067 3325 1160 3375 ducem
1179 3323 1316 3375 declarare

213 3392 310 3456 buius,
336 3401 365 3446 ut
389 3393 467 3446 brevi
496 3395 573 3446 etiarn
604 3395 690 3447 altera
712 3395 790 3446 lieret
808 3394 968 3447 Graecorum
992 3396 1054 3448 nrbs
1082 3402 1109 3447 et
1131 3395 1317 3447 Armeniorum

213 3465 310 3517 sedes:
331 3473 358 3517 et
374 3474 517 3533 propterea
535 3482 646 3520 versans
666 3465 703 3516 ibi
723 3473 752 3515 et
776 3467 946 3532 praesidium,
972 3474 1096 3535 quantum
1125 3465 1267 3533 vilebatur,
1283 3466 1316 3516 ad

213 3535 360 3588 custodiam
379 3537 517 3589 sufficiens
537 3545 564 3587 et
585 3538 679 3589 ducem
698 3537 857 3603 praeficiens
885 3536 1089 3592 Pharasmatium
1117 3536 1193 3589 illum
1212 3539 1314 3590 vestia-

212 3608 278 3659 rium
297 3609 443 3676 Apocspen
467 3607 500 3660 ab
518 3607 651 3661 Armeniis
670 3623 756 3675 genus
781 3609 930 3674 ducentem,
949 3609 1037 3660 locum
1057 3611 1132 3663 dedit
1150 3608 1270 3662 hostibus
1286 3614 1316 3657 ut

212 3679 380 3746 corrigerent
399 3679 500 3732 cladem
521 3687 547 3732 et
567 3691 649 3747 pares
665 3679 821 3745 evenirent:
841 3687 921 3748 atque
934 3681 1020 3733 donec
1038 3682 1066 3734 in
1086 3682 1180 3733 eastris
1196 3682 1315 3737 Graeco.

211 3763 269 3799 rum
289 3751 422 3802 exercitus
448 3758 590 3819 appareret
618 3753 645 3802 in
673 3750 735 3804 loco
762 3766 902 3803 remanere
930 3751 1089 3805 videbantur
1112 3753 1230 3806 Arabes:
1256 3765 1315 3802 cum

212 3825 302 3870 autem
319 3820 459 3872 retrahens
477 3825 625 3880 exercitum
645 3824 676 3874 ad
703 3822 842 3875 castellum
870 3825 945 3877 Analr
970 3824 1186 3890 proficisceretur
1214 3837 1315 3889 coepe.

180 3941 185 3952 ,
204 3897 273 3946 ,runt
293 3891 403 3956 sparsim
423 3908 456 3943 ex
473 3893 619 3947 intervallo
637 3909 712 3946 more
731 3909 779 3946 sno
799 3909 939 3963 apparere,
959 3903 986 3946 et
1003 3894 1110 3947 ultimos
1122 3907 1315 3963 saepesggre-

211 3961 332 4025 dientes,
350 3969 397 4012 aut
406 3965 496 4016 etiam
516 3981 562 4016 eos
582 3967 627 4048 qui
648 3966 807 4018 frumentum
827 3965 1010 4033 apportabant,
1032 3965 1164 4018 vexabant
1188 3967 1315 4028 Graecos,

210 4038 240 4083 ut
258 4033 416 4086 occursione
438 4042 465 4087 et
483 4036 587 4088 insidiis
607 4037 720 4103 impetus
741 4053 774 4089 ex
803 4036 909 4089 occulto
936 4037 1075 4090 iacientes
1122 4046 1209 4090 tamen
1234 4037 1316 4104 igitur

210 4103 322 4172 cingens
343 4119 391 4171 per
409 4104 572 4158 iaculatores
592 4115 619 4158 et
643 4115 758 4161 cetratos
777 4123 826 4160 rex
830 4109 1007 4178 exercitum,
1035 4110 1072 4160 ita
1100 4109 1230 4161 firmatum
1255 4121 1332 4157 eum1

210 4175 374 4244 perducebat
393 4185 421 4229 et
438 4175 554 4233 bostium
572 4179 686 4246 impetus
705 4180 788 4231 facila
804 4154 991 4247 repellentem,
1010 4181 1122 4232 donec'
1115 4197 1143 4234 ur
1168 4186 1263 4248 aperto
1287 4186 1316 4229 et
