2875 4734
579 255 787 331 ursronri.
1144 242 1231 330 sos

133 433 319 510 τιθεμένων,
344 426 421 513 πρός
444 457 473 496 τι
499 421 632 509 άναντες
656 439 710 499 καί
729 432 835 518 τραχό
856 433 975 514 χωρίον
995 429 1051 515 τήν
1076 434 1160 498 λδιλιν
1174 457 1234 496 κα-

133 528 332 613 ταυκήνωσιν
352 531 542 616 ἐποιήσατο,
561 535 742 616 ’,δωματίοις
770 537 946 616 έπιστέγοις
974 529 1233 616 έπιγαννόμενος,

133 633 189 695 καί
209 627 338 714 φεόγων
363 628 420 715 τήν
445 633 480 695 έιι
501 635 556 716 τῆς
578 638 788 718 σκηνοπηγίας
811 631 1010 717 ένσκήνωσιν.
1054 631 1132 696 ἔνθα
1154 633 1234 715 δήτι

134 734 189 795 καί
195 733 325 814 συνέβη
349 734 410 796 τῶν
431 738 593 817 προτέρων
616 736 673 796 ουίι
695 733 822 800 ἔλαττον
833 736 878 808 είς
902 735 1145 816 κακοδαιμονίας
1157 733 1235 798 οἰά-

105 819 259 910 5νισμα..
297 832 363 912 πάρ
395 830 455 915 γάρ
483 838 581 895 ποθεν
609 836 746 916 έναχθὲν
774 834 846 908 τούς
882 833 1000 915 δόμους
1030 830 1178 914 έκείνους,
1199 836 1235 898 έν

133 922 181 1006 οἷς
201 931 218 993 o‘
241 930 394 1012 βασιλεός
424 929 651 1018 έγκατῴιιιστο,
679 931 759 1013 μετά
784 938 899 1016 πσλλής
916 935 972 1016 τής
993 936 1072 1017 η’χής
1093 935 1236 1018 έξαφθέν

132 1035 328 1113 κατενέμετο.
371 1035 428 1096 καί
444 1032 556 1096 πολλοί
575 1037 633 1114 μὲν
656 1037 857 1118 συνέδραμον
874 1037 918 1110 τός
936 1033 991 1118 τήν
1010 1034 1114 1096 αότοό
1132 1031 1236 1099 κατά-

132 1140 242 1217 σβεσιν
271 1137 326 1196 καί
346 1129 538 1218 άπόπαυσιν,
564 1137 667 1218 ὀλίγον
687 1138 773 1200 δέτι
795 1143 861 1211 τοῖς
879 1141 1055 1217 βασιλικοῖς
1074 1142 1237 1221 παρεβοή-

131 1243 239 1321 θησαν
269 1230 470 1316 πράγμασιν·
524 1232 560 1298 οἱ]
585 1233 646 1318 γάρ
682 1241 741 1300 τοῦ
763 1237 920 1318 βασιλέως
954 1238 1062 1319 ἵπποι,
1097 1232 1168 1302 ὅσοι
1197 1235 1236 1303 τά

87 1338 245 1421 1θπραῖτα
268 1337 332 1398 τοῖν
356 1325 460 1399 άλλων
494 1337 683 1420 ἐκέκτηντο,
706 1339 762 1400 καί
785 1334 822 1398 τά
849 1336 912 1399 τοῖν
932 1328 1036 1400 όπλων
1064 1342 1236 1422 τιμιάτερα

133 1438 190 1500 καί
208 1435 335 1516 χαλινοί
356 1438 412 1499 καί
435 1433 580 1519 ὀχήματα
607 1438 728 1522 βρῶσις
759 1434 844 1517 δμοό
874 1437 931 1499 rori
959 1433 1061 1520 πυράς
1088 1437 1236 1519 γεγόνασι

134 1534 190 1600 καί
219 1540 400 1610 κατάποσις.
450 1536 540 1614 μόλις
565 1538 593 1599 δ’
626 1530 682 1600 οὖν
711 1534 917 1621 ἠδυνήθησαν
945 1561 1017 1601 τινα
1041 1540 1103 1610 τοῖν
1132 1532 1237 1603 ἄλλων

134 1637 314 1720 ἀποφυγεῖν
334 1632 390 1719 τήν
411 1639 468 1706 τοῦ
495 1634 595 1718 πυρός
623 1636 735 1720 έρωήν.
784 1638 885 1718 ἕτεροι
917 1637 1035 1701 diruis
1056 1637 1160 1701 λ’ππων
1182 1636 1238 1702 καί

134 1731 277 1820 ἡμιόνων
298 1734 487 1821 ἡμίφλεκτοι
508 1735 665 1819 γεγονότες
687 1736 837 1816 ἐβάδιζον
859 1739 892 1800 έν
913 1740 952 1823 τῇ
972 1739 1119 1824 στρατιᾷ,
1141 1737 1236 1801 ου’δέν

88 1851 124 1902 15
134 1838 294 1910 λυσιτελές
319 1834 551 1919 παρεχόμενοι,
582 1834 762 1918 μαρτυρίαν
786 1839 821 1900 δέ
848 1836 1085 1921 διεμφαίνοντες
1114 1842 1170 1922 τής
1203 1841 1237 1903 έν

133 1944 198 2011 τοῖς
218 1940 394 2017 βασιλείοις
413 1940 661 2020 προσγενομένης
684 1935 854 2020 κακότητος
887 1939 943 2000 καί
964 1941 1020 2020 τής
1043 1940 1237 2023 συμβολικής

134 2039 168 2100 έν
191 2031 292 2101 ἅπασι
316 2039 501 2113 διαθέσεως.
626 2105 631 2118 ,

231 2135 329 2202 Ἀλλά
351 2142 454 2202 ταῦτα
475 2143 535 2221 μέν
558 2133 691 2221 όστερον
713 2137 750 2202 τό
769 2139 968 2220 α’ποτέλεομα
988 2143 1265 2224 συνεπέραινεν·ῐ.
1280 2152 1332 2210 196
1342 2169 1370 2211 τ.

95 2259 114 2280 s
135 2239 152 2303 ό
175 2241 210 2302 δὲ
231 2236 383 2318 βασιλεύς
408 2239 655 2321 διαπεραιωδείς
679 2235 736 2301 τόν
758 2239 923 2323 Σαγγάρην
943 2236 1083 2320 ποταμόν
1104 2238 1159 2304 διά
1180 2241 1237 2323 τής

85 2343 193 2412 νοτοό
217 2329 349 2419 Ζόμπου
374 2341 567 2423 καλουμένης
585 2335 741 2424 γεφόρας,
763 2331 881 2423 ήρξατο
905 2337 963 2414 τάς
986 2338 1237 2422 ὑπολειπομένας

137 2443 361 2522 συναθροίζειν
384 2437 554 2520 δυνάμεις·
607 2431 687 2524 ήσαν
719 2439 781 2523 γάρ
805 2437 835 2504 οἱ
864 2443 919 2523 τής
942 2444 1090 2524 στρατιάς
1113 2443 1238 2506 διεσκε-

137 2543 291 2621 δασμένοι
317 2540 396 2605 κατὰ
430 2537 549 2626 λόφους
582 2541 638 2604 καί
664 2540 826 2626 σήραγγας
855 2544 911 2605 καί
937 2539 1140 2628 κρησφόγετά
1163 2565 1235 2606 τινα
1268 2527 1271 2532 ’

137 2639 191 2705 καί
212 2633 314 2723 άντρα
336 2640 388 2705 διά
412 2640 471 2726 τήν
492 2645 774 2728 προδεδηλωμένην
803 2641 1060 2727 τῶνβαρβάρων
1082 2639 1235 2709 ἐπίτασιν.
1304 2721 1310 2728 x

137 2743 308 2818 καταλέξας
330 2743 358 2805 δ’
387 2735 445 2807 οὖν
474 2737 567 2820 ὅσους
597 2743 680 2831 αὐτῷ
701 2747 884 2834 βουλομένην
903 2744 997 2828 ένήν,
1018 2742 1186 2820 πλείστους
1207 2745 1237 2808 δ’

138 3029 259 3082 domibus
278 3031 356 3083 tectis
375 3032 493 3098 gaudeus
513 3041 540 3084 et
559 3031 665 3100 lugiens
686 3039 773 3082 castre
792 3044 860 3097 quae
882 3031 1005 3081 tentoriis
1023 3027 1136 3096 figendis
1154 3027 1236 3082 flunt:

138 3102 184 3152 ubi
205 3102 282 3152 etiam
303 3101 403 3170 aliquid
420 3105 526 3165 accidit,
552 3103 622 3168 quod
642 3101 775 3167 prioribus
801 3114 855 3170 non
872 3100 959 3150 minus
978 3100 1010 3149 ud
1027 3098 1159 3149 infaustae
1179 3099 1237 3151 for.

138 3181 218 3223 tunae
242 3188 319 3223 omen
349 3171 504 3239 pertineret.
549 3173 618 3242 ignis
645 3173 714 3220 enim
739 3169 863 3221 alicunde
887 3167 979 3221 illutus
1008 3170 1099 3220 domos
1119 3167 1190 3234 illus,
1208 3171 1236 3219 in

138 3244 233 3310 quibus
252 3247 300 3295 rex
319 3242 463 3303 habitabat,
482 3239 565 3290 multo
586 3257 644 3291 cum
671 3240 799 3309 clangore
823 3256 952 3291 accensus
971 3240 1133 3292 devastavit:
1156 3249 1236 3310 utque

136 3314 212 3365 multi
238 3316 342 3382 quidem
369 3313 401 3362 ud
428 3311 627 3377 restiguendum
654 3328 711 3363 eum
732 3321 757 3363 et
775 3311 915 3364 delendum
937 3319 1138 3375 concurrerunt,
1157 3314 1236 3380 pauci

136 3393 224 3436 nutem
251 3386 334 3452 regiis
359 3390 547 3435 succurrerunt
571 3382 660 3434 rebus.
706 3384 767 3451 equi
793 3384 863 3433 enim
881 3385 963 3451 regis,
988 3391 1119 3451 quotquot
1137 3399 1237 3435 summa

135 3457 249 3507 aliorum
276 3454 393 3521 praemia
417 3453 601 3519 obtinuerant,
628 3464 654 3506 et
678 3469 808 3505 armorum
835 3470 904 3521 quae
930 3462 1004 3506 erunt
1022 3453 1133 3504 inarime
1152 3455 1237 3505 sesti.

135 3536 215 3591 mato,
236 3535 263 3577 ct
280 3525 356 3575 frena
376 3533 403 3575 et
421 3526 489 3576 curri
509 3525 583 3577 cibus
598 3525 675 3579 simul
694 3527 765 3593 iguis
786 3525 855 3576 facta
873 3533 974 3577 suntet
992 3531 1079 3591 potus.
1117 3524 1163 3574 vix
1181 3525 1237 3592 igi.

135 3607 181 3648 tur
199 3603 344 3663 potuerunt
363 3596 491 3663 quaedam
511 3605 660 3648 ceterorum
680 3590 800 3664 effugere
820 3598 890 3664 ignis
910 3596 1045 3661 impetum.
1084 3591 1131 3643 ulii
1150 3602 1238 3645 sutem

138 3682 268 3736 equorum
296 3667 478 3734 mulorumque
507 3669 627 3720 semiusti
645 3668 718 3718 ibunt
737 3670 765 3717 iu
785 3667 905 3717 exercitu
928 3664 999 3715 nihil
1018 3663 1085 3713 utile
1103 3664 1238 3729 praeben.

111 3775 116 3780 -
135 3750 198 3802 tes,
217 3737 397 3788 testimouium
417 3745 503 3788 autern
522 3738 693 3790 ostendentes
712 3737 774 3788 mali
795 3737 866 3804 quod
884 3736 968 3802 regiis
986 3733 1067 3785 rebus
1086 3735 1232 3800 acciderat,

138 3819 165 3861 et
183 3808 348 3878 significatae
361 3810 388 3860 in
408 3809 528 3861 omnibus
547 3810 741 3876 dispositionis.
780 3808 827 3859 sed
845 3807 912 3857 haec
922 3803 1027 3873 quidem
1046 3814 1139 3872 postca
1151 3823 1237 3860 eren.

137 3890 191 3932 tum
214 3879 371 3943 habuerunt?
1163 3927 1168 3933 ,

207 3969 209 3974 ν
237 3951 296 4002 liex
316 3959 404 4001 nutem
423 3960 603 4019 transgressus
615 3950 741 4018 Sugurem
760 3948 869 3999 lluvium
888 3964 936 4014 per
954 3957 1073 4015 pontem,
1093 3949 1138 4018 qui
1156 3948 1239 4001 Zom.

138 4037 187 4089 pus
207 4022 313 4086 dicitur,
334 4023 423 4088 coepit
441 4022 549 4074 relictus
569 4022 702 4089 colligere
723 4022 804 4072 vires.
844 4027 919 4071 erant
931 4022 998 4070 enim
1010 4021 1108 4072 milites
1125 4018 1238 4084 dispersi

137 4094 165 4143 in
192 4093 308 4145 collibus
340 4101 366 4144 et
392 4093 507 4146 vallibus
536 4102 562 4144 et
588 4093 699 4146 latebris
725 4091 883 4162 quibusdam
912 4100 938 4142 et
966 4092 1099 4158 specubus
1129 4097 1239 4154 propter

138 4171 366 4217 commemoratum
391 4171 468 4215 antea
486 4165 657 4217 harbarorum
682 4165 816 4229 impetum.
855 4162 979 4215 collectis
997 4162 1089 4230 igitur,
1109 4167 1239 4228 quotquot

199 4278 280 4333 ittet.
298 4275 380 4331 Attal.
401 4277 466 4332 Risu
1013 4273 1046 4326 10
