2875 4734
636 268 843 342 ursroart.
884 258 886 265 '
1207 269 1292 347 εδ

192 447 258 510 ρων
282 423 350 490 δ’δ
380 426 532 524 βασιλεύς
559 429 616 496 τδν
633 435 812 518 γογγυσμόν
842 437 904 502 τάν
922 439 1053 520 [πολλῶν
1083 441 1139 505 καί
1158 437 1216 524 τὴν
1236 441 1293 505 λέ-

191 525 444 614 γουσανφὴμην
470 521 518 595 δτι
539 534 721 618 φειδωλιἀς’
743 533 779 601 τὰ
798 533 967 620 Ῥωμαίων
998 531 1236 623 άπεμπολοδντό
1256 564 1293 606 τε

192 632 248 693 καί
270 633 513 714 καταπροΐεντο,
544 629 640 713 έξεισι
671 639 728 719 τη”ς
748 639 996 726 βασιλευούσης,
1025 641 1081 705 καδ
1100 642 1289 727 καταντικρύ

115 737 120 749 ‘
192 728 251 793 τού
272 727 418 812 Ἀθύρος,
437 731 513 817 περί
530 730 625 798 τόπον
658 727 741 801 οὕτω
763 737 958 820 καλούμενον
977 741 1241 826 Χοιροβάκχους,
1260 739 1294 806 ἒν

167 819 219 917 5ᾦ
241 827 296 894 καί
315 830 482 916 βασιλικάς
508 832 759 920 παραπεπήχασι
790 837 937 923 κτη’σεις,
966 838 1085 926 σκηνάς
1106 840 1189 918 ἰδέας
1212 840 1292 925 έπη’-

139 954 145 972 1
195 934 272 1008 ξατο
294 930 350 994 κατ’
369 934 430 997 τοῖν
455 929 515 998 σύν
537 933 635 1023 αύτῷ.
690 937 746 1000 καί
767 931 849 1022 η’σαν
869 943 994 1018 πλείους
1014 943 1075 1005 τῶν
1099 941 1153 1025 ρν’,
1171 942 1213 1023 οδ
1232 965 1293 1006 πο-

195 1023 306 1113 σότητι
330 1034 463 1111 μείζονι.
519 1027 594 1098 ὅθεν
615 1037 671 1099 καί
691 1044 819 1114 πολλοῖς
839 1040 1021 1123 θαυμάζειν
1050 1043 1188 1126 ἐπῆλθεν
1207 1034 1314 1119 ὅπως.
1398 1084 1416 1098 ι»

193 1129 382 1215 τηλικαύτην
416 1131 512 1216 ἰσχύν
540 1133 619 1216 μετά
641 1135 798 1204 τοσούτων
821 1139 838 1204 δ
859 1140 1011 1224 βασιλεύς
1034 1142 1217 1227 άνδραρέων
1238 1144 1292 1228 τῆς

181 1241 182 1246 ’
193 1228 424 1317 βασιλευούσης
446 1229 684 1326 ύπονεχιύρησε,
706 1241 776 1304 δέον
796 1238 945 1326 πρότερον
957 1242 1014 1318 τάς
1034 1239 1117 1319 ἐάας
1140 1240 1294 1326 δυνάμεις

140 1337 382 1414 ’.τοσυνογαγεῖν
403 1331 458 1397 καί
481 1328 583 1414 ούτως
603 1343 776 1426 ἐξορμῆσαι
797 1338 877 1425 πρὸς
908 1339 946 1405 τά
968 1337 1110 1427 ἑσπέρια.
1153 1340 1210 1407 καί
1230 1343 1292 1433 εἰβ-

194 1453 241 1493 κει
262 1433 302 1517 τῇ
316 1434 602 1523 μυθευομένητού
614 1441 774 1524 Διονύσου
798 1444 941 1530 στρατιᾷ,
964 1435 1017 1507 ὅτε
1029 1442 1107 1524 μετά
1129 1445 1191 1510 τάν
1211 1467 1293 1523 μαι-

192 1528 295 1596 νάδων
321 1535 438 1611 ἐκεῖνος
457 1539 513 1600 κατ’
533 1543 594 1605 τοῖν
613 1544 772 1628 Σειληνοόν
802 1545 919 1627 ταύτην
941 1547 988 1608 ἐπ’
1009 1541 1127 1620 Ἰνδούς
1148 1536 1293 1628 ἤλαυνεν.

193 1633 227 1696 ἒν
248 1629 375 1722 τοιαύτῃ
408 1638 443 1701 δὲ
462 1639 575 1706 τούτου
597 1647 787 1733 παρασκευῇ
806 1649 1023 1732 καθεστῶτος,
1043 1647 1195 1729 δρομαῖυί
1210 1670 1294 1723 τινες

194 1735 228 1798 ε’κ
256 1734 319 1798 τοῖν
337 1730 582 1821 ἀπεσταλμένων
612 1744 657 1819 εἷς
684 1744 741 1810 τὸν
754 1739 877 1835 Ἴστρρν
903 1743 1127 1824 ἐπανελθόντες
1155 1750 1294 1831 παντελῆ

152 1855 184 1908 15
193 1837 251 1902 τού
272 1833 385 1914 ἔθνους
407 1839 600 1924 α’πήγγειλοιν
619 1840 764 1936 ὄλεθρον.
806 1851 1017 1935 προέφθασαν
1031 1849 1093 1935 γάρ
1117 1847 1147 1912 οἱ
1171 1850 1293 1931 αἰχμα-

194 1940 397 2016 λωτισθέντες
418 1939 567 2028 ἡγεμόνες
595 1944 757 2035 ρὐσθῆναι
779 1952 833 2033 τῆς
854 1953 980 2014 ἐκείνων
999 1947 1192 2037 χειρός,καί
1210 1947 1294 2032 γνά-

193 2065 256 2122 μας
276 2040 501 2126 εἶσενεγκδντες
522 2051 577 2131 τῆς
610 2051 716 2116 αύτοδν
749 2047 975 2134 καταλύσεως,
1002 2049 1178 2137 φράζοντες
1195 2049 1238 2126 οἷς
1263 2049 1294 2116 θῗ

192 2144 251 2221 μὲν
276 2140 406 2225 λογάδες
430 2147 493 2210 τάν
510 2143 624 2228 Ούζων
643 2148 798 2238 σκάφεσιν
824 2151 976 2233 ἐμβάντες
1003 2154 1189 2236 παραινέσει
1212 2152 1293 2234 [κατ’]

193 2242 255 2305 ταῖν
272 2239 462 2324 Ῥωμαϊκῶν
483 2247 594 2332 α’ρχιύν
617 2253 682 2315 τῶν
704 2254 738 2316 έν
758 2259 823 2328 τοῖς
850 2253 1008 2334 Ἰστρικοϊς
1029 2256 1149 2333 χειλεσι
1170 2251 1292 2314 πόλεων

150 2331 381 2428 ςοτδνἼοτρον
403 2345 633 2434 διαβεβήκεσαν
658 2354 712 2417 καί
733 2351 778 2425 εἰς
798 2349 855 2434 την
879 2355 971 2437 σφῶν
987 2353 1092 2415 ου’τοόν
1113 2352 1292 2434 ε’πανέδρα-

191 2463 264 2525 μον,
288 2445 317 2516 οἱ
339 2447 374 2516 δέ
405 2452 682 2536 περιλειφθέντες,
707 2455 828 2538 πλῆθος
851 2455 907 2516 καί
928 2446 1031 2534 οὕτως
1053 2451 1231 2536 ἀμύθητον,
1254 2449 1290 2516 τδ

192 2546 251 2623 μέν
270 2568 300 2612 τι
321 2546 403 2636 νύσφ
437 2546 565 2642 λοιμικῇ
595 2555 651 2617 aar*
668 2555 751 2643 λιμῷ
777 2556 1044 2639 καταπονηθέντες
1073 2552 1130 2616 καί
1150 2550 1293 2635 ἡμιθνῆ-

134 2732 138 2737 ,
195 2665 242 2719 τες
264 2644 478 2734 τυγχάνοντες,
500 2649 532 2716 τδ
559 2654 593 2718 δὲ
605 2659 661 2721 καί
677 2664 743 2732 τοῖς
763 2658 1005 2742 παρακειμένοις
1019 2653 1218 2741 Βυολγύροις
1239 2655 1293 2717 κατ’

192 2750 255 2822 τοϊς
273 2747 488 2828 Πατζινάκοις
509 2763 829 2845 καταπολεμηθέντες,
850 2752 952 2841 άρδην
983 2754 1146 2824 οἷπούλοντο
1167 2754 1290 2843 οιδὴρηι

183 2961 308 3016 :amerus
326 2961 403 3030 prodi
423 2969 450 3012 et
473 2962 607 3030 proiectas
627 2977 705 3027 esse,
733 2963 869 3030 egreditur
897 2963 981 3030 regia
1003 2969 1030 3013 et
1046 2961 1174 3014 adversus
1201 2962 1291 3029 Athy.

190 3049 249 3100 ¹rom
269 3033 340 3084 circa
366 3033 471 3097 locum,
498 3034 542 3101 qui
569 3033 715 3084 vocabatur
738 3031 977 3096 Choerobacchus,
1003 3033 1031 3083 in
1056 3047 1108 3100 quo
1137 3033 1215 3083 etiam
1242 3048 1290 3083 re.

194 3106 252 3173 gias
279 3105 414 3158 firmarunt
444 3107 648 3171 possessiones,
678 3104 795 3153 tentoria
830 3104 937 3170 propria
970 3103 1027 3153 fixit
1058 3112 1086 3153 et
1112 3117 1235 3166 suorum,
1266 3111 1293 3154 et

196 3184 271 3227 erant
297 3177 387 3245 plures
412 3189 488 3244 quarn
514 3183 618 3224 centurn
642 3175 834 3243 quinquaginta
857 3188 912 3225 aon
939 3174 1038 3225 maiore
1058 3189 1178 3239 numero,
1198 3189 1292 3244 quara.

124 3297 149 3319 „
196 3247 286 3310 obrem
321 3250 399 3301 etiam
431 3244 521 3294 multis
552 3245 688 3297 admiratio
721 3245 847 3311 obvenit,
877 3245 1008 3314 quomodo
1039 3245 1119 3298 talem
1154 3247 1208 3298 rim
1233 3261 1291 3296 cura

195 3321 274 3372 tantis
308 3335 357 3371 rex
383 3315 555 3368 homunculis
586 3317 679 3385 regiae
711 3316 832 3382 subiret,
868 3333 926 3369 cum
953 3332 1066 3370 necesse
1091 3326 1181 3383 esset,
1214 3325 1293 3368 antea

196 3391 340 3444 orientales
368 3391 440 3440 vires
472 3389 622 3440 conducere
653 3397 679 3441 et
703 3390 740 3440 ita
765 3390 857 3458 egredi
884 3390 910 3440 in
942 3390 1116 3441 occidentem.
1165 3397 1193 3440 et
1216 3389 1293 3441 simi.

194 3464 228 3515 lis
254 3471 311 3513 erat
338 3459 459 3512 fabuloso
478 3458 577 3512 Bacchi
606 3462 750 3527 exercitui,
780 3462 884 3531 quando
910 3478 969 3513 curn
987 3461 1099 3513 Bacchis
1124 3460 1173 3511 ille
1203 3468 1230 3510 et
1248 3459 1293 3512 Si.

195 3535 266 3587 lenis
285 3533 336 3583 hoc
356 3540 448 3583 contra
466 3532 545 3585 Indos
563 3533 782 3600 proficiscebatur
800 3534 860 3585 iter.
910 3550 969 3584 cum
994 3540 1080 3583 auteur
1108 3533 1136 3582 in
1154 3530 1202 3583 tali
1222 3539 1294 3583 esset
1330 3578 1332 3583 r
1384 3541 1388 3551 ’

196 3607 241 3657 hic
262 3611 412 3671 apparatus,
433 3606 530 3656 cursim
548 3605 671 3656 nonnulli
690 3605 831 3667 missorum
859 3604 891 3655 ad
909 3605 1005 3656 lstrum
1024 3609 1192 3653 revertentes
1212 3602 1293 3654 abso.
1355 3625 1360 3632 ·

197 3677 278 3729 lutam
297 3675 390 3742 populi
408 3678 563 3728 nuntiarunt
581 3676 737 3743 perniciem.
776 3683 968 3733 antevenerant
988 3676 1057 3725 enirn
1076 3674 1147 3740 capti
1166 3673 1246 3725 duces
1264 3681 1294 3724 ut

196 3747 373 3800 liberarentur
392 3746 497 3800 illorum
511 3763 598 3810 manu,
618 3750 662 3815 qui
682 3748 787 3814 quidem
802 3748 880 3797 etiarn
897 3747 1042 3798 sententias
1055 3745 1184 3796 inferrent
1202 3759 1293 3796 eorum

197 3820 393 3884 dissipationis,
421 3829 558 3872 narrantes
585 3819 716 3886 quomodo
746 3817 844 3868 delecti
863 3816 978 3868 Unoruar
1006 3816 1099 3870 lintres
1118 3818 1293 3869 ascendentes

196 3892 301 3942 hortatu
334 3892 412 3942 etiam
436 3893 595 3945 Graecorum
621 3888 798 3955 imperiorum'
821 3889 924 3940 urbium
949 3890 976 3939 in
998 3889 1065 3941 lstri'
1089 3889 1155 3955 ripis
1185 3888 1294 3954 sitaruru

195 3964 290 4015 latrum
310 3963 464 4013 traiecerint
482 3971 508 4013 et
526 3963 552 4012 in
570 3977 642 4013 snam
656 3963 774 4026 ipsorum
788 3968 884 4011 terram
894 3962 1066 4023 recurrerint,
1087 3958 1176 4010 relicti
1195 3964 1292 4020 autern,

196 4033 335 4085 multitudo
354 4035 392 4084 sic
412 4049 518 4101 quoque
537 4036 642 4102 ingens,
662 4033 756 4097 partim
784 4032 876 4082 morbo
896 4033 1024 4100 pestifero
1043 4040 1069 4082 et
1089 4030 1157 4078 lame
1176 4026 1293 4079 confecti

160 4157 164 4162 ,
197 4113 224 4156 et
242 4105 414 4170 semimortui,
434 4106 528 4173 partim
548 4107 627 4156 etiam
646 4119 696 4170 per
713 4102 866 4158 adiacentes
875 4104 1006 4175 Bulgaros
1025 4111 1052 4153 et
1069 4100 1225 4151 Patainacos
1243 4098 1293 4150 (le.

196 4175 290 4228 bellati
311 4177 428 4232 funditus
447 4167 577 4244 perieiint
596 4177 668 4230 ferro
689 4184 715 4228 et
733 4177 842 4246 ungulis
860 4176 995 4231 brutorum
1014 4169 1165 4236 animalium
1185 4171 1293 4239 stipsis
