2875 4734
565 235 774 306 HISTORIA.
1150 237 1221 308 121

119 405 157 472 τὸ
183 402 321 490 κρημνὸν
339 403 575 483 ἀποτέμνεσθαι
598 403 760 482 μέγιστον.
811 399 855 474 ὥς
875 401 911 464 δέ
932 401 1091 486 α’νέοτησα
1110 401 1225 466 ταύταν

119 509 166 624 166
185 505 302 600 ῥυτῆρι
325 504 429 582 νύξας,
450 499 550 576 εύθύς
573 500 1024 585 διατιναξύμενοςαύτύματος
1044 495 1119 565 δι’ι
1105 502 1224 566 εαυτοῦ

121 609 166 728 16
189 605 316 725 κρημνῷ
336 597 450 668 ἑαυτὸν
473 598 706 686 κατηκόντισεν.
738 600 798 685 ε’μω
822 603 857 668 δὲ
878 607 989 684 μείνας
1012 601 1120 688 δρθδς
1129 601 1224 680 δόξαν

120 709 179 789 μὲν
201 708 243 793 16
269 708 334 791 θερῖ
363 707 417 786 τῆς
439 705 496 767 τού
524 700 669 766 κινδύνου
693 704 880 785 ἐλευθερίας
903 703 1088 786 διέπεμψα,
1110 704 1224 782 θαῦμα

96 809 158 870 566
187 813 252 879 τοῖς
282 809 407 879 πολλοῖς
437 804 692 884 προσενέσταξα,
722 798 829 882 δ’πως,
864 797 930 870 οἷον
963 807 997 868 έκ
1019 798 1225 886 προγνώσεως

122 908 311 989 θειοτέρας,
345 907 404 966 οδκ
428 905 577 985 ἐπέμεινα
607 911 671 979 τοῖς
692 902 802 978 νώτοις
830 906 887 969 τού
915 905 1012 968 ίππου
1035 898 1090 991 (ἢν
1110 899 1171 986 μώρ
1194 925 1224 966 τι

120 1005 238 1089 μικρὸν
259 997 446 1125 6x66cac‚‘'
429 1027 503 1068 οσον
523 1002 698 1090 α’ναστῆναι
717 1006 774 1068 καί
795 1003 878 1069 πάνυ
912 1000 1042 1125 ρώδιον)
1062 1001 1143 1069 ύλλύ
1165 1027 1225 1067 κα-

120 1105 256 1189 ταβοὶς’
241 1131 274 1170 εν
295 1105 386 1189 τάχει
408 1105 448 1168 ού
463 1107 673 1222 σρναπῆλθον
691 1108 735 1191 τῷ
753 1109 880 1202 κρημνῷ
901 1130 953 1168 και
949 1105 1159 1226 συνετρίβην
1182 1099 1224 1178 ώς

121 1203 269 1290 τάχιστα.
313 1205 438 1292 ἵσταντο
467 1203 527 1287 γὰρ
562 1200 673 1280 πάντες
694 1193 850 1288 θεώμενοι
881 1205 915 1270 τύ
937 1204 1052 1286 καινόν,
1072 1201 1143 1269 έπεί
1162 1212 1226 1280 τοίς
1276 1231 1281 1234 ·

78 1318 111 1372 10
120 1331 253 1372 κατοπιν
275 1307 331 1370 ούκ
354 1307 425 1390 ε’ξῆν
449 1310 627 1389 περαιτέρω
649 1307 751 1385 ι’έναι,
775 1308 829 1388 τῆς
855 1304 977 1371 ὁδού’
961 1310 1079 1390 εκείνης
1101 1303 1156 1370 ἕνα
1170 1306 1227 1368 καί

119 1404 218 1490 μόνον
240 1402 467 1490 συγχωρούσης
490 1408 678 1488 διέρχεσθαι
702 1405 755 1468 διὰ
783 1402 818 1469 τύ
841 1403 923 1469 πάνυ
943 1407 1143 1485 στενώτατον,
1164 1406 1223 1478 ἕως

98 1505 231 1592 ,ἐτέρου
254 1530 310 1588 μοι
332 1507 568 1590 προσαχθέντος
593 1504 769 1588 ύπσζυγίου
791 1505 809 1589 6
833 1502 980 1587 ἐπίδοσις
1000 1507 1186 1588 ε’πιχέχονεν.

218 1623 353 1703 Ἐξιούσι
377 1625 406 1687 δ’
424 1622 500 1706 ἡμῖν
524 1619 568 1698 εἴς
591 1647 621 1687 τι
641 1627 761 1707 χωρίον
782 1627 839 1708 τῆς
860 1627 918 1688 τού
940 1625 1113 1688 Ποδαντού
1132 1628 1220 1686 κλει-

123 1727 241 1808 σούρας
263 1722 368 1809 έκτύς,
395 1721 561 1806 Τυψώριον
589 1721 892 1809 κατονομαζόμενον,
921 1725 1012 1809 φήμη
1030 1715 1085 1798 ’τις
1105 1723 1223 1788 έπεπό-

76 1837 110 1891 15
122 1831 199 1890 locs
219 1821 275 1888 τὸν
297 1827 581 1904 καταλελειμμένον
598 1825 631 1886 ἐν
651 1826 818 1908 Μελιτηνῇ
830 1821 1007 1907 στρατηγὸν
1022 1820 1077 1887 ἐπί
1096 1824 1134 1910 τῇ
1156 1847 1223 1909 po·
1317 1837 1322 1844 '

124 1929 205 2012 λακῇ
226 1929 279 2008 τῆς
298 1924 468 2007 Ῥωμαίων
496 1926 552 2008 γῆς
581 1925 723 2006 αἰσχραῖς
753 1926 807 1986 καί
836 1923 1077 2005 βουλεύσασθαι
1107 1927 1163 1987 καί
1184 1922 1221 1987 τύ
1303 1931 1307 1936 ’

123 2027 201 2090 κατὰ
226 2024 280 2090 τδν
299 2024 436 2108 στρατὸν
458 2027 673 2108 οἰκονομῆσαι,
694 2023 749 2088 καί
767 2027 914 2089 τοσούτου
928 2016 977 2089 ὅτι
994 2047 1051 2109 περ
1075 2023 1104 2090 οἱ
1127 2029 1222 2090 πολέ-

119 2148 188 2206 μιοι
211 2123 390 2200 διελθόντες
418 2124 476 2210 την
502 2127 558 2190 τού
588 2127 740 2209 Ἀμορίου
772 2129 933 2190 πολιτείαν
961 2124 1150 2210 ἀνήρπασαν
1170 2128 1224 2190 καί

121 2223 215 2310 φόνον
239 2224 362 2310 ἀνδρῶν
392 2225 555 2312 ἀμύθητον
592 2226 779 2310 πεποιήκασι
807 2229 862 2288 καί
892 2226 1075 2313 πανοικεσίᾳ
1103 2224 1223 2308 ταύτην

72 2325 404 2410 δοῆνδραποδίσαντοι
444 2333 498 2410 τῆς
520 2329 555 2392 δέ
575 2330 778 2410 παρεμβολῆς
808 2328 913 2390 αύιών
934 2329 1110 2411 α’φεθείσης
1130 2327 1164 2389 έν
1184 2326 1222 2412 τῇ

119 2430 181 2492 τού
200 2429 353 2501 Χαλκέιος
374 2429 554 2518 τοποθεσίρι,
581 2424 677 2501 αύτύς
700 2426 762 2492 οἷπό
792 2427 1009 2511 διαστήματος
1030 2423 1138 2510 σ’λίμου
1160 2451 1222 2491 συ-

119 2529 354 2611 νηθροισμένην
373 2525 455 2610 ἔχων
474 2529 530 2613 την
551 2524 706 2614 στρατιὰν
731 2531 765 2594 ἐν
787 2531 832 2616 τῷ
853 2529 911 2593 τού
929 2528 1118 2609 Τζαμαντού
1139 2525 1222 2612 ὄχν-

191 2719 218 2772 3.
238 2718 337 2796 δρδύς]
359 2725 395 2776 θα
416 2722 446 2776 0.

118 2898 183 2966 qnia
200 2912 281 2964 rupes
299 2897 502 2952 abscindebatur
521 2901 641 2953 maxima
680 2909 819 2969 postquam
837 2907 925 2952 autem
950 2899 1024 2950 erexi
1034 2899 1113 2951 bunc
1142 2900 1220 2951 freno

117 2983 251 3036 pungens,
271 2971 357 3021 statim
376 2986 405 3022 se
425 2974 579 3025 concutiens
598 2975 656 3038 ipse
676 2988 772 3037 perse
794 2985 893 3034 erupe
912 2986 941 3021 se
961 2970 1078 3020 occidit=
1099 2983 1150 3036 ego
1170 2986 1220 3020 ιιι.

116 3049 173 3091 tem
191 3039 282 3090 salvus
300 3039 410 3093 relictus
432 3043 545 3110 gloriam
566 3043 617 3093 deo
641 3057 689 3107 pro
709 3038 825 3106 periculi
845 3038 1006 3090 liberatione
1025 3039 1119 3089 emisi:
1138 3040 1221 3088 mira.

113 3112 219 3161 tionem
238 3118 325 3162 autem
344 3113 504 3164 multitudini
524 3111 625 3177 ipiudi,
646 3110 778 3177 quomodo
797 3109 872 3175 quasi
893 3125 925 3159 ex
942 3108 1221 3174 providentiadivini.

118 3197 168 3232 ore
186 3196 239 3232 non
264 3185 449 3235 remansissem
474 3183 502 3230 in
520 3167 598 3246 tergo
619 3181 689 3247 equi.
728 3178 883 3230 demittebat
901 3181 970 3230 enim
989 3193 1018 3230 se
1037 3178 1174 3245 paululum
1193 3186 1223 3228 ut

117 3253 152 3304 ad
171 3255 359 3322 assurgendum
379 3259 406 3303 et
425 3249 606 3314 valdeiacile‚
626 3251 673 3302 sed
695 3243 860 3301 descer'rdens
879 3252 1007 3303 celeriter
1024 3265 1079 3302 non
1098 3251 1220 3302 deiectus

117 3337 176 3374 sum
187 3339 253 3390 rupe
274 3333 300 3375 et
319 3335 465 3374 concussus
485 3336 561 3403 quam
582 3321 737 3372 celerrime.
757 3321 895 3373 adstabant
923 3324 993 3374 enim
1021 3336 1112 3374 omnes
1139 3337 1221 3388 spec-

115 3401 204 3446 tantes
221 3411 277 3446 rem
294 3408 401 3458 novam,
422 3407 480 3442 cum
500 3393 545 3461 qui
565 3407 580 3442 a
598 3400 674 3474 tergp
699 3402 775 3444 erant
792 3407 847 3444 non
866 3403 977 3460 possent
994 3394 1104 3461 longius
1120 3407 1219 3459 proce-

115 3466 192 3528 dere,
213 3466 257 3516 via
276 3463 325 3514 illa
343 3478 422 3513 unum
443 3469 469 3514 et
487 3463 572 3515 solum
591 3465 705 3515 transire
724 3466 842 3529 patiente
860 3474 969 3532 propter
996 3478 1122 3516 summam
1141 3477 1221 3528 pror.

115 3549 163 3588 sus
182 3535 349 3602 angustiam:
369 3534 455 3583 donec
474 3535 528 3586 alio
547 3535 612 3586 milri
633 3536 746 3586 adducto
768 3537 885 3587 iumento
908 3537 1030 3588 ascensio
1056 3533 1144 3584 iiebat

219 3634 424 3702 Egredienttbus
443 3645 530 3690 autem
549 3638 626 3690 nobis
638 3640 669 3690 ad
680 3641 768 3690 locum
788 3641 917 3707 quendam
934 3646 1008 3689 extra
1019 3635 1130 3689 Podanti
1142 3634 1220 3686 clau-

115 3724 206 3761 suram
225 3705 378 3773 'lypsarium
398 3719 522 3761 vocatum
542 3712 610 3762 lama
630 3713 758 3779 quaedam
778 3713 867 3762 extitit
885 3724 1020 3771 narrans,
1048 3707 1199 3758 relictum'
1191 3722 1220 3758 ιιι

116 3779 247 3833 bleliteue
266 3778 358 3830 ducem
377 3782 503 3847 praesidii
522 3789 611 3856 terrae
631 3783 803 3846 Graecorum,
819 3783 933 3847 turpiter
952 3787 979 3830 et
997 3778 1162 3830 deliberasse
1194 3786 1221 3829 et

116 3865 186 3918 quae
205 3851 238 3902 ad
258 3853 402 3903 exercitum
422 3845 546 3936 spectant'
562 3854 758 3904 administrasse
778 3860 805 3902 et
822 3860 963 3934 tantopere
982 3857 1012 3902 ut
1031 3850 1122 3903 hostes
1139 3864 1220 3915 prae-

115 3930 254 3974 tereuntes
272 3921 374 3974 Amorii
396 3925 531 3975 civitatem
550 3925 698 3990 diriperent
716 3932 742 3975 et
761 3924 869 3974 caedem
886 3923 1004 3976 virorum
1018 3924 1154 3991 ingentem
1176 3919 1219 3968 ia.

117 4001 210 4044 cerent
229 4003 255 4045 et
274 4009 333 4043 cum
352 4002 406 4045 tota
425 3997 596 4062 possessione
617 4011 672 4046 eam
694 3996 721 4044 in
741 3996 896 4047 seruitutem
915 3993 1076 4062 redigerent.
1126 3989 1219 4039 entim

117 4071 204 4114 autem
223 4066 341 4131 ipsorum
359 4065 491 4118 relictis
484 4083 512 4118 ιιι
531 4066 643 4122 Chalcei
662 4065 761 4129 loco,
754 4081 812 4132 rpse
825 4081 858 4116 ex
875 4064 1020 4118 intervallo
1032 4077 1114 4146 parvo
1136 4072 1218 4110 eoac-

118 4141 173 4184 tum
192 4135 291 4190 babens
315 4140 459 4190 exercitum
486 4141 513 4191 iu
533 4140 666 4192 Tnamanti
687 4138 818 4205 castello,
847 4153 935 4206 neque
954 4136 1021 4187 baec
1048 4131 1144 4200 cap'ere
1172 4135 1219 4181 aut
