2875 4734
138 293 144 299 ,
206 227 279 305 164
496 236 713 307 ulcunums
744 234 1002 305 immaurus

205 401 307 489 ε’κείνη
328 398 385 483 ἔτι,
405 395 482 475 ίσως
501 408 566 475 τοῖς
604 402 779 482 πολλοῖς,’
764 401 817 463 snt*
844 403 901 484 γῆς
923 400 1044 481 άτίμως
1064 421 1117 461 και
1111 393 1303 480 περιωδύ-

203 526 265 577 νιος
280 505 466 587 κατίδραθε,
485 505 613 585 μυριόις
625 494 830 585 πανταχόθεν
848 497 904 563 καί
923 496 1095 585 άφορητοις
1113 496 1327 616 περικλυζρὲ·

203 627 297 684 μενος
317 612 382 678 τοῖς
405 606 440 666 ἐκ
461 607 523 667 τάν
544 605 704 686 λογισμῶν
723 626 783 666 και
797 606 859 694 τῶν
883 605 953 665 κατ’
978 592 1052 681 άψιν
1078 600 1219 684 άνιαράν
1241 597 1302 661 κά-

202 729 300 783 μασι·
344 730 381 791 τη
370 706 469 767 d
439 707 607 788 επαύριον
629 702 833 788 άγγελθείσης
853 727 897 788 τῳ
883 700 1071 788 σουλτάνιρ
1094 699 1149 765 καί
1168 702 1224 783 τῆς
1244 702 1303 765 τοῦ

201 806 359 887 βασιλέως
383 798 541 887 άλαίσεως,
560 806 648 890 χαρά
672 829 719 879 τις
748 797 879 879 ἄπλετος
908 803 990 883 άμοά
1011 805 1067 866 καί
1089 804 1220 867 άπιστία
1243 814 1330 866 ιτα-5

142 961 144 968 ⁴
202 907 314 987 τέσχεν
331 906 445 1023 αάτάνη
465 906 606 987 οἰόμενον
638 901 680 980 ὡς
701 906 831 988 άληθῶς
858 907 939 985 με’γα
957 927 987 967 τι
1010 904 1065 965 καί
1085 900 1302 985 ὑπερμέγεθες
1332 979 1337 987 Ι

201 998 285 1069 εἶναι
304 1002 339 1069 τά
362 1004 442 1087 μετά
462 1010 519 1088 τῆς
539 1001 632 1089 ἥττης
648 995 703 1069 τοῦ
725 1004 879 1088 βασιλέως
913 1028 966 1067 και
988 1002 1086 1068 αάτάν
1100 1003 1223 1069 ἐκεῖνον
1246 1004 1303 1065 δο-

202 1105 368 1189 ρυάλωτον
390 1134 443 1172 και
465 1110 588 1192 οἰκέτην
603 1112 748 1190 λαβεῖν
766 1099 867 1181 οὕτως
890 1104 1099 1189 ἀνθρωπίνως
1124 1126 1175 1169 και
1193 1126 1302 1169 νουνε-

199 1207 300 1289 χοάς
291 1206 325 1270 τά
350 1210 534 1292 προτέρημα
556 1211 612 1292 τῆς
635 1209 721 1291 νίκης
748 1203 778 1270 οἱ
804 1208 938 1289 Τοάρκοι
969 1208 1122 1287 ε’άέξαντο,
1142 1196 1221 1288 μήτε
1240 1228 1302 1287 με·

201 1306 461 1394 γαλανχησαντες
492 1303 543 1375 οἷα
568 1318 661 1395 φιλεῖ
686 1334 758 1393 περι
781 1308 837 1383 τάς
861 1310 1012 1391 ου’τυχίας
1043 1332 1086 1382 ως
1107 1312 1223 1373 ἐπίπαν
1245 1332 1303 1371 πε·
1283 1315 1348 1371 -10

155 1475 156 1479 ,
203 1418 365 1494 ριπολεῐν,
393 1412 472 1495 μήτε
501 1411 657 1501 τῇόἰκείρ
687 1410 822 1492 δυνάμει
856 1407 894 1475 ’τά
916 1407 1042 1492 γεγονὸς
1064 1414 1302 1494 ἐπιτρίψαντες,

203 1510 285 1574 άλλά
310 1511 441 1576 τάπάν
468 1514 513 1598 τῷ
541 1505 607 1599 θεῷ
629 1513 855 1596 άναφὲροντες,
890 1511 933 1586 οάς
961 1512 1070 1589 μεῖζον
1101 1502 1222 1593 ἢκατά
1246 1512 1304 1593 τὴν

141 1616 144 1620 ’
201 1608 328 1676 ἓαυτάν
350 1610 445 1694 ιὀχάν
468 1614 711 1687 άποτελέοαντες
740 1615 903 1695 τρόπαιον.
959 1608 1012 1675 ort
1033 1614 1128 1675 τοῦτο
1148 1614 1203 1674 καί
1222 1634 1304 1695 προ-

202 1715 377 1793 σαχθέντος
409 1717 453 1799 τῷ
482 1708 651 1799 *οουλτάνιρ
687 1716 744 1778 τοῦ
764 1713 928 1793 ιβαοιλέως
961 1716 994 1777 ἐν
1029 1716 1067 1799 τῇ
1100 1711 1226 1775 εάτελεῖ
1250 1716 1306 1775 καί
1346 1706 1350 1713 ’

202 1816 419 1899 στρατιωτικῇ
439 1810 613 1900 α’μπεχόνη,
635 1817 689 1877 καί
704 1806 802 1888 αὖθις
817 1816 977 1898 διαπορρῖν
990 1802 1029 1898 ἦν
1048 1816 1104 1877 καί
1121 1816 1302 1898 μαρτυρίαν
1314 1814 1347 1866 15

126 1950 130 1956 -
202 1916 278 1997 περί
296 1910 410 1977 τούτου
446 1916 557 1998 ζητῶν.
612 1913 655 1989 uis
693 1917 722 1977 (λ’
753 1912 999 2001 ἔπληροφορὴθη
1029 1916 1118 1999 παρά
1139 1937 1172 1980 τε
1200 1906 1303 1977 ἄλλων

203 2018 259 2079 καί
278 2018 340 2078 τοῖν
360 2019 406 2089 εἰς
428 2015 529 2082 αὐτὸν
551 2017 755 2101 άφικομένων
775 2020 848 2081 ποτὲ
873 2021 1047 2101 πρέσβεων,
1073 2016 1127 2081 τὸν
1147 2019 1208 2081 τῶν
1224 2016 1305 2079 Ῥω-

203 2117 309 2196 μαίων
335 2120 471 2197 βασιλέα
500 2116 667 2199 τυγχάνειν
694 2116 745 2180 τάν
763 2116 1015 2203 παριστάμενον,
1037 2114 1136 2191 εάθάς
1156 2118 1304 2196 ἐξανέστη

202 2216 258 2278 καί
283 2214 396 2296 αάτός,
432 2215 487 2282 καί
505 2219 776 2302 περιπτυξάμενος
807 2222 916 2283 τοῦτον
933 2217 997 2301 “μη“
1021 2218 1145 2282 ostro?
1164 2214 1238 2301 ἔφη,
1256 2207 1307 2279 “oi

171 2385 175 2392 χ
201 2318 351 2397 βασιλεῦ,
374 2309 441 2381 ἄλλ’
473 2308 599 2395 εάελπις
635 2315 689 2384 ἔσο
711 2320 773 2404 πρὸ
794 2319 936 2402 πάντων,
959 2317 1000 2395 άς
1024 2318 1132 2383 adden*
1152 2326 1348 2401 προσομι·20

203 2416 309 2498 λήσεις
332 2416 466 2506 κινδύνῳ
487 2421 679 2507 σωματικῷ,
707 2420 867 2506 τιμηθὴσῃ
899 2422 928 2483 d'
951 2420 1046 2497 άξίως
1067 2421 1122 2501 τῆς
1145 2423 1199 2483 roo
1223 2413 1303 2499 κρά-

203 2538 277 2592 τους
309 2517 479 2603 ίιπεροχῆς.
523 2512 637 2606 άφρων
668 2519 726 2604 γάρ
757 2516 915 2600 ἒγεῖνοςά
947 2518 991 2603 μη
1023 2517 1083 2599 τάς
1103 2516 1304 2602 άπροάπτους

78 2636 157 2696 f.201
169 2619 304 2701 ι.τάχας
336 2622 369 2695 ἐξ
399 2614 610 2707 άντεπιφοράς
642 2618 905 2704 εάλαβοάμενος.”
961 2622 1111 2699 ἐπιτάξας
1137 2610 1194 2684 σάν
1215 2618 1304 2707 adrui

204 2938 263 2995 sine
293 2934 395 2993 honore
424 2947 450 2993 et
467 2940 630 2995 miserrimus
655 2938 781 3004 insedit‚'
795 2938 1031 2993 innumerabilibus
1049 2940 1166 3009 undique
1186 2948 1212 2991 et
1229 2938 1302 2993 into.

117 3067 124 3082 ,
204 3013 362 3066 lerabiiibus
382 3014 603 3065 considerationis
629 3021 656 3064 et
675 3013 849 3080 aegritudiuis
875 3028 944 3081 quae
963 3020 1024 3063 ante
1044 3012 1137 3063 oculos
1161 3020 1232 3063 esset
1249 3028 1302 3063 uu.

203 3087 243 3137 dis
262 3086 424 3138 submersus.
461 3093 569 3151 postero
588 3093 676 3135 autem
695 3086 738 3137 die
758 3100 816 3136 cum
837 3084 914 3135 etiam
932 3099 1024 3151 regem
1043 3091 1146 3150 captum
1167 3099 1225 3135 esse
1244 3083 1302 3135 sul.

203 3164 266 3209 tano
283 3156 434 3208 nuntiatum
457 3166 544 3221 esset,
564 3157 723 3224 gaudium
715 3171 870 3207 immensum
889 3155 967 3207 simul
988 3164 1014 3207 et
1032 3154 1160 3207 dubitatio
1181 3170 1238 3205 eum
1258 3162 1302 3205 te.

201 3228 293 3290 nebat,
314 3242 372 3276 cum
391 3235 496 3293 putaret
513 3242 634 3293 magnam
652 3243 749 3279 revera
767 3244 822 3280 rem
844 3236 869 3279 et
889 3228 1024 3296 ingentem
1044 3242 1114 3289 esse,
1131 3227 1201 3294 quod
1222 3241 1302 3292 prae-

202 3308 245 3349 ter
265 3296 366 3347 cladem
385 3298 458 3363 regis
488 3300 567 3349 etiam
596 3298 671 3349 illum
702 3301 787 3366 ipsum
814 3306 917 3365 captum
938 3307 964 3350 et
984 3314 1090 3350 servum
1110 3296 1228 3348 haberet.
1266 3296 1303 3347 ita

201 3369 281 3419 modo
308 3367 422 3417 humano
451 3376 478 3418 et
504 3371 648 3453 prudenter
676 3371 840 3422 commodum
858 3370 989 3421 victoriae
1013 3369 1112 3421 Tuscae
1132 3374 1302 3435 acceperuut,

200 3456 292 3508 neque
311 3437 473 3506 gloriantes,
501 3448 530 3491 ut
554 3442 581 3490 in
606 3440 686 3493 rebus
706 3442 830 3493 secundis
856 3440 1013 3509 plerumque
1032 3441 1091 3493 lieri
1109 3439 1194 3503 solet,
1213 3453 1302 3505 neque

201 3514 321 3596 ipsorum
340 3511 425 3577 copiis
438 3510 535 3562 factum
555 3510 712 3581 tribuentes,
731 3514 778 3564 sed
797 3521 880 3564 totum
894 3513 927 3562 ad
945 3513 1021 3563 deum
1036 3512 1185 3565 referentes
1204 3510 1303 3577 quippe

202 3584 250 3653 qui
269 3584 369 3635 maiora
395 3598 472 3650 quam
491 3598 539 3650 pro
559 3584 676 3649 ipsorum
705 3585 734 3634 vi
752 3583 881 3651 trophaea
906 3584 1094 3636 coniecissent.
1133 3580 1303 3650 quamobrem

205 3658 284 3708 etiam
303 3662 441 3722 postquam
470 3656 597 3707 adductus
626 3663 666 3707 est
690 3656 722 3705 ad
748 3654 880 3707 sultanum
903 3670 953 3706 rex
975 3654 1024 3707 vili
1055 3662 1081 3705 et
1099 3652 1208 3705 militari
1226 3658 1303 3704 veste

202 3727 320 3788 indutus,
340 3742 431 3779 rursus
449 3727 498 3778 ilie
518 3725 666 3779 haesitabat
685 3734 712 3777 et
730 3728 910 3778 testimouium
934 3727 968 3778 de
994 3725 1043 3777 illo
1064 3725 1224 3793 quaerebat·
1244 3737 1303 3775 cum

203 3804 292 3848 autem
322 3798 347 3845 ei
373 3813 528 3862 persuasum
555 3807 626 3850 esset
645 3806 671 3849 et
688 3797 721 3849 ab
741 3797 802 3849 aliis
824 3806 851 3849 et
880 3797 1009 3866 alegatis
1031 3798 1076 3864 qui
1096 3796 1160 3848 olim
1178 3796 1210 3847 ad
1228 3793 1303 3846 ilium

202 3866 379 3931 ventitabant,
401 3868 477 3921 illum
497 3872 541 3937 qui
561 3872 677 3923 adstaret
696 3885 756 3921 esse
768 3870 929 3923 Graecorum
947 3884 1049 3937 regem,
1068 3877 1123 3920 tum
1143 3868 1259 3921 surrexit
1278 3870 1305 3914 et

202 3941 263 4006 ipso
292 3946 319 3988 et
344 3939 482 4003 amplexus
508 3941 587 3992 bunc.
635 3958 670 3993 ne
697 3943 806 4006 timeas,
836 3941 937 4010 iuquit,
957 3957 1018 3991 rex·
1038 3941 1085 3992 sed
1103 3938 1247 4007 tranquillo
1267 3935 1312 3987 sis

200 4012 290 4062 auimo
311 4024 399 4061 coram
417 4010 553 4075 omnibus,
580 4029 638 4065 oum
658 4015 686 4064 in
713 4013 814 4065 nullum
846 4014 965 4096 corporis
989 4012 1138 4079 periculum
1164 4012 1304 4063 incasurus

201 4083 255 4134 sis:
274 4082 321 4135 sed
339 4080 514 4133 honoraberis
533 4083 614 4149 digne
632 4087 770 4150 potentiae
788 4084 969 4151 principatu.
986 4084 1137 4151 imprudens
1157 4078 1304 4143 animilia,

202 4154 249 4220 qui
267 4154 428 4222 improvisos
455 4168 533 4208 casus
559 4169 592 4205 ex
624 4155 728 4209 ultione
754 4170 808 4208 non
832 4156 933 4208 timeat.
977 4155 1110 4225 imperans
1130 4154 1213 4224 igitur
1231 4158 1261 4204 ut
1280 4150 1305 4202 ei
