2875 4734
558 201 766 266 msronm.
1159 193 1208 269 ro

105 356 298 444 ἀπρόθυμον
330 362 370 446 τῇ
391 363 448 423 τοῦ
478 362 689 444 σ’ψωνιασμοῠ
713 359 895 445 ἐστερήσει,
920 361 1018 426 εἰπεῖν
1039 363 1075 428 δὲ
1096 364 1152 427 καί
1169 360 1206 427 τὸ

105 459 251 523 κάκιστον
264 463 370 543 μέρος,
392 457 435 537 dg
457 465 517 524 τῶν
540 462 725 543 κρειττόνων
741 463 1005 543 ἀπελαυνομένων
1026 467 1082 548 τής
1104 487 1207 547 στρα-

105 561 192 634 τειᾶς
214 558 267 621 διά
287 558 321 624 τὸ
344 561 488 639 μείζονος
509 558 676 643 τυγχάνειν
700 562 834 644 βαθμοῦ
854 585 887 625 τε
910 561 965 625 καί
980 565 1233 644 σ’ψωνιασμοιῖ,ῐ.
1253 580 1304 637 182
1320 595 1348 636 τ.

106 654 334 739 καταγνώσεως
349 673 351 676 ’
365 659 421 722 οὐκ
444 660 527 744 άπήν
556 659 592 724 τά
619 660 804 743 γενόμενον,
827 663 963 746 μηδενὸς
983 666 1130 744 γενναίου
1149 688 1206 727 ιια·

80 762 343 842 διορθουμίνου,
379 759 433 823 καί
459 763 513 842 τής
538 761 715 844 Ῥωμαϊκής
746 765 820 826 ποτὲ
852 767 1125 848 μεγαλοπρεπείας
1153 766 1209 827 καί
1252 774 1256 780 “

106 856 217 940 ίσχιίος
244 859 408 943 οἷνάλσγον.
462 863 494 940 ἐξ
515 853 554 923 οὗ
583 867 749 945 συνέβαινε
777 859 851 938 τούς
874 864 935 942 μὲν
949 857 1128 943 Ῥωμαίους
1149 864 1209 926 do-

13 966 17 970 ’
104 962 309 1024 σπαθεῖνιιαί
322 961 591 1047 καταπληκτικούς
610 958 758 1045 ήγείσθαι
779 960 852 1038 τοές
872 966 1032 1038 ἐναιτιόυς
1052 960 1107 1027 καί
1125 963 1209 1046 μηιίέ

107 1058 217 1144 φωνήν
238 1055 407 1141 ὑπομένειν
430 1063 556 1141 αὐτῶν,
580 1065 717 1137 ἐκείνους
749 1066 785 1128 δέ
807 1058 1041 1147 ἐναβρύνεσθαι
1062 1066 1116 1128 ιιαί
1135 1064 1209 1146 α’γε-

106 1167 224 1242 ρωχεῑν
260 1163 315 1225 καί
338 1162 419 1241 μετσὶ
457 1168 573 1246 πολλῆς
606 1165 869 1248 προσρήγνυσθαι
899 1161 1135 1248 πεποιθήσεως,
1165 1163 1210 1239 οὖς

60 1262 186 1342 1οπρὸς
209 1260 405 1346 ήσσηθέντας
427 1263 576 1338 πολλάκις
597 1270 806 1344 ποιουμένους
836 1265 893 1330 τάν
921 1266 1068 1345 πόλεμον.
1113 1268 1146 1343 ἐξ
1168 1255 1206 1328 οὗ

105 1365 165 1443 καί
181 1387 212 1436 τι,
232 1365 413 1448 συνηνέχθη
443 1365 709 1447 παραλογώτατον
731 1364 788 1428 καί
815 1367 872 1427 ουίι
893 1364 985 1430 α’νίαν
1006 1366 1106 1447 μόνον
1120 1363 1215 1452 α’φό-,
1242 1387 1247 1394 ·

106 1485 199 1546 ρητον
211 1451 292 1528 dett
313 1469 368 1528 καί
380 1470 434 1548 τής
450 1463 629 1549 Ῥωμαϊκῆς
651 1467 852 1549 ἐπικρατείας
865 1467 1018 1551 ἐπιφέροι
1036 1463 1209 1533 ἐλάττωσιν

107 1563 163 1627 καί
175 1566 287 1648 ἰσχύος
305 1564 454 1650 μεγίστης
477 1566 661 1652 ἀφαίρεσιν.
1021 1585 1027 1592 ‘

134 1691 141 1706 ε
211 1662 254 1728 Τί
272 1665 394 1730 Ἀννίου
428 1663 517 1742 πόλις
542 1669 611 1730 ἐστί
638 1664 759 1751 μεγάλη
791 1670 845 1732 καί
873 1669 1135 1751 πολυάνθρωπος,
1155 1666 1212 1732 καί

60 1775 94 1827 15
106 1763 310 1847 πανταχόθεν
331 1767 468 1851 τάφροις
490 1772 528 1830 οὐ
548 1768 781 1852 χειροποιήτοις
805 1767 888 1833 άλλά
911 1775 1063 1854 φυσικαῖς
1084 1767 1210 1833 κοιλάσι

106 1867 162 1931 καί
174 1865 406 1944 α’διεξοέεάτοις
420 1869 475 1932 καί
485 1870 615 1948 πέτραις
628 1868 802 1948 ἀποτόμοις
817 1872 1141 1952 συμπεριειλημμένη,
1156 1870 1212 1931 καί

8 2026 22 2052 ,
104 1968 237 2055 ποταμῷ
255 1969 415 2056 βαθυδίνῃ
436 1971 492 2033 καί
507 1969 616 2056 άβάτιρ
633 1972 866 2056 περιεζωσμὲνη
883 1967 918 2033 τά
928 1975 1026 2053 μέρος
1038 1971 1113 2034 καθ’
1133 1962 1210 2052 ὅπερ
1284 1961 1289 1966 ’

103 2069 286 2150 α’πορρώγες
298 2072 353 2132 καί
374 2066 534 2153 φάραγγες
546 2071 762 2134 ἐπιλείπουσι·
785 2071 841 2134 καί
857 2068 984 2152 βραχύς
997 2073 1064 2135 ἐστι
1077 2068 1171 2146 τόπος
1193 2067 1210 2132 ὅ

104 2165 165 2241 τάς
178 2168 346 2252 α’μφιίιίους
357 2166 505 2254 ἐχωντής
519 2167 649 2249 πόλεως,
671 2173 725 2234 καί
744 2164 838 2245 οὗτος
855 2168 1025 2254 μετεώροις
1040 2174 1095 2235 καί
1114 2173 1209 2252 ἰσχυ-

57 2275 173 2350 Ιλθρσΐς
192 2267 420 2352 κατωχάρωται
444 2271 571 2354 τείχεσι.
626 2271 745 2354 ταύτην
775 2270 791 2333 o‘
824 2275 881 2355 τῆς
909 2272 1058 2351 σῖοιδίμσυ
1093 2268 1209 2353 λήξεως

104 2366 257 2452 βασιλεὺς
278 2365 506 2454 ὃΜονομάχος
523 2371 688 2460 ἀξιομάχῳ
711 2368 866 2456 πρότερον
886 2375 1021 2459 στρατιᾷ
1041 2365 1209 2453 παραστή-

105 2471 229 2534 σασθαι
253 2468 522 2553 διαγωνισάμενος
543 2472 600 2536 ode
619 2468 782 2558 η’ἐυνήθη·
832 2470 1007 2557 συνθήκαις
1023 2472 1058 2536 δὲ
1079 2471 1134 2534 ιιαί
1152 2492 1209 2553 με·

178 2655 204 2710 6.
225 2655 380 2731 α’νεύλογον
399 2659 429 2714 G.

50 2861 56 2874 ,
106 2813 177 2866 citus
199 2828 256 2864 non
279 2821 335 2864 erat
362 2819 436 2864 extra
460 2816 600 2878 rationem,
628 2815 698 2882 quod
723 2822 811 2866 autem
829 2813 914 2866 nudus
935 2821 961 2864 et
979 2812 1079 2864 invitus
1099 2818 1235 2880 propter·

106 2893 268 2935 commeatus
288 2884 435 2949 delectum,
458 2887 545 2951 possis
571 2886 650 2936 etiam
669 2885 776 2949 dicere,
797 2886 867 2952 quod
890 2884 1005 2950 pessima
1030 2891 1103 2935 esset
1126 2899 1207 2951 pars,

77 3017 83 3028 x
107 2971 167 3008 cum
188 2955 312 3008 fortiores
330 2956 497 3007 discederent
516 2958 651 3020 exercitu,
673 2957 735 3024 quia
752 2958 878 3006 maiorem
899 2953 1113 3023 adipiscebantur
1143 2969 1207 3020 gra.
1301 2984 1305 2990 -

104 3028 168 3078 dum
188 3036 214 3077 et
233 3036 414 3091 commeatum,
435 3025 634 3094 vituperatione
652 3043 707 3079 non
727 3027 835 3079 carebat
854 3026 959 3090 lactum,
979 3023 1056 3076 nulla
1072 3025 1159 3079 nobili
1177 3041 1207 3075 re

41 3121 43 3124 ·
106 3105 232 3165 peracta,
259 3106 285 3149 et
309 3115 323 3149 a
348 3099 448 3151 Graeca
473 3101 584 3165 pristina
602 3099 800 3168 magnificentia
821 3105 848 3148 et
863 3097 961 3151 robore
980 3097 1108 3147 absonum
1129 3103 1205 3159 erat,

105 3184 159 3238 qua
179 3186 258 3221 exre
277 3171 382 3234 accidit,
402 3179 431 3220 ut
450 3170 544 3222 Graeci
570 3180 733 3238 angerentur
758 3179 784 3220 et
811 3168 946 3220 terribiles
971 3175 1096 3235 putarent
1115 3165 1205 3217 hostes

104 3249 186 3310 atque
203 3258 238 3292 ne
260 3257 355 3293 vocem
383 3241 488 3308 quidem
515 3257 605 3292 eorum
634 3245 812 3304 sustinerent,
839 3240 881 3291 illi
908 3247 995 3290 autem
1019 3253 1049 3289 se
1077 3239 1207 3289 lactarent

105 3322 134 3365 et
154 3314 261 3380 superbi
281 3319 371 3366 essent
394 3319 421 3360 et
445 3311 527 3362 multa
552 3328 609 3364 cum
634 3314 730 3365 fiducia
754 3312 964 3380 aggrederentur
985 3312 1019 3362 'ut
1044 3317 1134 3360 contra
1161 3309 1206 3361 vi.

105 3393 163 3436 ctos
186 3401 268 3450 saepe
286 3389 411 3452 gerentes
429 3380 538 3446 bellum,
561 3400 613 3450 qua
633 3401 665 3435 ex
693 3402 723 3435 re
744 3386 822 3435 etiam
842 3381 943 3450 aliquid
962 3382 1074 3448 contigit
1092 3382 1205 3431 maxime

103 3457 334 3522 inexspectatum,
370 3459 396 3501 et
423 3453 493 3518 quod
518 3469 570 3504 non
603 3455 688 3507 solum
714 3455 909 3524 aegritudinem
934 3452 1131 3505 intolerabilem
1159 3451 1206 3502 sed

105 3529 184 3577 etiam
205 3527 300 3578 Graeci
319 3523 483 3591 principatus
501 3525 609 3577 allerret
627 3526 835 3577 deminutionem
856 3533 883 3575 et
898 3525 1002 3577 roboris
1020 3523 1124 3597 meximi
1147 3523 1205 3590 pri-

104 3600 250 3650 rationem.

205 3684 320 3736 Annium
339 3684 401 3735 urbs
422 3693 461 3738 cst
477 3699 571 3752 magna
592 3694 619 3736 et
638 3685 772 3737 hominum
797 3685 931 3737 abundans
960 3691 986 3734 et
1013 3681 1129 3749 undique
1148 3682 1206 3735 los-

105 3758 141 3810 sis
160 3772 214 3808 non
232 3770 309 3806 manu
338 3757 415 3808 lactis
443 3757 489 3808 sed
517 3755 681 3808 naturalibus
708 3756 825 3809 vallibus
851 3764 888 3806 et·
903 3759 975 3807 exitu
1000 3754 1151 3806 carentibus
1180 3761 1207 3805 et

104 3828 216 3897 rupibus
235 3829 384 3894 praeruptis
404 3829 564 3879 circumdata
583 3836 609 3880 et
631 3827 713 3878 lluvio
733 3827 866 3892 profundo
886 3835 913 3877 et
931 3829 1069 3879 inaccesso
1089 3827 1205 3876 circum-

106 3901 195 3952 cincta
213 3900 241 3950 in
261 3913 291 3948 ea
311 3907 395 3964 parte,
409 3898 461 3950 ubi
481 3915 562 3966 rupes
583 3908 610 3950 et
633 3898 721 3950 valles
743 3899 887 3960 deliciunt,
912 3906 939 3948 et
959 3897 1050 3949 brevis
1070 3904 1111 3948 est
1130 3896 1206 3946 locus
1297 3924 1302 3929 -

106 3973 283 4024 circumsitum
302 3971 373 4021 viam
389 3973 529 4023 continens
545 3970 637 4033 urbis,
657 3977 737 4037 atque
757 3967 801 4017 hic
824 3967 912 4018 arduis
939 3976 965 4018 et
989 3968 1070 4020 firmis
1091 3969 1206 4019 firmatus

107 4052 147 4095 est
172 4044 262 4096 muris.
302 4041 369 4093 lmnc
388 4041 478 4094 urbem
504 4041 655 4094 celebratae
680 4039 771 4090 mortis
796 4055 844 4090 rex
870 4039 1058 4091 blonomachus
1079 4037 1207 4106 'pugnaci

106 4124 185 4168 autea
205 4114 325 4166 exercitu
349 4115 484 4184 subiicere
503 4113 666 4166 contendens
687 4125 742 4163 non
770 4112 866 4180 potuit,
888 4112 1054 4178 pactionibus
1073 4118 1160 4161 autem
1180 4115 1208 4160 et
