2875 4734
514 354 516 358 .
591 267 800 341 msroam.
945 225 947 229 ¹
1043 366 1044 371 η
1172 262 1249 337 tra

150 430 263 515 ὐοομαι
282 439 348 509 τοῖς
371 430 408 496 τό
431 432 626 498 Ἀτλαντικόν
652 437 857 514 βουλομένοις
888 430 1120 517 α’τιαρόσασθαι
1150 434 1250 496 πόλα-

148 556 210 616 γος.
250 531 270 598 ό
292 531 352 618 γύρ
376 532 470 609 αὐτός
488 533 639 615 βασιλεύς
661 532 715 597 καί
731 530 903 623 τυράννους
924 533 1181 616 καταβληθέντος
1196 534 1251 596 καί

138 634 364 716 νύποταγέντας
396 634 483 723 αὐτῷ
505 636 546 697 οὐ
570 634 665 715 μόνον
691 630 897 715 συμπαθείας
922 638 975 698 καί
1007 632 1252 720 φιλανθρωπίας

152 734 295 814 η’ξίοοσεν,
317 726 398 799 οἷλλό
421 736 477 798 καί
503 738 666 816 μεγίσταις
687 734 885 815 εὐεργεσίαις
909 726 1161 817 ἐψυχαγώγησεν
1185 723 1252 795 do-

126 852 213 916 5ιερ
236 833 276 917 ὐή
300 834 354 898 τόν
376 839 552 917 Βρυέννιον
573 833 629 899 καί
648 834 722 908 τούς
752 831 851 923 τούτηι
885 828 1065 920 ὁμόφρονας
1095 838 1252 916 λαμπροῖς

154 928 313 1013 ὐξιοόμασι
334 934 607 1020 τελεσιουργήσας,
629 936 684 1000 καί
704 934 762 1011 τοὶς
785 934 870 1011 ἰδίας
890 936 1002 1010 οὐσιάς
1024 936 1123 1010 ε’όσας
1146 934 1253 1011 αὐτοῖς

17 1105 44 1124 ¹,
153 1033 421 1119 ἀνεπιχειρήτους,
443 1037 499 1100 καί
517 1026 701 1121 προσθήκας
724 1035 776 1101 διό
799 1040 973 1118 βασιλικῶν
992 1038 1119 1117 σ’ωρεῶν
1143 1031 1252 1121 α’φθό-

153 1156 226 1210 τους
247 1134 357 1227 αὐτοῖς
375 1137 669 1220 περιποιησάμενος,
689 1140 744 1201 καί
764 1137 892 1201 πόντων
913 1138 1129 1201 ἐπιλαθέσθαι
1149 1160 1253 1221 παρα-

154 1238 313 1311 σκευάσας
333 1238 394 1302 τοόν
415 1239 589 1322 λυπηρῶν,
619 1233 693 1321 ὅπερ
726 1240 832 1313 οὐδείς
857 1244 918 1303 τοῖν
942 1239 1068 1303 πώποτε
1096 1243 1282 1320 deordinari.
1296 1248 1382 1306 atas.
1408 1288 1412 1295 -

109 1359 145 1415 ςρ
153 1335 288 1419 ποιήσας
314 1338 488 1423 εὑρίσκετο,
500 1338 556 1403 καί
575 1340 744 1420 πολεμίους
757 1339 998 1425 προσφυγόντας
1019 1338 1158 1420 εὐμενῶς
1173 1360 1252 1424 προ.
1302 1408 1311 1430 o

154 1439 315 1519 σεόέξατο,
339 1443 395 1502 καί
412 1432 525 1521 χώραν
543 1442 652 1514 αὐτοῖς
664 1440 818 1524 δημοσίαν
840 1440 990 1521 α’πόνειμε
1012 1442 1067 1504 καί
1086 1442 1253 1525 φιλοτίμου

155 1534 575 1624 διατριβήςμεταύέδοικεν.
626 1588 631 1592 ,

126 1649 129 1655 '
255 1640 488 1722 Εὐσεβίσταιος
512 1633 597 1704 δὲ’
570 1666 615 1706 ιον
639 1642 677 1707 τό
700 1640 777 1723 πρὸς
801 1638 913 1705 θεόν’
900 1666 931 1715 ες
953 1640 990 1706 τό
1019 1638 1176 1771 μήλισεα,
1192 1646 1255 1722 βα-

154 1748 290 1816 σιλικιιῖς
313 1741 511 1828 πανηγύρερί
530 1764 564 1807 τε
592 1768 645 1805 και
669 1741 786 1865 χάρισι
812 1746 867 1807 καί
888 1744 1109 1837 φοοτσχυσίαις
1137 1743 1194 1819 τός
1221 1766 1255 1807 τε

2 1886 6 1916 r
112 1840 241 1910 15δι”’
220 1865 311 1917 ετους
333 1836 561 1961 (λεσπρτικόιςι
546 1841 656 1925 εορτοὶς
680 1845 712 1917 ἐς
733 1839 766 1907 τό
793 1843 921 1924 ἀκριβὲς
939 1841 1188 1928 κατελόμπρυνε,
1204 1847 1259 1907 ιιαί

156 1940 213 2018 τός
233 1969 295 2009 τιον
317 1939 489 2027 μαρτύροιν
518 1940 645 2028 μνήμας
677 1946 733 2008 καί
758 1946 820 2007 τούν
849 1932 952 2019 αλλως
981 1941 1258 2029 εὐαρεστησύντονν

157 2049 222 2131 θεῶ
238 2051 379 2122 τελεταῖς
396 2041 571 2130 πανδήμοις
587 2070 639 2109 και
658 2046 835 2127 παννύχοις
854 2048 1080 2126 χοροστασίαις
1101 2066 1134 2108 εν
1149 2045 1258 2128 inps·
1342 2105 1344 2111 s

156 2151 209 2210 λεῖ
224 2148 268 2237 τῷ
292 2149 378 2230 φωτί
398 2149 581 2233 περιφανεῖς
603 2150 829 2228 κατεοέμνυνε.
872 2146 926 2209 καί
940 2145 1088 2210 τοσούτον
1110 2140 1257 2228 ἐξήρτητο

158 2272 212 2311 και
244 2244 468 2330 αεριεγόννυτο
495 2256 564 2322 ταῖς
585 2250 689 2322 θείαις
709 2243 839 2321 ταύταις
863 2242 1145 2330 λαμπρότησιν,“
1126 2268 1177 2309 οτι
1198 2266 1257 2328 περ

114 2340 378 2431 λθόρθριοότερος
400 2347 475 2431 περί
502 2348 630 2432 προότας
650 2343 868 2433 ἀλεκτρυόνων
885 2342 969 2435 ᾠδός
986 2355 1048 2421 τοῖς
1068 2344 1259 2437 ὐμνοπόλοις

160 2445 407 2534 ἐπιφαινόμενος
430 2447 485 2513 καί
492 2456 557 2523 τοῖς
577 2446 881 2533 συνεκκλησιόζουσι
905 2453 1091 2529 βουλευταῖς
1110 2444 1167 2511 καί
1179 2468 1259 2527 συγ-

161 2556 330 2634 κλητικοῖς,
352 2550 426 2614 οὐδὲ
446 2552 489 2637 τῷ
509 2552 661 2638 βασιλείῳ
682 2542 825 2639 θρόνῳ
811 2546 928 2613 εαυτόν
949 2545 1096 2613 επεόίδου
1120 2540 1221 2612 ἄλλ’
1203 2570 1261 2629 ορ-

100 2731 104 2737 ,
163 2646 267 2727 θιος
255 2648 421 2773 ιστόμενος
443 2666 521 2733 αχρι
548 2655 659 2727 τέλους
691 2654 745 2734 τῆς
776 2650 957 2738 ὐμυιρδίας,
987 2645 1055 2734 ἥτις
1081 2646 1137 2713 καί
1162 2648 1261 2733 μέχρι

162 2756 272 2838 τρίτης
294 2747 381 2835 ὐρας
404 2755 460 2837 τής
480 2751 601 2838 ἡμέρας
620 2755 664 2841 τῷ
683 2757 870 2837 περικαλλεῖ
888 2754 951 2816 τοῖν
970 2742 1081 2833 ὐμνοιν
1102 2774 1154 2816 και
1150 2750 1262 2835 ἰσογ-

165 3012 307 3065 exhaarire
337 3030 418 3067 mare.
456 3015 525 3066 idcni
555 3015 624 3065 enim
643 3028 692 3065 rex
719 3020 746 3063 et
773 3018 900 3077 tyrannos
927 3010 1045 3064 deiectos
1072 3019 1099 3064 et
1117 3011 1262 3075 submissos
1339 3060 1343 3067 .

164 3086 215 3138 sibi
238 3099 292 3136 non
321 3086 407 3138 solum
425 3086 609 3139 misericordia
640 3092 667 3135 et
690 3083 854 3133 humanitate
879 3082 1003 3149 dignatus
1029 3091 1086 3147 est,
1111 3084 1159 3135 sed
1184 3084 1262 3136 etiam

162 3158 283 3209 maximis
302 3156 439 3209 beneficiis
458 3156 586 3223 placavit,
606 3155 675 3205 sicut
691 3153 855 3219 Bryeunium
871 3161 897 3204 et
917 3167 962 3205 eos
981 3154 1025 3221 qui
1046 3169 1104 3205 cum
1125 3153 1177 3209 huc
1196 3171 1261 3208 seu.

54 3227 64 3240 ‘
163 3230 264 3291 tirent,
283 3228 431 3281 illustribus
457 3224 629 3294 dignitatibus
660 3239 760 3292 augens
791 3233 818 3275 ct
843 3224 947 3291 privata
964 3223 1034 3276 bona
1052 3224 1208 3294 relinquens
1227 3228 1261 3280 iia

163 3300 262 3351 intacta
281 3308 308 3351 ct
326 3298 508 3349 accessionem
525 3297 609 3363 regiis
623 3297 699 3349 donis
715 3295 858 3362 benignam
871 3297 904 3347 iis
925 3296 1080 3361 concilians,
1101 3305 1128 3349 et
1147 3298 1262 3349 omnium

164 3370 272 3422 oblivisi
291 3370 386 3420 iubens
404 3368 534 3431 tristium,
563 3368 589 3417 id
609 3369 679 3435 quod
701 3382 779 3418 nemo
805 3383 920 3434 unquam
944 3384 1037 3436 regum
1056 3370 1158 3421 faciens
1177 3384 1262 3437 appa.

162 3441 247 3504 rebat,
268 3448 294 3491 et
314 3440 414 3503 hostes,
434 3439 480 3505 qui
499 3439 609 3490 adeum
628 3438 815 3507 confugerent,
834 3438 981 3491 clementer
1000 3440 1107 3508 excepit
1128 3448 1154 3491 et
1165 3448 1262 3493 terram

162 3513 196 3565 iis
214 3511 347 3579 publicam
365 3510 459 3561 tribuit
482 3518 508 3560 et
526 3525 676 3578 generosae
696 3511 911 3563 commorationis
931 3512 1077 3578 participes
1092 3511 1165 3564 lecit.

261 3598 398 3651 Piissimus
417 3605 504 3649 autem
522 3598 550 3651 in
574 3596 653 3651 rebus
672 3599 797 3653 divinis
790 3600 910 3665 inprimis
937 3599 1020 3667 regiis
1040 3601 1214 3655 concionibus
1235 3610 1261 3655 et

163 3672 268 3741 gaudiis
290 3677 316 3721 ct
334 3669 461 3721 luminam
480 3670 558 3737 copia
584 3684 672 3721 annua
692 3670 879 3724 dominationis
908 3670 976 3723 festa
995 3680 1119 3723 accurate
1138 3671 1261 3725 illustra-

163 3745 209 3795 bat
229 3751 255 3795 et
262 3742 416 3810 martyrum
442 3741 595 3794 memoriam
623 3749 649 3793 ct
667 3740 748 3793 aliter
771 3744 822 3797 deo
848 3748 982 3810 gratorum
1001 3744 1084 3795 sacris
1101 3743 1216 3828 publicis
1235 3754 1262 3799 et

162 3815 301 3868 nocturnis
321 3812 410 3864 choris
429 3813 516 3880 plenis
534 3812 679 3865 luminibus
698 3814 772 3864 clare
791 3813 910 3877 ornabat,
929 3820 1009 3880 atque
1027 3821 1127 3866 tautum
1145 3816 1262 3871 intentus

165 3895 222 3940 erat
242 3893 269 3938 ct
285 3883 433 3936 laetabatur
457 3884 547 3937 divino
568 3884 620 3935 hoc
638 3883 798 3951 splendore,
827 3892 855 3935 ut
877 3900 954 3936 mane
979 3885 1051 3937 circa
1075 3886 1189 3953 primos
1201 3886 1263 3955 gal.
1321 3886 1323 3889 ’

163 3958 251 4010 lorum
270 3965 362 4009 cautus
381 3956 537 4022 hymnorum
555 3958 642 4023 poetis
661 3971 793 4039 apparens
814 3957 865 4008 et
858 3957 891 4008 ris
910 3956 956 4024 qui
978 3971 993 4006 e
1012 3965 1107 4010 senatu
1127 3966 1153 4010 et
1171 3959 1262 4012 cousi.

163 4029 202 4082 lio
223 4030 318 4082 festum
338 4025 567 4092 concelebrarent,
586 4043 620 4077 nc
637 4028 713 4095 regio
729 4026 834 4111 quidem
853 4027 923 4079 solio
943 4042 972 4079 se
991 4028 1118 4093 traderet,
1137 4029 1185 4082 sed
1201 4044 1263 4081 erc.

166 4108 223 4153 otas
241 4100 377 4171 usquead
396 4100 475 4152 duem
504 4107 612 4163 cantus,
638 4100 684 4167 qui
711 4099 745 4150 ad
762 4099 866 4149 tertiam
891 4098 982 4150 horam
1002 4099 1058 4151 diei
1076 4098 1191 4171 hymnis
1199 4116 1264 4169 per.

165 4170 287 4240 psithiis
305 4180 332 4226 et
348 4170 480 4241 angelicis
500 4171 619 4238 durabat,
638 4171 688 4224 deo
714 4185 810 4239 preces
828 4170 994 4237 absolvebat,
1014 4178 1042 4222 et
1063 4171 1096 4224 ad
1113 4160 1191 4253 illurn
1208 4172 1263 4225 cri.
