2875 4734
180 258 255 349 tls
328 208 331 211 ⁴
477 268 705 366 nrcnannrs·
725 254 986 339 aarlnroran

180 463 215 505 τε
235 435 290 503 καί
309 440 440 505 πόλεων.
484 433 538 500 διά
566 436 668 512 ταῦτά
694 458 743 500 τοι
766 435 821 498 καί
847 430 944 514 νόμον
974 425 1055 511 περί
1079 426 1184 492 adeor
1203 425 1282 491 α’νε-

178 536 328 622 γράψατο
351 538 410 621 τὴν
432 534 582 622 τοιαύτην
610 540 791 614 πλεονεξίαν
821 535 876 597 καί
906 531 1128 614 δεινοπραξίαν
1159 530 1281 593 διακω-

179 637 305 723 λόοντα,
331 639 373 714 ώς
393 641 438 712 είς
459 636 578 710 πάντας
597 635 673 711 τοός
691 633 874 718 βασιλικοὺς
898 628 1089 715 ἀνθρώπους
1111 629 1299 712 όφέρπου-“

178 765 239 805 σαν
262 744 315 803 καί
334 745 398 812 τοῖς
420 738 587 819 βασιλεῦσι
609 734 664 819 τὴν
681 738 828 799 δουλείαν
849 733 1091 815 α’ποστεροόσαν
1113 732 1175 793 τών
1191 731 1281 793 πλεί-

179 866 260 907 στων
280 845 336 905 καί
355 838 623 922 άγαθώνάνδρών
637 835 727 923 φόβιρ
751 838 805 918 τῆς
830 835 943 915 πικροῖς
963 835 1017 912 καί
1030 831 1194 914 βιαστικῆς
1206 832 1306 894 ἐπι-5

106 940 109 943 ’
181 947 301 1017 θέσεως
322 936 447 1021 ταότης.
492 942 546 1000 καί
565 939 686 1020 μηδένα
711 934 831 1001 τούτων
853 929 868 995 ὃ
891 930 1057 1005 θειότατος
1077 921 1167 1006 οὗτος
1185 935 1281 1011 βασι-

182 1041 256 1117 λεὺς
287 1040 474 1122 ἐδογμάτισε
508 1034 563 1099 καί
592 1038 760 1099 ἐθέσπισεν
788 1033 852 1099 εἴτε
880 1034 988 1107 οόσίας
1021 1031 1191 1116 άφαίρεσιν
1219 1027 1282 1096 εἴτε

183 1140 360 1224 ἐναλλαγὴν
380 1138 603 1212 καταστάσεως
623 1135 679 1217 εἴτ’
702 1128 798 1219 άλλης
821 1133 890 1200 τινά
910 1134 1031 1218 βλάβης
1040 1136 1096 1197 καί
1115 1128 1283 1206 κακώσεως

184 1242 392 1329 περιπέτειαν,
412 1242 443 1303 εἶ
461 1234 505 1322 μά
531 1239 566 1301 ἐκ
589 1240 777 1329 δοκιμασίας
796 1238 851 1299 καί
874 1231 1072 1316 διαγνώσεως
1093 1234 1154 1297 ’καί
1174 1234 1282 1312 νόμοις

185 1342 387 1426 ἡρμοσμένην
418 1364 450 1404 τε
473 1342 529 1403 καί
557 1334 759 1426 συνᾴδουσαν
783 1334 946 1419 άπόφασιν
972 1330 1181 1417 άπινέγκοιτο.
1226 1329 1284 1393 ου’·
1295 1338 1328 1393 10

185 1445 263 1506 κοόν
286 1440 341 1506 καί
370 1439 485 1514 πάντες
517 1441 716 1521 εὐχαρίστως
746 1434 779 1501 τὸ
809 1439 866 1499 τοῦ
894 1436 1047 1517 δόγματος
1074 1430 1286 1511 ε’ννομώτατον

186 1542 242 1607 καί
261 1539 465 1606 δικαιότατον
480 1536 510 1603 οἷ
532 1542 586 1623 τῆς
606 1543 779 1616 πολιτείας,
799 1540 852 1602 καί
864 1530 932 1600 ὅσοι
946 1537 1001 1617 τῆς
1015 1532 1192 1617 συγκλητου
1206 1535 1287 1614 βου-

186 1647 255 1727 λῆς,
278 1642 443 1721 δεξάμενοι
465 1640 517 1705 καί
537 1637 766 1719 άποδεξάμενοι
788 1641 847 1722 (είς
870 1639 1003 1720 ἐπήκοον
1026 1635 1088 1719 γάρ
1105 1634 1288 1719 άνεγνοόσθη

191 1745 332 1825 πάντων)
357 1746 488 1814 πολλοῖς
513 1740 688 1824 εόφημίαις
711 1742 765 1803 καί
787 1740 911 1821 κρότοις
932 1736 986 1825 τόν
998 1735 1129 1820 εὑρετήν
1139 1740 1201 1801 τών
1211 1741 1291 1799 καλ·
1338 1730 1340 1738 ’

189 1846 302 1907 λίστων
322 1842 378 1905 καί
394 1838 615 1925 ε’λευθεριστῆν
638 1841 701 1903 τῶν
724 1837 904 1921 άνθρώπων
925 1839 1080 1921 ἐτίμησάν
1102 1861 1135 1901 τε
1160 1842 1214 1901 καί
1228 1829 1288 1916 όμ-
1299 1846 1332 1899 15

190 1964 287 2026 νησαν
309 1940 351 2017 ὥς
377 1939 431 2003 καί
452 1940 555 2004 κοινόν
578 1940 745 2023 ευέργέτην
775 1931 849 2003 ὅντα
877 1945 942 2011 τοϊς
969 1944 1082 2013 κοινοῖς
1110 1940 1289 2021 παραγγέλ-

188 2065 269 2124 μασι
291 2044 346 2106 καί
368 2040 575 2121 θεσπίσμασι,
597 2044 652 2132 καί
671 2040 868 2125 ι’δίρπάντας
890 2037 968 2102 κατά
992 2036 1028 2102 τό
1043 2044 1173 2122 συνεχὲς
1196 2042 1288 2101 ε’πευ-

98 2136 101 2140 ’
191 2141 379 2228 φραίνοντα,
402 2144 456 2205 καί
473 2140 513 2206 τά
537 2144 636 2206 οἰκεία
658 2139 870 2222 χαριζόμενον
891 2143 1009 2205 δίκαια.
1051 2132 1187 2214 πολλοός
1209 2134 1288 2226 γάρ,

189 2247 311 2322 μᾶλλον
340 2244 375 2305 δὲ
405 2234 574 2320 ducator,
598 2250 667 2317 τοῖς
698 2246 984 2329 προαφηρημέναις
1012 2243 1132 2306 τούτων
1167 2242 1289 2315 οόσιάις

191 2343 437 2429 ἀποκατέστησε,
458 2348 513 2409 καί
532 2342 669 2408 κάθοδον
691 2344 799 2407 adroic
825 2340 857 2420 ἐξ
885 2338 1063 2425 όπεροριάν
1086 2340 1263 2427 ἑψηφίσατο
1279 2349 1334 2422 ,20

194 2443 249 2507 καί
269 2450 432 2526 κειμένους
453 2439 515 2530 ἢδη
537 2444 592 2508 καί
621 2448 815 2526 τεθυμένους
837 2443 981 2529 ἐζώωσε,
1011 2442 1065 2507 καί
1096 2442 1192 2528 πνοὴν
1223 2446 1289 2509 ε’νέ·

141 2624 146 2636 ,
190 2568 323 2612 πνευσεν
344 2538 380 2629 ἧς
393 2544 426 2612 τό
453 2547 594 2628 πρόσθεν
615 2548 792 2630 ἐστέρηντο.

290 2668 361 2730 Καί
380 2666 412 2728 τί
429 2662 493 2748 χρη
515 2662 554 2728 τά
578 2662 677 2729 πολλά
699 2670 819 2747 λέγειν;
845 2663 873 2729 εἰ
894 2662 999 2741 πάσας
1017 2662 1094 2728 κατά
1115 2666 1212 2747 μέρος
1233 2662 1310 2737 τὰς’

192 2763 307 2829 τοότου
327 2764 559 2847 μεγαλουργίας
581 2762 800 2850 α’ναγράπτους
823 2772 923 2831 ποιεῖν
944 2762 1163 2846 όπιβάλλοιμι,
1185 2758 1290 2843 όμοιος

263 2948 289 3003 6.
308 2945 451 3023 μηόενόελ

191 3122 406 3191 persecutionem
425 3120 503 3173 hanc.
547 3130 626 3190 atque
644 3122 778 3173 neminem
802 3122 895 3174 horum
914 3122 1025 3175 maxime
1051 3123 1157 3176 divinus
1183 3122 1226 3175 hic
1244 3138 1294 3176 rex

192 3194 349 3245 diiudicarit
364 3209 453 3260 neque
473 3195 616 3259 imperavit
639 3194 698 3245 sive
714 3193 844 3246 bonorum
865 3196 1029 3262 ereptionem
1044 3196 1103 3246 sive
1122 3197 1294 3247 mutationem

192 3265 356 3318 conditionis
376 3264 435 3315 sivo
466 3264 539 3315 aliud
558 3266 644 3316 damni
665 3274 691 3317 et
710 3266 868 3317 calamitatis
886 3267 1048 3330 discrimen,
1068 3268 1120 3317 nisi
1139 3283 1168 3317 re
1190 3268 1293 3318 exarui.

192 3344 254 3388 nata
274 3342 301 3385 et
319 3335 463 3386 diiudicata
480 3343 505 3386 et
519 3335 625 3404 legibus
644 3338 867 3389 accommodatam
884 3345 910 3388 et
928 3340 1114 3390 concinentem
1134 3340 1292 3391 sententiam

196 3408 341 3473 acciperet·
363 3421 428 3473 ergo
449 3408 526 3457 etiam
547 3413 638 3459 omnes
658 3416 735 3476 grato
754 3410 842 3459 animo
862 3408 997 3460 decretum
1016 3410 1128 3461 maxime
1146 3409 1293 3478 legitimum

195 3485 222 3530 et
240 3480 338 3529 iustum
364 3478 438 3529 cives
464 3485 490 3529 et
515 3487 655 3530 senatores
681 3480 844 3546 accipientes
872 3488 898 3531 et
916 3481 1079 3546 recipientes
1100 3485 1202 3550 (coram
1223 3482 1293 3533 eninr

194 3548 316 3604 omnibus
334 3551 474 3604 recitatum
493 3555 547 3619 cst)
568 3550 657 3603 multis
675 3550 798 3603 laudibus
819 3558 846 3601 et
865 3550 1210 3621 clamoribuspinventorem
1230 3552 1294 3620 pul.

195 3620 386 3672 cherrimorum
413 3629 440 3672 ct
461 3621 634 3673 liberatorem
663 3622 800 3673 hominum
827 3621 991 3675 honorarunt
1015 3623 1238 3692 celebraruntque
1265 3632 1295 3674 nt

196 3692 240 3760 qui
261 3699 288 3742 et
305 3692 414 3757 publice
433 3692 569 3744 beneficus
591 3701 662 3745 esset
686 3693 868 3745 communibus
888 3696 968 3749 iussis
990 3703 1016 3746 et
1035 3696 1139 3760 edictis,
1158 3703 1184 3747 et
1201 3697 1294 3762 priva-

135 3759 145 3777 '
197 3770 239 3814 tos
258 3777 350 3814 omnes
376 3772 507 3831 perpetuo
538 3764 718 3830 exhilararet,
744 3773 771 3817 et
795 3766 941 3818 domestica
969 3766 1080 3818 donaret
1098 3768 1171 3819 iura:
1197 3767 1295 3819 multos

197 3834 277 3899 enim,
296 3835 433 3903 magisque
454 3850 544 3887 omnes
563 3837 591 3886 in
610 3836 680 3888 bona
694 3844 772 3888 antea
791 3844 884 3904 erepta
896 3838 1014 3890 restituit
1028 3846 1054 3889 et
1072 3840 1186 3891 reditum
1205 3853 1296 3891 eornm

198 3919 232 3956 ex
251 3904 348 3957 exsilio
363 3906 488 3964 decrerit
509 3915 536 3958 et
556 3908 675 3959 iacentes
695 3909 746 3959 iam
767 3917 793 3960 et
811 3909 960 3962 immolatos
979 3911 1150 3963 resuscitavit
1170 3919 1197 3963 et
1214 3910 1296 3979 spiri.

197 3983 252 4028 tum
271 3975 383 4041 inflavit,
404 3992 457 4045 quo
476 3986 554 4030 antea
571 3980 669 4045 privati
690 3987 773 4031 erant.

296 4071 385 4140 Atque
403 4072 467 4141 quid
486 4080 593 4139 oportet
610 4073 692 4126 multa
710 4074 821 4127 dicere?
845 4076 868 4128 si
888 4078 976 4129 omnia
994 4078 1122 4145 deinceps
1142 4077 1220 4130 huius
1237 4092 1298 4129 ιο-

198 4157 252 4211 gna
270 4142 341 4197 laeta
358 4144 511 4198 describere
530 4144 681 4212 suscipiam,
702 4146 798 4201 similis
818 4162 865 4199 ero
885 4150 936 4215 iis,
955 4150 1000 4218 qui
1029 4149 1184 4203 atlanticum
1201 4148 1300 4203 volunt
