2875 4734
150 319 152 336 .
225 231 299 321 aaa
521 226 742 319 urcmuus
772 247 1031 318 nrranromn

226 425 280 514 ρίηι
301 407 468 508 χρειώδεις
487 414 754 504 ὑποστησάμενος,
775 422 830 483 καί
849 415 942 500 τιμὰς
970 410 1048 482 ὅσαι
1072 415 1170 505 τούτῳ
1192 416 1326 483 ἐδόκουν

224 522 380 608 ὁσημέραι
399 520 706 606 καταπραττόμενος,
719 522 919 606 Ιε’ςοαπλοῖσαι
949 516 1006 603 την
1033 525 1130 611 χεῖρα
1152 516 1327 602 καὶμέχρι

222 624 404 714 Βυζαντίου
426 623 636 703 διεμελέτηαε,
655 623 714 684 καί
734 613 838 706 ἑαυτῷ
859 621 1098 710 προεκκαδοῖραι
1118 620 1172 683 καί
1192 620 1325 682 λειιόοαι

224 721 283 807 τήν
302 724 348 797 εἰς
378 719 418 787 τί
445 723 593 803 βασιλεια
623 718 756 786 εἴσοδον.
805 725 940 804 τιμήσας
969 712 1026 785 οὖν
1047 718 1103 805 τὸν
1121 716 1202 785 ἴδιον
1223 713 1329 791 ον’τοίι
1423 776 1424 793 ,

223 826 341 907 δελφον
369 819 514 905 Ἰοοοίννην
542 824 586 907 τῷ
612 824 674 886 τοίν
703 818 950 903 κουροπαλιίτοον
974 824 1131 906 ἐπιφανεῖ
1154 818 1351 901 dissipatas,

222 919 377 1002 δυνάμεις
399 918 501 1005 δδροὶς
523 919 696 1006 ἐνεχείρισε
712 921 868 1005 καίνπρὸς
892 918 970 985 adad
997 918 1031 985 τὸ
1047 920 1226 999 Βυζάντιον
1247 922 1321 997 ε’ξα-

223 1026 374 1103 πέοτειλε,
397 1025 527 1096 πίσυνος
548 1015 593 1087 (δν
614 1020 658 1097 nic
683 1023 812 1105 ἐπείπερ
835 1017 864 1084 οἱ
888 1026 1014 1085 πολῖται
1035 1018 1245 1103 τὸνβασιλέα
1263 1020 1323 1085 σδν
1423 1046 1424 1105 η

221 1125 267 1208 τῷ
283 1124 438 1209 λογοθέτη
460 1125 502 1187 δι’
523 1122 619 1207 α’ργῆς
646 1120 701 1187 καί
720 1124 835 1203 μίσους
854 1123 984 1203 ιίτενοῦς
1008 1118 1129 1206 ἔχουσι,
1150 1125 1324 1206 προσέξου-
1423 1120 1424 1131 ³

224 1224 261 1285 σί
279 1243 314 1283 τε
345 1225 432 1309 αὐτῷ
461 1220 541 1303 μετοὶ
570 1225 758 1308 τηλικαύτης
797 1224 948 1305 στρατιᾶς
975 1224 1240 1307 παρατεταγμένην
1270 1222 1325 1285 καί

224 1323 447 1405 αροσδέξονται
468 1319 529 1387 οὐν
552 1321 733 1406 ὁμολογίαις
756 1324 855 1401 ε’ντός,
878 1326 933 1387 καί
953 1318 1053 1396 οὕτως
1073 1320 1173 1395 ἅδοαῖς
1194 1324 1367 1405 dulgas-10

130 1427 133 1433 ’
223 1418 314 1505 τήσει
334 1423 432 1498 αιίτδς
456 1426 490 1489 ἐν
509 1420 677 1514 ἓτοιμασίηι
698 1426 848 1511 βασιλικῇ
871 1422 925 1489 καί
946 1421 1098 1511 ἀποδοχῇ.
1156 1420 1222 1485 ἀλλ’
1245 1413 1323 1503 ἧνᾶ

222 1522 339 1597 σκοπός
360 1519 421 1603 ἔξω
441 1527 496 1610 τῆς
515 1528 574 1590 τοῦ
585 1530 752 1605 μέλλοντος
773 1521 971 1605 ἀποβάσεως.
994 1526 1048 1609 τῆς
1067 1520 1203 1605 μὲνγὰρ
1223 1546 1323 1606 στρα-

223 1627 296 1698 τιοῖς
323 1624 360 1686 τὸ
383 1628 668 1708 συγκεκροτημένον
698 1624 754 1688 καί
785 1621 1036 1709 πολυάνθρωπον
1064 1618 1131 1706 εἶχέ
1151 1647 1224 1687 τινα
1244 1619 1325 1705 πρός

222 1721 295 1797 τοδς
322 1722 409 1797 ε’κτὸς
436 1724 579 1809 φοβερὰν
607 1722 810 1811 ἐπιφάνειαν,
833 1729 887 1789 καί
917 1729 1036 1811 μᾶλλον
1054 1719 1102 1789 ὅτι
1122 1723 1176 1787 καί
1197 1727 1236 1810 τῇ
1256 1726 1326 1787 Πε-

224 1826 347 1913 ρίνθῳ,
377 1824 415 1910 τῇ
435 1828 499 1889 ’νῦν
515 1825 688 1916 Ἡρακλείηι
718 1830 914 1914 καλουμένη,
934 1822 1213 1910 προσπαραβαλοόν
1235 1822 1326 1887 droti
1337 1832 1370 1887 15

222 1923 649 2013 Βρυιννιλνυατίτοίδελφος,
682 1928 727 2011 μὴ
766 1922 1040 2015 συηκατανενοτίση
1071 1922 1150 2006 πρὸς
1180 1922 1238 2009 τὴν
1267 1924 1327 1986 τοῦ

224 2026 399 2107 Βρυεννίου
418 2026 595 2111 οίνοὶρρησιν
615 2027 667 2092 διδ
689 2027 727 2091 τὸ
749 2027 803 2092 καί
822 2023 1020 2111 στρατιώτας
1042 2023 1132 2091 ἔνδον
1153 2022 1238 2107 ἔχειν
1259 2028 1325 2105 βα-

224 2117 381 2207 σιλὶκοίς,
411 2122 492 2191 κατα
523 2127 640 2210 κροίτος
667 2121 731 2193 εἷλε
754 2133 809 2195 καί
836 2124 971 2201 πολλοὺς
999 2126 1120 2191 ἀνεῖλεν
1140 2120 1248 2213 αὐτῆς,
1273 2122 1329 2189 καί

223 2221 262 2290 τοὶ
288 2224 475 2325 ε’κτδςμετοὶ
499 2230 562 2292 τοῖν
582 2226 671 2294 ἔνδον
691 2228 839 2317 ἐδῄωσεν.
889 2224 1077 2313 ὑπεχώρησε
1097 2225 1155 2312 γὰρ
1180 2224 1233 2290 καί
1253 2220 1270 2287 δ
1292 2226 1327 2289 ἐν

225 2330 412 2422 Σηλυμβρίη
444 2327 626 2415 ἐφεδρεύων
641 2323 781 2409 ’Artem
801 2330 955 2416 πρόεδρος
990 2326 1006 2391 d
1029 2320 1207 2414 Κομνηνίς,
1229 2328 1371 2407 darei-20

224 2449 328 2501 οτικος
354 2420 565 2513 denegaveris
586 2429 707 2504 δύσεως
739 2433 947 2515 προβληθείς,
981 2426 1063 2510 μοτοὶ
1085 2432 1149 2492 τοῖν
1169 2424 1327 2492 συνόντων

222 2526 313 2612 αὐτῷ
336 2536 564 2612 στρατιωτῶν,
593 2532 649 2593 καί
667 2532 706 2617 τῇ
725 2528 941 2617 βασιλευούσῃ
971 2528 1153 2603 σπουδαίους
1174 2525 1327 2613 ἐπανελη-

225 2630 332 2689 λοθεν.
375 2630 406 2691 οἱ
427 2627 538 2713 δὲτὴν
558 2633 711 2713 βασιλίδα
734 2633 891 2705 οἰκοῦντες
923 2632 1074 2711 ου’δαμοῖς
1095 2626 1174 2713 πρὸς
1197 2628 1252 2713 τήν
1271 2630 1327 2711 τῆς

225 2728 375 2810 στρατιᾶς
407 2731 606 2816 ἔπιφοίτησιν
640 2732 902 2816 κατεπλάγησαν,
936 2733 1006 2795 ἀλλ’
1026 2723 1127 2803 οὕτως
1146 2722 1232 2811 εἶχον
1253 2733 1330 2812 περί

296 2902 324 2957 8.
341 2900 453 2978 μίσους
471 2906 591 2981 ἀμενοῦς
613 2908 643 2963 0.
703 2952 722 2981 ·.
807 2934 809 2939 ·

225 3090 366 3159 porrigere
380 3105 484 3141 manum
503 3089 556 3151 vel,
568 3106 652 3158 usque
671 3092 704 3143 ad
723 3089 880 3157 Byzantium
898 3088 1039 3140 meditatus
1062 3094 1102 3139 est
1112 3124 1120 3151 ‚
1145 3094 1171 3137 et
1189 3085 1239 3138 sibi
1259 3100 1327 3152 pur.

224 3177 290 3230 gare
318 3168 345 3211 et
370 3161 539 3226 complanare
565 3162 662 3213 aditum
681 3164 708 3212 in
732 3162 843 3229 regiam.
888 3174 984 3211 ornans
1009 3159 1091 3227 igitur
1121 3173 1197 3208 suum
1217 3157 1327 3209 fratrem

221 3233 350 3289 Ioannem
379 3231 534 3297 curopalati
555 3232 654 3284 illustri
672 3234 802 3300 dignitate
825 3233 959 3282 exercitus
977 3239 1017 3283 sat
1042 3224 1151 3295 magnus
1172 3230 1197 3278 ei
1218 3228 1328 3279 tradidit

224 3311 251 3353 et
270 3301 398 3353 adversus
424 3304 508 3367 ipsam
528 3303 686 3370 Byzantium
713 3303 827 3367 dimisit,
855 3302 990 3353 conlidens
1018 3300 1230 3369 quandoquidem
1249 3300 1326 3351 cives

223 3389 315 3441 regem
336 3381 361 3423 et
379 3372 545 3441 logothetam
564 3376 621 3426 irae
633 3382 658 3425 et
678 3376 739 3425 edio
757 3375 846 3426 infimo
862 3373 1004 3437 habebant,
1026 3387 1071 3423 ees
1088 3385 1242 3423 accessuros
1263 3385 1326 3421 esse

222 3446 255 3497 ad
275 3459 334 3495 eum
353 3442 401 3495 tali
421 3446 542 3497 exercitu
562 3446 717 3498 instructum
745 3454 772 3496 et
790 3453 946 3510 recepturos
966 3460 1025 3494 cum
1047 3457 1165 3504 assensu,
1184 3448 1265 3507 atque
1286 3442 1338 3492 sie'

222 3533 252 3569 se
270 3524 329 3569 tuto
347 3516 522 3568 adventurum
542 3532 602 3570 esse
622 3517 717 3583 ipsum,
737 3516 814 3583 regie
827 3516 957 3567 firmatum
976 3524 1002 3566 et
1017 3521 1164 3581 exceptum.
1201 3512 1248 3563 sed
1268 3518 1327 3562 erat

222 3588 388 3656 propositum
417 3595 492 3639 extra
518 3602 608 3640 eorum
636 3602 704 3655 quae
728 3587 817 3638 futura
840 3595 921 3637 erant
942 3587 1048 3637 exitum.
1100 3585 1235 3651 copiarum
1255 3582 1325 3633 enim

223 3660 381 3709 exercitatio
401 3666 428 3709 et
446 3658 586 3711 multitudo
600 3659 715 3710 habebat
734 3659 862 3727 quandam
881 3658 915 3709 iis
930 3658 975 3725 qui
995 3663 1159 3725 extraerant
1177 3652 1326 3727 terribilem

222 3729 349 3793 speciem,
371 3744 457 3796 eoque
475 3732 558 3798 magis
578 3732 648 3799 quod
670 3731 748 3781 etiam
768 3727 931 3792 Perinthum,
961 3744 1028 3795 quae
1047 3740 1117 3779 nunc
1137 3732 1249 3777 vocatur
1267 3722 1325 3774 lle-

223 3797 323 3862 raclea,
344 3814 486 3867 aggressus
506 3803 589 3853 frater
607 3802 747 3868 Bryennii,
767 3816 821 3852 non
841 3800 1000 3853 adnuenlem
1018 3801 1051 3851 ad
1068 3798 1198 3863 Bryennii
1219 3810 1322 3846 renun-

221 3870 370 3933 liudonem,¹
395 3886 453 3921 cum
473 3875 550 3924 etiam
571 3873 671 3925 milites
694 3875 766 3925 intus
786 3872 897 3923 haberet
916 3871 1016 3938 regios,
1042 3871 1070 3922 vi
1090 3870 1163 3935 cepit
1183 3876 1209 3918 et
1228 3865 1325 3917 multos

221 3944 249 3991 in
270 3956 301 3990 ea
319 3940 437 4004 sustulit,
458 3951 485 3993 et
504 3953 613 3997 externa
637 3960 695 3995 cum
721 3946 765 4010 iis,
785 3959 854 4013 quae
876 3944 946 3993 intus
968 3948 1050 4006 erant,
1080 3940 1238 3991 devastavit.
1276 3952 1326 3986 re.

221 4013 304 4063 cessit
322 4013 393 4062 enim
412 4013 490 4063 eliam
515 4018 560 4081 qui
581 4015 748 4082 Selymbriae
772 4011 1036 4070 insidebatJAlexius
1067 4011 1217 4063 Gomuenus
1242 4022 1326 4075 prae-

221 4098 283 4147 ses,
304 4083 469 4136 domesticus
497 4094 591 4151 postea
619 4088 766 4140 occidentis
796 4096 916 4149 creatus,
938 4098 996 4134 eum
1022 4082 1152 4135 militibus
1172 4082 1226 4133 suis
1246 4086 1272 4129 et
1290 4078 1325 4129 ad

222 4154 325 4219 regiam
343 4155 461 4209 studiose
479 4156 568 4207 rediit.
606 4160 652 4226 qni
670 4167 760 4209 nutem
779 4158 871 4209 urbem
885 4154 1069 4209 inhabitabant
1079 4147 1253 4221 nequaquam
1271 4148 1324 4202 ad-
