<?xml version="1.0" encoding="UTF-8"?>
<!DOCTYPE html PUBLIC "-//W3C//DTD XHTML 1.0 Transitional//EN"
    "http://www.w3.org/TR/xhtml1/DTD/xhtml1-transitional.dtd">
<html xmlns="http://www.w3.org/1999/xhtml" xml:lang="en" lang="en">
 <head>
  <title>
</title>
<meta http-equiv="Content-Type" content="text/html;charset=utf-8" />
  <meta name='ocr-system' content='tesseract 3.04.00' />
  <meta name='ocr-capabilities' content='ocr_page ocr_carea ocr_par ocr_line ocrx_word'/>
</head>
<body>
  <div class='ocr_page' id='page_1' title='image "./corpusscriptoru05theogoog_0068.png"; bbox 0 0 2875 4734; ppageno 0'>
   <div class='ocr_carea' id='block_1_1' title="bbox 329 118 337 158">
    <p class='ocr_par' dir='ltr' id='par_1_1' title="bbox 329 118 337 158">
     <span class='ocr_line' id='line_1_1' title="bbox 329 118 337 158; baseline 0 0"><span class='ocrx_word' id='word_1_1' title='bbox 329 118 337 158; x_wconf 77' lang='lat' dir='ltr'><strong>i</strong></span> 
     </span>
    </p>
   </div>
   <div class='ocr_carea' id='block_1_2' title="bbox 227 189 1032 266">
    <p class='ocr_par' dir='ltr' id='par_1_2' title="bbox 227 189 1032 266">
     <span class='ocr_line' id='line_1_2' title="bbox 227 189 1032 266; baseline -0.004 -1"><span class='ocrx_word' id='word_1_2' title='bbox 227 189 278 265; x_wconf 62' lang='lat'><strong>50</strong></span> <span class='ocrx_word' id='word_1_3' title='bbox 525 192 743 266; x_wconf 75' lang='lat' dir='ltr'><strong>utcunuuts</strong></span> <span class='ocrx_word' id='word_1_4' title='bbox 772 192 1032 266; x_wconf 69' lang='lat' dir='ltr'><strong>awtntouaa</strong></span> 
     </span>
    </p>
   </div>
   <div class='ocr_carea' id='block_1_3' title="bbox 188 352 1434 2361">
    <p class='ocr_par' dir='ltr' id='par_1_3' title="bbox 229 352 1334 645">
     <span class='ocr_line' id='line_1_3' title="bbox 229 352 1333 443; baseline -0.005 -19"><span class='ocrx_word' id='word_1_5' title='bbox 229 359 327 440; x_wconf 79' lang='grc' dir='ltr'><strong><em>μόσον</em></strong></span> <span class='ocrx_word' id='word_1_6' title='bbox 349 358 405 440; x_wconf 75' lang='grc' dir='ltr'><strong><em>τῆς</em></strong></span> <span class='ocrx_word' id='word_1_7' title='bbox 424 355 550 442; x_wconf 76' lang='grc' dir='ltr'><strong><em>ῥόχεοος</em></strong></span> <span class='ocrx_word' id='word_1_8' title='bbox 581 357 731 443; x_wconf 84' lang='grc' dir='ltr'><strong><em>κόρτωμό</em></strong></span> <span class='ocrx_word' id='word_1_9' title='bbox 754 384 783 422; x_wconf 88' lang='grc' dir='ltr'><strong>τι</strong></span> <span class='ocrx_word' id='word_1_10' title='bbox 814 358 996 442; x_wconf 73' lang='grc' dir='ltr'><em>ἀνίστησιν,</em></span> <span class='ocrx_word' id='word_1_11' title='bbox 1034 353 1105 442; x_wconf 79' lang='grc' dir='ltr'><strong><em>ἴσην</em></strong></span> <span class='ocrx_word' id='word_1_12' title='bbox 1127 352 1243 437; x_wconf 78' lang='grc' dir='ltr'><strong><em>δὲτὴν</em></strong></span> <span class='ocrx_word' id='word_1_13' title='bbox 1268 353 1333 419; x_wconf 88' lang='grc' dir='ltr'><strong><em>α’πό</em></strong></span> 
     </span>
     <span class='ocr_line' id='line_1_4' title="bbox 231 451 1334 546; baseline -0.002 -24"><span class='ocrx_word' id='word_1_14' title='bbox 231 460 295 524; x_wconf 83' lang='grc' dir='ltr'><strong><em>τοόν</em></strong></span> <span class='ocrx_word' id='word_1_15' title='bbox 318 457 427 523; x_wconf 81' lang='grc' dir='ltr'><strong><em>νοότιον</em></strong></span> <span class='ocrx_word' id='word_1_16' title='bbox 446 451 525 540; x_wconf 82' lang='grc' dir='ltr'><strong><em>όχρι</em></strong></span> <span class='ocrx_word' id='word_1_17' title='bbox 547 463 605 522; x_wconf 80' lang='grc' dir='ltr'><strong><em>τοῦ</em></strong></span> <span class='ocrx_word' id='word_1_18' title='bbox 627 459 760 546; x_wconf 77' lang='grc' dir='ltr'><strong><em>οὐραίου</em></strong></span> <span class='ocrx_word' id='word_1_19' title='bbox 781 460 912 528; x_wconf 60' lang='lat' dir='ltr'><strong>edition</strong></span> <span class='ocrx_word' id='word_1_20' title='bbox 933 461 1105 544; x_wconf 74' lang='grc' dir='ltr'><strong><em>ἔνι’στησιν,</em></strong></span> <span class='ocrx_word' id='word_1_21' title='bbox 1138 457 1196 521; x_wconf 71' lang='lat' dir='ltr'><strong>onix</strong></span> <span class='ocrx_word' id='word_1_22' title='bbox 1219 452 1252 520; x_wconf 78' lang='grc' dir='ltr'><strong>όν</strong></span> <span class='ocrx_word' id='word_1_23' title='bbox 1273 453 1334 544; x_wconf 81' lang='grc' dir='ltr'><strong>ἴσῳ</strong></span> 
     </span>
     <span class='ocr_line' id='line_1_5' title="bbox 232 551 1333 645; baseline -0.002 -23"><span class='ocrx_word' id='word_1_24' title='bbox 232 561 267 622; x_wconf 75' lang='grc' dir='ltr'><strong>δὲ</strong></span> <span class='ocrx_word' id='word_1_25' title='bbox 290 557 534 645; x_wconf 64' lang='grc' dir='ltr'><strong><em>τῷόψιόματι·</em></strong></span> <span class='ocrx_word' id='word_1_26' title='bbox 584 557 621 623; x_wconf 86' lang='grc' dir='ltr'><strong><em>τό</em></strong></span> <span class='ocrx_word' id='word_1_27' title='bbox 654 558 797 644; x_wconf 74' lang='grc' dir='ltr'><strong><em>μὲνγὰρ</em></strong></span> <span class='ocrx_word' id='word_1_28' title='bbox 834 559 911 645; x_wconf 87' lang='grc' dir='ltr'><strong><em>πρὸς</em></strong></span> <span class='ocrx_word' id='word_1_29' title='bbox 944 562 1044 624; x_wconf 80' lang='grc' dir='ltr'><strong><em>νιότον</em></strong></span> <span class='ocrx_word' id='word_1_30' title='bbox 1064 559 1159 624; x_wconf 82' lang='grc' dir='ltr'><strong><em>τοόδτ</em></strong></span> <span class='ocrx_word' id='word_1_31' title='bbox 1181 557 1226 632; x_wconf 87' lang='grc' dir='ltr'><strong>ιίς</strong></span> <span class='ocrx_word' id='word_1_32' title='bbox 1248 551 1333 639; x_wconf 82' lang='grc' dir='ltr'><strong><em>όψος</em></strong></span> 
     </span>
    </p>

    <p class='ocr_par' dir='ltr' id='par_1_4' title="bbox 188 643 1332 746">
     <span class='ocr_line' id='line_1_6' title="bbox 188 643 1332 746; baseline -0.001 -22"><span class='ocrx_word' id='word_1_33' title='bbox 188 643 191 654; x_wconf 31' lang='lat'><em>¹</em></span> <span class='ocrx_word' id='word_1_34' title='bbox 231 661 405 744; x_wconf 73' lang='grc' dir='ltr'><strong><em>ἐπαίρεται,</em></strong></span> <span class='ocrx_word' id='word_1_35' title='bbox 428 660 468 725; x_wconf 84' lang='grc' dir='ltr'><strong><em>τό</em></strong></span> <span class='ocrx_word' id='word_1_36' title='bbox 491 648 527 726; x_wconf 83' lang='grc' dir='ltr'><strong>δὲ</strong></span> <span class='ocrx_word' id='word_1_37' title='bbox 549 657 629 742; x_wconf 89' lang='grc' dir='ltr'><strong><em>πρός</em></strong></span> <span class='ocrx_word' id='word_1_38' title='bbox 651 659 758 746; x_wconf 85' lang='grc' dir='ltr'><strong><em>όσφόν</em></strong></span> <span class='ocrx_word' id='word_1_39' title='bbox 779 665 1006 745; x_wconf 77' lang='grc' dir='ltr'><strong>ταπεινοτέραν</strong></span> <span class='ocrx_word' id='word_1_40' title='bbox 1033 659 1101 742; x_wconf 79' lang='grc' dir='ltr'><strong><em>ἔχει</em></strong></span> <span class='ocrx_word' id='word_1_41' title='bbox 1122 656 1177 723; x_wconf 76' lang='grc' dir='ltr'><strong><em>κατ’</em></strong></span> <span class='ocrx_word' id='word_1_42' title='bbox 1195 661 1332 742; x_wconf 73' lang='grc' dir='ltr'><strong><em>χθαμα-</em></strong></span> 
     </span>
    </p>

    <p class='ocr_par' dir='ltr' id='par_1_5' title="bbox 229 758 1434 1457">
     <span class='ocr_line' id='line_1_7' title="bbox 230 758 1358 846; baseline -0.001 -22"><span class='ocrx_word' id='word_1_43' title='bbox 230 763 373 842; x_wconf 76' lang='grc' dir='ltr'><strong><em>λωτέραν</em></strong></span> <span class='ocrx_word' id='word_1_44' title='bbox 400 759 459 846; x_wconf 75' lang='grc' dir='ltr'><strong><em>τὴν</em></strong></span> <span class='ocrx_word' id='word_1_45' title='bbox 487 761 656 840; x_wconf 76' lang='grc' dir='ltr'><strong><em>σόνθισιν,</em></strong></span> <span class='ocrx_word' id='word_1_46' title='bbox 694 758 736 838; x_wconf 82' lang='grc' dir='ltr'><strong>σός</strong></span> <span class='ocrx_word' id='word_1_47' title='bbox 766 766 902 828; x_wconf 78' lang='grc' dir='ltr'><strong><em>ἑοικέναι</em></strong></span> <span class='ocrx_word' id='word_1_48' title='bbox 929 761 1049 845; x_wconf 87' lang='grc' dir='ltr'><strong><em>ταότην</em></strong></span> <span class='ocrx_word' id='word_1_49' title='bbox 1082 760 1249 845; x_wconf 80' lang='grc' dir='ltr'><strong><em>α’ναφιριῖ</em></strong></span> <span class='ocrx_word' id='word_1_50' title='bbox 1272 760 1358 823; x_wconf 82' lang='grc' dir='ltr'><strong><em>τινί5</em></strong></span> 
     </span>
     <span class='ocr_line' id='line_1_8' title="bbox 230 857 1434 980; baseline -0.003 -54"><span class='ocrx_word' id='word_1_51' title='bbox 230 866 358 950; x_wconf 80' lang='grc' dir='ltr'><strong><em>σιιοπιρῖ,</em></strong></span> <span class='ocrx_word' id='word_1_52' title='bbox 395 863 429 926; x_wconf 83' lang='grc' dir='ltr'><strong>εἰι</strong></span> <span class='ocrx_word' id='word_1_53' title='bbox 449 863 675 944; x_wconf 43' lang='grc' dir='ltr'><strong>χθαμαλοᾙ</strong></span> <span class='ocrx_word' id='word_1_54' title='bbox 656 865 828 950; x_wconf 75' lang='grc' dir='ltr'><strong><em>αρχομόνῃ.</em></strong></span> <span class='ocrx_word' id='word_1_55' title='bbox 882 862 919 927; x_wconf 90' lang='grc' dir='ltr'><strong><em>τό</em></strong></span> <span class='ocrx_word' id='word_1_56' title='bbox 952 863 987 926; x_wconf 83' lang='grc' dir='ltr'><strong>δὲ</strong></span> <span class='ocrx_word' id='word_1_57' title='bbox 1008 860 1152 943; x_wconf 81' lang='grc' dir='ltr'><strong><em>βόδισμα</em></strong></span> <span class='ocrx_word' id='word_1_58' title='bbox 1176 857 1402 980; x_wconf 78' lang='grc' dir='ltr'><strong><em>διάφορον</em></strong></span> <span class='ocrx_word' id='word_1_59' title='bbox 1433 868 1434 873; x_wconf 76' lang='grc'>’</span> 
     </span>
     <span class='ocr_line' id='line_1_9' title="bbox 230 940 1402 1046; baseline -0.002 -20"><span class='ocrx_word' id='word_1_60' title='bbox 230 969 296 1038; x_wconf 80' lang='grc' dir='ltr'><strong><em>τοϊς</em></strong></span> <span class='ocrx_word' id='word_1_61' title='bbox 319 954 426 1039; x_wconf 88' lang='grc' dir='ltr'><strong><em>αλλοις</em></strong></span> <span class='ocrx_word' id='word_1_62' title='bbox 449 958 541 1042; x_wconf 84' lang='grc' dir='ltr'><strong><em>ζιόοις</em></strong></span> <span class='ocrx_word' id='word_1_63' title='bbox 561 966 616 1028; x_wconf 71' lang='grc' dir='ltr'><strong>καὶ</strong></span> <span class='ocrx_word' id='word_1_64' title='bbox 637 960 765 1041; x_wconf 57' lang='lat' dir='ltr'><strong>§tuost</strong></span> <span class='ocrx_word' id='word_1_65' title='bbox 744 987 812 1046; x_wconf 82' lang='grc' dir='ltr'><strong><em>εχει</em></strong></span> <span class='ocrx_word' id='word_1_66' title='bbox 833 962 1050 1029; x_wconf 80' lang='grc' dir='ltr'><strong><em>παντάπασιν</em></strong></span> <span class='ocrx_word' id='word_1_67' title='bbox 1080 963 1121 1024; x_wconf 84' lang='grc' dir='ltr'><strong>ου’</strong></span> <span class='ocrx_word' id='word_1_68' title='bbox 1141 960 1202 1044; x_wconf 75' lang='grc' dir='ltr'><strong>γὰρ</strong></span> <span class='ocrx_word' id='word_1_69' title='bbox 1224 940 1402 1045; x_wconf 82' lang='grc' dir='ltr'><strong><em>οόσπερ</em></strong></span> 
     </span>
     <span class='ocr_line' id='line_1_10' title="bbox 229 1057 1333 1150; baseline -0.001 -22"><span class='ocrx_word' id='word_1_70' title='bbox 229 1065 331 1128; x_wconf 66' lang='lat' dir='ltr'><strong>tustra</strong></span> <span class='ocrx_word' id='word_1_71' title='bbox 351 1060 426 1139; x_wconf 86' lang='grc' dir='ltr'><strong><em>τοός</em></strong></span> <span class='ocrx_word' id='word_1_72' title='bbox 447 1061 613 1139; x_wconf 78' lang='grc' dir='ltr'><strong><em>όπισθιόος</em></strong></span> <span class='ocrx_word' id='word_1_73' title='bbox 641 1067 775 1143; x_wconf 84' lang='grc' dir='ltr'><strong><em>πόδας’</em></strong></span> <span class='ocrx_word' id='word_1_74' title='bbox 759 1062 874 1150; x_wconf 77' lang='grc' dir='ltr'><strong><em>εγιόριι</em></strong></span> <span class='ocrx_word' id='word_1_75' title='bbox 893 1063 1066 1150; x_wconf 84' lang='grc' dir='ltr'><strong><em>πρότερον,</em></strong></span> <span class='ocrx_word' id='word_1_76' title='bbox 1086 1057 1156 1127; x_wconf 77' lang='grc' dir='ltr'><strong><em>εἶτα</em></strong></span> <span class='ocrx_word' id='word_1_77' title='bbox 1177 1059 1253 1139; x_wconf 87' lang='grc' dir='ltr'><strong><em>τοός</em></strong></span> <span class='ocrx_word' id='word_1_78' title='bbox 1274 1065 1333 1143; x_wconf 78' lang='grc' dir='ltr'><strong>ἑμ-</strong></span> 
     </span>
     <span class='ocr_line' id='line_1_11' title="bbox 229 1162 1333 1249; baseline -0.001 -21"><span class='ocrx_word' id='word_1_79' title='bbox 229 1169 427 1249; x_wconf 83' lang='grc' dir='ltr'><strong><em>προσθιόιις,</em></strong></span> <span class='ocrx_word' id='word_1_80' title='bbox 458 1164 527 1230; x_wconf 72' lang='grc' dir='ltr'><strong><em>ἀλλ’</em></strong></span> <span class='ocrx_word' id='word_1_81' title='bbox 549 1163 683 1245; x_wconf 75' lang='grc' dir='ltr'><strong><em>ἐναλλὰξ</em></strong></span> <span class='ocrx_word' id='word_1_82' title='bbox 710 1165 785 1241; x_wconf 86' lang='grc' dir='ltr'><strong><em>τοός</em></strong></span> <span class='ocrx_word' id='word_1_83' title='bbox 807 1169 860 1249; x_wconf 81' lang='grc' dir='ltr'><strong><em>τῆς</em></strong></span> <span class='ocrx_word' id='word_1_84' title='bbox 890 1168 967 1247; x_wconf 86' lang='grc' dir='ltr'><strong>μιᾶς</strong></span> <span class='ocrx_word' id='word_1_85' title='bbox 986 1167 1127 1248; x_wconf 80' lang='grc' dir='ltr'><strong><em>πλευρᾶς</em></strong></span> <span class='ocrx_word' id='word_1_86' title='bbox 1151 1162 1211 1228; x_wconf 91' lang='grc' dir='ltr'><strong>δόο</strong></span> <span class='ocrx_word' id='word_1_87' title='bbox 1231 1163 1333 1237; x_wconf 81' lang='grc' dir='ltr'><strong><em>πόδας</em></strong></span> 
     </span>
     <span class='ocr_line' id='line_1_12' title="bbox 229 1261 1403 1354; baseline 0 -26"><span class='ocrx_word' id='word_1_88' title='bbox 229 1261 315 1348; x_wconf 79' lang='grc' dir='ltr'><strong><em>αἴρει</em></strong></span> <span class='ocrx_word' id='word_1_89' title='bbox 336 1289 369 1330; x_wconf 81' lang='grc' dir='ltr'><strong>τι</strong></span> <span class='ocrx_word' id='word_1_90' title='bbox 390 1264 447 1354; x_wconf 98' lang='grc' dir='ltr'><strong><em>καί</em></strong></span> <span class='ocrx_word' id='word_1_91' title='bbox 464 1274 553 1349; x_wconf 80' lang='grc' dir='ltr'><strong><em>κινεῖ,</em></strong></span> <span class='ocrx_word' id='word_1_92' title='bbox 580 1267 635 1331; x_wconf 73' lang='grc' dir='ltr'><strong><em>κατ’</em></strong></span> <span class='ocrx_word' id='word_1_93' title='bbox 655 1261 754 1342; x_wconf 79' lang='grc' dir='ltr'><strong><em>αόθις</em></strong></span> <span class='ocrx_word' id='word_1_94' title='bbox 776 1262 858 1349; x_wconf 86' lang='grc' dir='ltr'><strong><em>όμοό</em></strong></span> <span class='ocrx_word' id='word_1_95' title='bbox 879 1268 954 1342; x_wconf 78' lang='grc' dir='ltr'><strong><em>τοὺς</em></strong></span> <span class='ocrx_word' id='word_1_96' title='bbox 982 1267 1037 1349; x_wconf 81' lang='grc' dir='ltr'><strong><em>τῆς</em></strong></span> <span class='ocrx_word' id='word_1_97' title='bbox 1061 1262 1171 1349; x_wconf 74' lang='grc' dir='ltr'><strong><em>ἑτέρας</em></strong></span> <span class='ocrx_word' id='word_1_98' title='bbox 1191 1265 1332 1349; x_wconf 81' lang='grc' dir='ltr'><strong><em>πλευροῖς</em></strong></span> <span class='ocrx_word' id='word_1_99' title='bbox 1342 1271 1375 1323; x_wconf 79' lang='lat'><strong>1⁰</strong></span> <span class='ocrx_word' id='word_1_100' title='bbox 1400 1279 1403 1287; x_wconf 89' lang='grc'><em>“</em></span> 
     </span>
     <span class='ocr_line' id='line_1_13' title="bbox 230 1360 1095 1457; baseline 0.005 -29"><span class='ocrx_word' id='word_1_101' title='bbox 230 1360 288 1429; x_wconf 89' lang='grc' dir='ltr'><strong>δόο</strong></span> <span class='ocrx_word' id='word_1_102' title='bbox 311 1363 413 1443; x_wconf 83' lang='grc' dir='ltr'><strong><em>πόδας</em></strong></span> <span class='ocrx_word' id='word_1_103' title='bbox 433 1370 467 1433; x_wconf 77' lang='grc' dir='ltr'><strong>ἐν</strong></span> <span class='ocrx_word' id='word_1_104' title='bbox 488 1366 678 1457; x_wconf 79' lang='grc' dir='ltr'><strong><em>ἰσοταλόντιρ</em></strong></span> <span class='ocrx_word' id='word_1_105' title='bbox 700 1369 757 1432; x_wconf 79' lang='grc' dir='ltr'><strong><em>καί</em></strong></span> <span class='ocrx_word' id='word_1_106' title='bbox 777 1367 897 1452; x_wconf 73' lang='grc' dir='ltr'><strong><em>κινήσει</em></strong></span> <span class='ocrx_word' id='word_1_107' title='bbox 919 1372 974 1433; x_wconf 78' lang='grc' dir='ltr'><strong><em>κατ’</em></strong></span> <span class='ocrx_word' id='word_1_108' title='bbox 994 1360 1095 1450; x_wconf 89' lang='grc' dir='ltr'><strong><em>όιρστι.</em></strong></span> 
     </span>
    </p>

    <p class='ocr_par' dir='ltr' id='par_1_6' title="bbox 229 1464 1374 2361">
     <span class='ocr_line' id='line_1_14' title="bbox 333 1464 1332 1553; baseline -0.001 -21"><span class='ocrx_word' id='word_1_109' title='bbox 333 1471 481 1546; x_wconf 77' lang='grc' dir='ltr'><strong><em>Τοιοῦτος</em></strong></span> <span class='ocrx_word' id='word_1_110' title='bbox 511 1471 547 1535; x_wconf 82' lang='grc' dir='ltr'><strong>δὲ</strong></span> <span class='ocrx_word' id='word_1_111' title='bbox 569 1467 649 1535; x_wconf 83' lang='grc' dir='ltr'><strong><em>κατδ</em></strong></span> <span class='ocrx_word' id='word_1_112' title='bbox 674 1468 751 1544; x_wconf 84' lang='grc' dir='ltr'><strong><em>τοός</em></strong></span> <span class='ocrx_word' id='word_1_113' title='bbox 770 1474 951 1553; x_wconf 42' lang='grc' dir='ltr'><strong><em>ζπροτὲροος</em></strong></span> <span class='ocrx_word' id='word_1_114' title='bbox 975 1467 1112 1551; x_wconf 83' lang='grc' dir='ltr'><strong><em>χρόνους</em></strong></span> <span class='ocrx_word' id='word_1_115' title='bbox 1131 1464 1332 1552; x_wconf 79' lang='grc' dir='ltr'><strong><em>τνγχόνιονό</em></strong></span> 
     </span>
     <span class='ocr_line' id='line_1_15' title="bbox 232 1565 1328 1654; baseline -0.001 -22"><span class='ocrx_word' id='word_1_116' title='bbox 232 1565 428 1650; x_wconf 78' lang='grc' dir='ltr'><strong><em>Μονομόχος</em></strong></span> <span class='ocrx_word' id='word_1_117' title='bbox 457 1566 513 1633; x_wconf 72' lang='lat' dir='ltr'><strong>tut</strong></span> <span class='ocrx_word' id='word_1_118' title='bbox 533 1570 734 1632; x_wconf 81' lang='grc' dir='ltr'><strong><em>πολοιιδὲσιν</em></strong></span> <span class='ocrx_word' id='word_1_119' title='bbox 763 1566 920 1654; x_wconf 78' lang='grc' dir='ltr'><strong><em>όβρότησί</em></strong></span> <span class='ocrx_word' id='word_1_120' title='bbox 947 1593 981 1634; x_wconf 83' lang='grc' dir='ltr'><strong>τι</strong></span> <span class='ocrx_word' id='word_1_121' title='bbox 1011 1572 1066 1633; x_wconf 85' lang='grc' dir='ltr'><strong><em>καί</em></strong></span> <span class='ocrx_word' id='word_1_122' title='bbox 1094 1569 1238 1652; x_wconf 79' lang='grc' dir='ltr'><strong><em>θρόψισι</em></strong></span> <span class='ocrx_word' id='word_1_123' title='bbox 1268 1567 1328 1653; x_wconf 89' lang='grc' dir='ltr'><strong>πρό</strong></span> 
     </span>
     <span class='ocr_line' id='line_1_16' title="bbox 231 1665 1331 1756; baseline 0.003 -26"><span class='ocrx_word' id='word_1_124' title='bbox 231 1665 291 1730; x_wconf 87' lang='grc' dir='ltr'><strong>δόο</strong></span> <span class='ocrx_word' id='word_1_125' title='bbox 312 1670 368 1748; x_wconf 82' lang='grc' dir='ltr'><strong><em>τῆς</em></strong></span> <span class='ocrx_word' id='word_1_126' title='bbox 386 1669 443 1731; x_wconf 82' lang='grc' dir='ltr'><strong><em>τοῦ</em></strong></span> <span class='ocrx_word' id='word_1_127' title='bbox 462 1669 536 1749; x_wconf 79' lang='grc' dir='ltr'><strong><em>βίον</em></strong></span> <span class='ocrx_word' id='word_1_128' title='bbox 560 1671 780 1756; x_wconf 80' lang='grc' dir='ltr'><strong><em>καταστροφῆς</em></strong></span> <span class='ocrx_word' id='word_1_129' title='bbox 809 1667 966 1736; x_wconf 76' lang='grc' dir='ltr'><strong><em>όνιανταῖν</em></strong></span> <span class='ocrx_word' id='word_1_130' title='bbox 994 1668 1172 1753; x_wconf 75' lang='grc' dir='ltr'><strong><em>μεταβολήν</em></strong></span> <span class='ocrx_word' id='word_1_131' title='bbox 1189 1671 1254 1734; x_wconf 83' lang='grc' dir='ltr'><strong><em>τιόν</em></strong></span> <span class='ocrx_word' id='word_1_132' title='bbox 1275 1667 1331 1753; x_wconf 82' lang='grc' dir='ltr'><strong>ἔρ-</strong></span> 
     </span>
     <span class='ocr_line' id='line_1_17' title="bbox 229 1766 1374 1855; baseline 0.003 -25"><span class='ocrx_word' id='word_1_133' title='bbox 229 1789 293 1849; x_wconf 75' lang='grc' dir='ltr'><strong>γων</strong></span> <span class='ocrx_word' id='word_1_134' title='bbox 314 1766 525 1852; x_wconf 71' lang='grc' dir='ltr'><strong><em>ἀνυπονόητον</em></strong></span> <span class='ocrx_word' id='word_1_135' title='bbox 548 1769 740 1850; x_wconf 72' lang='grc' dir='ltr'><strong><em>όπιδιιξατο.</em></strong></span> <span class='ocrx_word' id='word_1_136' title='bbox 790 1774 978 1855; x_wconf 74' lang='grc' dir='ltr'><strong><em>προστιθεῖς</em></strong></span> <span class='ocrx_word' id='word_1_137' title='bbox 1005 1772 1065 1854; x_wconf 80' lang='grc' dir='ltr'><strong>γὰρ</strong></span> <span class='ocrx_word' id='word_1_138' title='bbox 1099 1777 1165 1845; x_wconf 82' lang='grc' dir='ltr'><strong><em>τοῖς</em></strong></span> <span class='ocrx_word' id='word_1_139' title='bbox 1194 1771 1331 1834; x_wconf 84' lang='grc' dir='ltr'><strong><em>δεινοτέ-</em></strong></span> <span class='ocrx_word' id='word_1_140' title='bbox 1341 1771 1374 1823; x_wconf 84' lang='grc'><strong>15</strong></span> 
     </span>
     <span class='ocr_line' id='line_1_18' title="bbox 230 1867 1331 1957; baseline 0.005 -29"><span class='ocrx_word' id='word_1_141' title='bbox 230 1888 299 1949; x_wconf 83' lang='grc' dir='ltr'><strong><em>ροις</em></strong></span> <span class='ocrx_word' id='word_1_142' title='bbox 333 1870 396 1932; x_wconf 83' lang='grc' dir='ltr'><strong><em>τιόν</em></strong></span> <span class='ocrx_word' id='word_1_143' title='bbox 428 1868 612 1953; x_wconf 79' lang='grc' dir='ltr'><strong><em>φορολόγιον</em></strong></span> <span class='ocrx_word' id='word_1_144' title='bbox 646 1868 793 1955; x_wconf 76' lang='grc' dir='ltr'><strong><em>α’νδροῖν,</em></strong></span> <span class='ocrx_word' id='word_1_145' title='bbox 824 1867 881 1947; x_wconf 84' lang='grc' dir='ltr'><strong>οός</strong></span> <span class='ocrx_word' id='word_1_146' title='bbox 909 1871 1109 1957; x_wconf 82' lang='grc' dir='ltr'><strong><em>σεκρττιιιοός</em></strong></span> <span class='ocrx_word' id='word_1_147' title='bbox 1131 1870 1149 1933; x_wconf 87' lang='grc' dir='ltr'><strong><em>ό</em></strong></span> <span class='ocrx_word' id='word_1_148' title='bbox 1171 1868 1331 1944; x_wconf 84' lang='grc' dir='ltr'><strong><em>πολιτικός</em></strong></span> 
     </span>
     <span class='ocr_line' id='line_1_19' title="bbox 232 1962 1331 2060; baseline 0.005 -30"><span class='ocrx_word' id='word_1_149' title='bbox 232 1962 324 2049; x_wconf 77' lang='grc' dir='ltr'><strong><em>λόγος</em></strong></span> <span class='ocrx_word' id='word_1_150' title='bbox 352 1963 417 2034; x_wconf 81' lang='grc' dir='ltr'><strong><em>οἶδε</em></strong></span> <span class='ocrx_word' id='word_1_151' title='bbox 445 1975 573 2048; x_wconf 78' lang='grc' dir='ltr'><strong><em>καλεῖν,</em></strong></span> <span class='ocrx_word' id='word_1_152' title='bbox 594 1962 695 2057; x_wconf 81' lang='grc' dir='ltr'><strong><em>όρδην</em></strong></span> <span class='ocrx_word' id='word_1_153' title='bbox 726 1970 872 2040; x_wconf 83' lang='grc' dir='ltr'><strong><em>ἆπόντισν</em></strong></span> <span class='ocrx_word' id='word_1_154' title='bbox 897 1977 1012 2060; x_wconf 79' lang='grc' dir='ltr'><strong><em>ζημίας</em></strong></span> <span class='ocrx_word' id='word_1_155' title='bbox 1043 1972 1246 2059; x_wconf 82' lang='grc' dir='ltr'><strong><em>α’προόπτονς</em></strong></span> <span class='ocrx_word' id='word_1_156' title='bbox 1276 1975 1331 2036; x_wconf 77' lang='lat' dir='ltr'><strong>uni</strong></span> 
     </span>
     <span class='ocr_line' id='line_1_20' title="bbox 231 2067 1330 2160; baseline 0.006 -30"><span class='ocrx_word' id='word_1_157' title='bbox 231 2067 384 2145; x_wconf 87' lang='grc' dir='ltr'><strong><em>λοιπόδας</em></strong></span> <span class='ocrx_word' id='word_1_158' title='bbox 409 2075 681 2157; x_wconf 81' lang='grc' dir='ltr'><strong>Ιμεμηχανημένας</strong></span> <span class='ocrx_word' id='word_1_159' title='bbox 705 2074 951 2160; x_wconf 78' lang='grc' dir='ltr'><strong><em>κατεσοφίσατο,</em></strong></span> <span class='ocrx_word' id='word_1_160' title='bbox 975 2079 1031 2141; x_wconf 82' lang='grc' dir='ltr'><strong>ιιαί</strong></span> <span class='ocrx_word' id='word_1_161' title='bbox 1057 2073 1134 2150; x_wconf 88' lang='grc' dir='ltr'><strong><em>τοός</em></strong></span> <span class='ocrx_word' id='word_1_162' title='bbox 1151 2077 1244 2156; x_wconf 82' lang='grc' dir='ltr'><strong><em>βιίνς</em></strong></span> <span class='ocrx_word' id='word_1_163' title='bbox 1267 2078 1330 2138; x_wconf 81' lang='grc' dir='ltr'><strong><em>τῶν</em></strong></span> 
     </span>
     <span class='ocr_line' id='line_1_21' title="bbox 231 2166 1328 2292; baseline 0.006 -61"><span class='ocrx_word' id='word_1_164' title='bbox 231 2166 377 2234; x_wconf 87' lang='grc' dir='ltr'><strong><em>όιτοοσοόν</em></strong></span> <span class='ocrx_word' id='word_1_165' title='bbox 398 2171 617 2255; x_wconf 83' lang='grc' dir='ltr'><strong><em>εόποροόντων</em></strong></span> <span class='ocrx_word' id='word_1_166' title='bbox 639 2169 878 2254; x_wconf 82' lang='grc' dir='ltr'><strong><em>ι’κμυελίζων</em></strong></span> <span class='ocrx_word' id='word_1_167' title='bbox 856 2201 918 2259; x_wconf 87' lang='grc' dir='ltr'><strong>ην,</strong></span> <span class='ocrx_word' id='word_1_168' title='bbox 947 2177 1036 2253; x_wconf 86' lang='grc' dir='ltr'><strong><em>διίιας</em></strong></span> <span class='ocrx_word' id='word_1_169' title='bbox 1055 2170 1220 2249; x_wconf 79' lang='grc' dir='ltr'><strong><em>όδόιιοος’</em></strong></span> <span class='ocrx_word' id='word_1_170' title='bbox 1205 2175 1328 2292; x_wconf 81' lang='grc' dir='ltr'><strong><em>τπόγιρν</em></strong></span> 
     </span>
     <span class='ocr_line' id='line_1_22' title="bbox 231 2273 1374 2361; baseline 0.008 -28"><span class='ocrx_word' id='word_1_171' title='bbox 231 2273 286 2335; x_wconf 83' lang='grc' dir='ltr'><strong><em>καί</em></strong></span> <span class='ocrx_word' id='word_1_172' title='bbox 307 2275 483 2357; x_wconf 84' lang='grc' dir='ltr'><strong><em>καινοφανῆ</em></strong></span> <span class='ocrx_word' id='word_1_173' title='bbox 505 2276 669 2358; x_wconf 78' lang='grc' dir='ltr'><strong><em>ζητήματα</em></strong></span> <span class='ocrx_word' id='word_1_174' title='bbox 691 2277 747 2340; x_wconf 76' lang='grc' dir='ltr'><strong><em>κατ’</em></strong></span> <span class='ocrx_word' id='word_1_175' title='bbox 766 2278 986 2361; x_wconf 75' lang='grc' dir='ltr'><strong><em>προβλήματα</em></strong></span> <span class='ocrx_word' id='word_1_176' title='bbox 1042 2302 1095 2342; x_wconf 86' lang='grc' dir='ltr'><strong>και</strong></span> <span class='ocrx_word' id='word_1_177' title='bbox 1119 2277 1135 2341; x_wconf 90' lang='grc' dir='ltr'><strong><em>ό</em></strong></span> <span class='ocrx_word' id='word_1_178' title='bbox 1157 2299 1328 2359; x_wconf 75' lang='grc' dir='ltr'><strong><em>στεναγμός</em></strong></span> <span class='ocrx_word' id='word_1_179' title='bbox 1338 2289 1374 2342; x_wconf 80' lang='lat'><strong>20</strong></span> 
     </span>
    </p>
   </div>
   <div class='ocr_carea' id='block_1_4' title="bbox 123 2360 1328 2461">
    <p class='ocr_par' dir='ltr' id='par_1_7' title="bbox 123 2360 1328 2461">
     <span class='ocr_line' id='line_1_23' title="bbox 123 2360 1328 2461; baseline 0.007 -31"><span class='ocrx_word' id='word_1_180' title='bbox 123 2397 129 2407; x_wconf 91' lang='grc'><em>·</em></span> <span class='ocrx_word' id='word_1_181' title='bbox 230 2360 303 2446; x_wconf 85' lang='grc' dir='ltr'><strong><em>όσος</em></strong></span> <span class='ocrx_word' id='word_1_182' title='bbox 323 2376 385 2436; x_wconf 76' lang='grc' dir='ltr'><strong><em>τῶν</em></strong></span> <span class='ocrx_word' id='word_1_183' title='bbox 412 2365 494 2440; x_wconf 82' lang='grc' dir='ltr'><strong><em>νότοι</em></strong></span> <span class='ocrx_word' id='word_1_184' title='bbox 516 2375 735 2458; x_wconf 81' lang='grc' dir='ltr'><strong><em>ζημιονμὲνων</em></strong></span> <span class='ocrx_word' id='word_1_185' title='bbox 761 2402 814 2442; x_wconf 87' lang='grc' dir='ltr'><strong>και</strong></span> <span class='ocrx_word' id='word_1_186' title='bbox 836 2383 1076 2461; x_wconf 74' lang='grc' dir='ltr'><strong><em>ναθελιιομένων</em></strong></span> <span class='ocrx_word' id='word_1_187' title='bbox 1105 2382 1150 2453; x_wconf 81' lang='grc' dir='ltr'><strong>εἰς</strong></span> <span class='ocrx_word' id='word_1_188' title='bbox 1169 2377 1226 2461; x_wconf 71' lang='grc' dir='ltr'><strong><em>τὴν</em></strong></span> <span class='ocrx_word' id='word_1_189' title='bbox 1248 2369 1328 2438; x_wconf 83' lang='grc' dir='ltr'><strong><em>οἷπό-</em></strong></span> 
     </span>
    </p>
   </div>
   <div class='ocr_carea' id='block_1_5' title="bbox 230 2469 1328 2666">
    <p class='ocr_par' dir='ltr' id='par_1_8' title="bbox 230 2469 1328 2666">
     <span class='ocr_line' id='line_1_24' title="bbox 230 2469 1328 2562; baseline 0.007 -30"><span class='ocrx_word' id='word_1_190' title='bbox 230 2469 319 2535; x_wconf 88' lang='grc' dir='ltr'><strong><em>δοσιν</em></strong></span> <span class='ocrx_word' id='word_1_191' title='bbox 353 2473 421 2537; x_wconf 79' lang='grc' dir='ltr'><strong><em>αἵτε</em></strong></span> <span class='ocrx_word' id='word_1_192' title='bbox 444 2497 585 2560; x_wconf 83' lang='grc' dir='ltr'><strong><em>φρονραι</em></strong></span> <span class='ocrx_word' id='word_1_193' title='bbox 607 2473 867 2560; x_wconf 75' lang='grc' dir='ltr'><strong><em>πλήθονσαιτιόν</em></strong></span> <span class='ocrx_word' id='word_1_194' title='bbox 888 2480 1094 2562; x_wconf 77' lang='grc' dir='ltr'><strong><em>ἐναγομένων,</em></strong></span> <span class='ocrx_word' id='word_1_195' title='bbox 1116 2502 1169 2543; x_wconf 87' lang='grc' dir='ltr'><strong>και</strong></span> <span class='ocrx_word' id='word_1_196' title='bbox 1164 2477 1328 2562; x_wconf 69' lang='grc' dir='ltr'><strong>Ι-ιιαιλημε</strong></span> 
     </span>
     <span class='ocr_line' id='line_1_25' title="bbox 231 2563 1328 2666; baseline 0.007 -30"><span class='ocrx_word' id='word_1_197' title='bbox 231 2563 318 2655; x_wconf 83' lang='grc' dir='ltr'><strong><em>ρινός</em></strong></span> <span class='ocrx_word' id='word_1_198' title='bbox 340 2570 487 2659; x_wconf 83' lang='grc' dir='ltr'><strong><em>όδυρμός.</em></strong></span> <span class='ocrx_word' id='word_1_199' title='bbox 547 2580 608 2641; x_wconf 75' lang='grc' dir='ltr'><strong><em>τόν</em></strong></span> <span class='ocrx_word' id='word_1_200' title='bbox 635 2577 672 2642; x_wconf 82' lang='grc' dir='ltr'><strong>δὲ</strong></span> <span class='ocrx_word' id='word_1_201' title='bbox 707 2583 924 2664; x_wconf 76' lang='grc' dir='ltr'><strong><em>παραθέντων</em></strong></span> <span class='ocrx_word' id='word_1_202' title='bbox 948 2583 1004 2646; x_wconf 78' lang='lat' dir='ltr'><strong>rori</strong></span> <span class='ocrx_word' id='word_1_203' title='bbox 1025 2574 1141 2666; x_wconf 78' lang='grc' dir='ltr'><strong><em>όλγονς</em></strong></span> <span class='ocrx_word' id='word_1_204' title='bbox 1176 2577 1207 2646; x_wconf 78' lang='grc' dir='ltr'><strong>οἱ</strong></span> <span class='ocrx_word' id='word_1_205' title='bbox 1231 2577 1328 2664; x_wconf 77' lang='grc' dir='ltr'><strong><em>μήπω</em></strong></span> 
     </span>
    </p>
   </div>
   <div class='ocr_carea' id='block_1_6' title="bbox 303 2769 1101 2847">
    <p class='ocr_par' dir='ltr' id='par_1_9' title="bbox 303 2769 1101 2847">
     <span class='ocr_line' id='line_1_26' title="bbox 303 2769 1101 2847; baseline 0.008 -25"><span class='ocrx_word' id='word_1_206' title='bbox 303 2772 327 2822; x_wconf 90' lang='grc'><strong>1.</strong></span> <span class='ocrx_word' id='word_1_207' title='bbox 348 2769 443 2838; x_wconf 67' lang='lat' dir='ltr'><strong>1qu-</strong></span> <span class='ocrx_word' id='word_1_208' title='bbox 550 2771 576 2823; x_wconf 83' lang='grc' dir='ltr'><strong>ό.</strong></span> <span class='ocrx_word' id='word_1_209' title='bbox 597 2773 628 2827; x_wconf 73' lang='grc' dir='ltr'><strong>ἐν</strong></span> <span class='ocrx_word' id='word_1_210' title='bbox 645 2773 754 2847; x_wconf 69' lang='grc' dir='ltr'><strong><em>θάμαλ</em></strong></span> <span class='ocrx_word' id='word_1_211' title='bbox 775 2773 806 2828; x_wconf 83' lang='grc'><strong>0.</strong></span> <span class='ocrx_word' id='word_1_212' title='bbox 826 2775 943 2828; x_wconf 83' lang='lat' dir='ltr'><strong>correxit</strong></span> <span class='ocrx_word' id='word_1_213' title='bbox 960 2775 1101 2844; x_wconf 71' lang='lat' dir='ltr'><strong>interpres.</strong></span> 
     </span>
    </p>
   </div>
   <div class='ocr_carea' id='block_1_7' title="bbox 229 2949 1330 3306">
    <p class='ocr_par' dir='ltr' id='par_1_10' title="bbox 229 2949 1330 3305">
     <span class='ocr_line' id='line_1_27' title="bbox 230 2949 1328 3022; baseline 0.004 -20"><span class='ocrx_word' id='word_1_214' title='bbox 230 2961 287 3002; x_wconf 82' lang='lat' dir='ltr'><strong>snm</strong></span> <span class='ocrx_word' id='word_1_215' title='bbox 306 2949 385 3004; x_wconf 85' lang='lat' dir='ltr'><strong>huius</strong></span> <span class='ocrx_word' id='word_1_216' title='bbox 403 2951 436 3003; x_wconf 92' lang='lat' dir='ltr'><strong>ad</strong></span> <span class='ocrx_word' id='word_1_217' title='bbox 453 2949 620 3005; x_wconf 72' lang='lat' dir='ltr'><strong>altitudinem</strong></span> <span class='ocrx_word' id='word_1_218' title='bbox 650 2953 798 3018; x_wconf 82' lang='lat' dir='ltr'>extollitur,</span> <span class='ocrx_word' id='word_1_219' title='bbox 818 2953 919 3008; x_wconf 77' lang='lat' dir='ltr'><strong>femora</strong></span> <span class='ocrx_word' id='word_1_220' title='bbox 944 2963 1031 3007; x_wconf 85' lang='lat' dir='ltr'><strong>autem</strong></span> <span class='ocrx_word' id='word_1_221' title='bbox 1049 2954 1134 3022; x_wconf 81' lang='lat' dir='ltr'><strong>magis</strong></span> <span class='ocrx_word' id='word_1_222' title='bbox 1152 2960 1258 3007; x_wconf 84' lang='lat' dir='ltr'><strong>tenuem</strong></span> <span class='ocrx_word' id='word_1_223' title='bbox 1277 2954 1328 3006; x_wconf 82' lang='lat' dir='ltr'><strong>ha.</strong></span> 
     </span>
     <span class='ocr_line' id='line_1_28' title="bbox 229 3022 1330 3093; baseline 0.005 -19"><span class='ocrx_word' id='word_1_224' title='bbox 229 3022 294 3074; x_wconf 90' lang='lat' dir='ltr'><strong>bent</strong></span> <span class='ocrx_word' id='word_1_225' title='bbox 313 3029 340 3073; x_wconf 90' lang='lat' dir='ltr'><strong>et</strong></span> <span class='ocrx_word' id='word_1_226' title='bbox 351 3022 520 3076; x_wconf 85' lang='lat' dir='ltr'><strong>humiliorem</strong></span> <span class='ocrx_word' id='word_1_227' title='bbox 536 3026 766 3093; x_wconf 82' lang='lat' dir='ltr'><strong>compositionem,</strong></span> <span class='ocrx_word' id='word_1_228' title='bbox 779 3027 816 3078; x_wconf 85' lang='lat' dir='ltr'><strong>ita</strong></span> <span class='ocrx_word' id='word_1_229' title='bbox 832 3035 860 3077; x_wconf 90' lang='lat' dir='ltr'><strong>ut</strong></span> <span class='ocrx_word' id='word_1_230' title='bbox 871 3027 965 3079; x_wconf 85' lang='lat' dir='ltr'><strong>similis</strong></span> <span class='ocrx_word' id='word_1_231' title='bbox 978 3035 1050 3079; x_wconf 86' lang='lat' dir='ltr'><strong>esset</strong></span> <span class='ocrx_word' id='word_1_232' title='bbox 1062 3026 1129 3078; x_wconf 92' lang='lat' dir='ltr'><strong>haec</strong></span> <span class='ocrx_word' id='word_1_233' title='bbox 1141 3026 1214 3078; x_wconf 89' lang='lat' dir='ltr'><strong>celso</strong></span> <span class='ocrx_word' id='word_1_234' title='bbox 1226 3028 1330 3079; x_wconf 86' lang='lat' dir='ltr'><strong>cuidam</strong></span> 
     </span>
     <span class='ocr_line' id='line_1_29' title="bbox 230 3093 1328 3167; baseline 0.003 -20"><span class='ocrx_word' id='word_1_235' title='bbox 230 3093 411 3161; x_wconf 84' lang='lat' dir='ltr'><strong>speculatorio</strong></span> <span class='ocrx_word' id='word_1_236' title='bbox 438 3111 471 3148; x_wconf 85' lang='lat' dir='ltr'><strong>ex</strong></span> <span class='ocrx_word' id='word_1_237' title='bbox 490 3093 583 3148; x_wconf 88' lang='lat' dir='ltr'><strong>humili</strong></span> <span class='ocrx_word' id='word_1_238' title='bbox 608 3096 670 3148; x_wconf 86' lang='lat' dir='ltr'><strong>loco</strong></span> <span class='ocrx_word' id='word_1_239' title='bbox 690 3098 839 3164; x_wconf 78' lang='lat' dir='ltr'><strong>incipienti.</strong></span> <span class='ocrx_word' id='word_1_240' title='bbox 871 3114 979 3167; x_wconf 77' lang='lat' dir='ltr'><strong>gressus</strong></span> <span class='ocrx_word' id='word_1_241' title='bbox 999 3107 1085 3150; x_wconf 84' lang='lat' dir='ltr'><strong>autem</strong></span> <span class='ocrx_word' id='word_1_242' title='bbox 1103 3099 1225 3151; x_wconf 82' lang='lat' dir='ltr'><strong>diversus</strong></span> <span class='ocrx_word' id='word_1_243' title='bbox 1244 3114 1261 3150; x_wconf 90' lang='lat' dir='ltr'><strong>a</strong></span> <span class='ocrx_word' id='word_1_244' title='bbox 1279 3115 1328 3150; x_wconf 89' lang='lat' dir='ltr'><strong>ce-</strong></span> 
     </span>
     <span class='ocr_line' id='line_1_30' title="bbox 229 3166 1328 3239; baseline 0.005 -22"><span class='ocrx_word' id='word_1_245' title='bbox 229 3167 295 3218; x_wconf 88' lang='lat' dir='ltr'><strong>teris</strong></span> <span class='ocrx_word' id='word_1_246' title='bbox 314 3166 473 3218; x_wconf 84' lang='lat' dir='ltr'><strong>animalibus</strong></span> <span class='ocrx_word' id='word_1_247' title='bbox 494 3175 520 3219; x_wconf 91' lang='lat' dir='ltr'><strong>et</strong></span> <span class='ocrx_word' id='word_1_248' title='bbox 539 3183 647 3235; x_wconf 86' lang='lat' dir='ltr'><strong>prorsus</strong></span> <span class='ocrx_word' id='word_1_249' title='bbox 665 3169 770 3221; x_wconf 88' lang='lat' dir='ltr'><strong>alienus</strong></span> <span class='ocrx_word' id='word_1_250' title='bbox 790 3172 1033 3239; x_wconf 88' lang='lat' dir='ltr'><strong>est;nequeeni1n</strong></span> <span class='ocrx_word' id='word_1_251' title='bbox 1051 3168 1146 3221; x_wconf 84' lang='lat' dir='ltr'><strong>utilia</strong></span> <span class='ocrx_word' id='word_1_252' title='bbox 1166 3171 1328 3237; x_wconf 79' lang='lat' dir='ltr'><strong>posteriores</strong></span> 
     </span>
     <span class='ocr_line' id='line_1_31' title="bbox 230 3236 1328 3306; baseline 0.004 -18"><span class='ocrx_word' id='word_1_253' title='bbox 230 3237 312 3304; x_wconf 87' lang='lat' dir='ltr'><strong>pedes</strong></span> <span class='ocrx_word' id='word_1_254' title='bbox 338 3236 437 3289; x_wconf 84' lang='lat' dir='ltr'><strong>attollit</strong></span> <span class='ocrx_word' id='word_1_255' title='bbox 463 3239 554 3305; x_wconf 88' lang='lat' dir='ltr'><strong>prius,</strong></span> <span class='ocrx_word' id='word_1_256' title='bbox 580 3240 676 3292; x_wconf 89' lang='lat' dir='ltr'><strong>deiude</strong></span> <span class='ocrx_word' id='word_1_257' title='bbox 702 3242 868 3306; x_wconf 84' lang='lat' dir='ltr'><strong>anteriores,</strong></span> <span class='ocrx_word' id='word_1_258' title='bbox 887 3243 934 3294; x_wconf 87' lang='lat' dir='ltr'><strong>sed</strong></span> <span class='ocrx_word' id='word_1_259' title='bbox 958 3242 1076 3294; x_wconf 81' lang='lat' dir='ltr'><strong>vicissim</strong></span> <span class='ocrx_word' id='word_1_260' title='bbox 1101 3241 1212 3293; x_wconf 84' lang='lat' dir='ltr'><strong>alterins</strong></span> <span class='ocrx_word' id='word_1_261' title='bbox 1236 3241 1328 3293; x_wconf 85' lang='lat' dir='ltr'><strong>lateris</strong></span> 
     </span>
    </p>
   </div>
   <div class='ocr_carea' id='block_1_8' title="bbox 230 3279 1329 3444">
    <p class='ocr_par' dir='ltr' id='par_1_11' title="bbox 230 3279 1329 3444">
     <span class='ocr_line' id='line_1_32' title="bbox 230 3279 1329 3380; baseline 0.006 -22"><span class='ocrx_word' id='word_1_262' title='bbox 230 3309 296 3360; x_wconf 84' lang='lat' dir='ltr'><strong>duos</strong></span> <span class='ocrx_word' id='word_1_263' title='bbox 315 3309 397 3376; x_wconf 86' lang='lat' dir='ltr'><strong>pedes</strong></span> <span class='ocrx_word' id='word_1_264' title='bbox 417 3307 489 3360; x_wconf 91' lang='lat' dir='ltr'><strong>tollit</strong></span> <span class='ocrx_word' id='word_1_265' title='bbox 506 3316 533 3360; x_wconf 88' lang='lat' dir='ltr'><strong>et</strong></span> <span class='ocrx_word' id='word_1_266' title='bbox 550 3318 656 3378; x_wconf 81' lang='lat' dir='ltr'><strong>moret,</strong></span> <span class='ocrx_word' id='word_1_267' title='bbox 676 3318 703 3362; x_wconf 90' lang='lat' dir='ltr'><strong>et</strong></span> <span class='ocrx_word' id='word_1_268' title='bbox 719 3328 811 3365; x_wconf 85' lang='lat' dir='ltr'><strong>rursus</strong></span> <span class='ocrx_word' id='word_1_269' title='bbox 828 3279 905 3365; x_wconf 72' lang='lat' dir='ltr'><strong>siriani</strong></span> <span class='ocrx_word' id='word_1_270' title='bbox 924 3314 1034 3365; x_wconf 82' lang='lat' dir='ltr'><strong>alterins</strong></span> <span class='ocrx_word' id='word_1_271' title='bbox 1055 3311 1147 3365; x_wconf 81' lang='lat' dir='ltr'><strong>lateris</strong></span> <span class='ocrx_word' id='word_1_272' title='bbox 1160 3314 1225 3365; x_wconf 89' lang='lat' dir='ltr'><strong>duos</strong></span> <span class='ocrx_word' id='word_1_273' title='bbox 1247 3314 1329 3380; x_wconf 86' lang='lat' dir='ltr'><strong>pedes</strong></span> 
     </span>
     <span class='ocr_line' id='line_1_33' title="bbox 230 3379 630 3444; baseline 0.01 -15"><span class='ocrx_word' id='word_1_274' title='bbox 230 3379 288 3444; x_wconf 89' lang='lat' dir='ltr'><strong>pari</strong></span> <span class='ocrx_word' id='word_1_275' title='bbox 307 3387 334 3430; x_wconf 88' lang='lat' dir='ltr'><strong>et</strong></span> <span class='ocrx_word' id='word_1_276' title='bbox 351 3387 424 3431; x_wconf 89' lang='lat' dir='ltr'><strong>motu</strong></span> <span class='ocrx_word' id='word_1_277' title='bbox 439 3388 466 3431; x_wconf 86' lang='lat' dir='ltr'><strong>et</strong></span> <span class='ocrx_word' id='word_1_278' title='bbox 484 3382 630 3434; x_wconf 87' lang='lat' dir='ltr'><strong>erectione.</strong></span> 
     </span>
    </p>
   </div>
   <div class='ocr_carea' id='block_1_9' title="bbox 228 3466 1330 4181">
    <p class='ocr_par' dir='ltr' id='par_1_12' title="bbox 228 3466 1330 4181">
     <span class='ocr_line' id='line_1_34' title="bbox 328 3466 1329 3538; baseline 0.002 -19"><span class='ocrx_word' id='word_1_279' title='bbox 328 3466 398 3520; x_wconf 80' lang='lat' dir='ltr'><strong>Talis</strong></span> <span class='ocrx_word' id='word_1_280' title='bbox 423 3475 511 3519; x_wconf 84' lang='lat' dir='ltr'><strong>autem</strong></span> <span class='ocrx_word' id='word_1_281' title='bbox 538 3469 671 3535; x_wconf 85' lang='lat' dir='ltr'><strong>prioribus</strong></span> <span class='ocrx_word' id='word_1_282' title='bbox 699 3473 775 3524; x_wconf 87' lang='lat' dir='ltr'><strong>anuis</strong></span> <span class='ocrx_word' id='word_1_283' title='bbox 801 3490 860 3524; x_wconf 90' lang='lat' dir='ltr'><strong>cum</strong></span> <span class='ocrx_word' id='word_1_284' title='bbox 888 3480 959 3525; x_wconf 85' lang='lat' dir='ltr'><strong>esset</strong></span> <span class='ocrx_word' id='word_1_285' title='bbox 982 3473 1214 3538; x_wconf 70' lang='lat' dir='ltr'><strong>monomachus,</strong></span> <span class='ocrx_word' id='word_1_286' title='bbox 1206 3489 1234 3524; x_wconf 90' lang='lat' dir='ltr'><strong>ru</strong></span> <span class='ocrx_word' id='word_1_287' title='bbox 1253 3472 1329 3523; x_wconf 79' lang='lat' dir='ltr'><strong>varia</strong></span> 
     </span>
     <span class='ocr_line' id='line_1_35' title="bbox 228 3539 1329 3607; baseline 0.001 -19"><span class='ocrx_word' id='word_1_288' title='bbox 228 3539 425 3607; x_wconf 78' lang='lat' dir='ltr'><strong>magnificentia</strong></span> <span class='ocrx_word' id='word_1_289' title='bbox 438 3547 465 3590; x_wconf 92' lang='lat' dir='ltr'><strong>et</strong></span> <span class='ocrx_word' id='word_1_290' title='bbox 477 3539 591 3592; x_wconf 88' lang='lat' dir='ltr'><strong>mollitie</strong></span> <span class='ocrx_word' id='word_1_291' title='bbox 602 3541 702 3594; x_wconf 87' lang='lat' dir='ltr'><strong>duobus</strong></span> <span class='ocrx_word' id='word_1_292' title='bbox 717 3545 793 3597; x_wconf 80' lang='lat' dir='ltr'><strong>annis</strong></span> <span class='ocrx_word' id='word_1_293' title='bbox 803 3553 864 3596; x_wconf 87' lang='lat' dir='ltr'><strong>ante</strong></span> <span class='ocrx_word' id='word_1_294' title='bbox 878 3546 950 3596; x_wconf 81' lang='lat' dir='ltr'><strong>ritae</strong></span> <span class='ocrx_word' id='word_1_295' title='bbox 966 3544 1043 3595; x_wconf 82' lang='lat' dir='ltr'><strong>tinem</strong></span> <span class='ocrx_word' id='word_1_296' title='bbox 1054 3545 1225 3596; x_wconf 63' lang='lat' dir='ltr'><strong>montionem</strong></span> <span class='ocrx_word' id='word_1_297' title='bbox 1241 3543 1329 3594; x_wconf 82' lang='lat' dir='ltr'><strong>iacto.</strong></span> 
     </span>
     <span class='ocr_line' id='line_1_36' title="bbox 228 3611 1329 3680; baseline 0.002 -19"><span class='ocrx_word' id='word_1_298' title='bbox 228 3625 285 3661; x_wconf 89' lang='lat' dir='ltr'><strong>rum</strong></span> <span class='ocrx_word' id='word_1_299' title='bbox 304 3611 512 3679; x_wconf 75' lang='lat' dir='ltr'><strong>inexspectatum</strong></span> <span class='ocrx_word' id='word_1_300' title='bbox 532 3613 655 3664; x_wconf 87' lang='lat' dir='ltr'><strong>ostendit</strong></span> <span class='ocrx_word' id='word_1_301' title='bbox 695 3616 853 3680; x_wconf 81' lang='lat' dir='ltr'><strong>coniunctus</strong></span> <span class='ocrx_word' id='word_1_302' title='bbox 873 3616 942 3666; x_wconf 87' lang='lat' dir='ltr'><strong>enim</strong></span> <span class='ocrx_word' id='word_1_303' title='bbox 955 3615 1160 3668; x_wconf 86' lang='lat' dir='ltr'><strong>terribilioribus</strong></span> <span class='ocrx_word' id='word_1_304' title='bbox 1177 3623 1329 3667; x_wconf 84' lang='lat' dir='ltr'><strong>exactorum</strong></span> 
     </span>
     <span class='ocr_line' id='line_1_37' title="bbox 229 3667 1328 3752; baseline 0.004 -20"><span class='ocrx_word' id='word_1_305' title='bbox 229 3683 412 3750; x_wconf 82' lang='lat' dir='ltr'><strong>vectigalium,</strong></span> <span class='ocrx_word' id='word_1_306' title='bbox 432 3697 498 3751; x_wconf 88' lang='lat' dir='ltr'><strong>quos</strong></span> <span class='ocrx_word' id='word_1_307' title='bbox 509 3693 628 3736; x_wconf 83' lang='lat' dir='ltr'><strong>secretos</strong></span> <span class='ocrx_word' id='word_1_308' title='bbox 642 3667 779 3752; x_wconf 73' lang='lat' dir='ltr'><strong>popularis</strong></span> <span class='ocrx_word' id='word_1_309' title='bbox 797 3702 884 3738; x_wconf 88' lang='lat' dir='ltr'><strong>sermo</strong></span> <span class='ocrx_word' id='word_1_310' title='bbox 897 3685 967 3738; x_wconf 87' lang='lat' dir='ltr'><strong>solet</strong></span> <span class='ocrx_word' id='word_1_311' title='bbox 976 3689 1123 3752; x_wconf 74' lang='lat' dir='ltr'><strong>nominare,</strong></span> <span class='ocrx_word' id='word_1_312' title='bbox 1138 3689 1245 3740; x_wconf 89' lang='lat' dir='ltr'><strong>omnino</strong></span> <span class='ocrx_word' id='word_1_313' title='bbox 1260 3700 1328 3737; x_wconf 89' lang='lat' dir='ltr'><strong>con-</strong></span> 
     </span>
     <span class='ocr_line' id='line_1_38' title="bbox 228 3757 1329 3826; baseline 0.005 -23"><span class='ocrx_word' id='word_1_314' title='bbox 228 3761 269 3803; x_wconf 86' lang='lat' dir='ltr'><strong>tra</strong></span> <span class='ocrx_word' id='word_1_315' title='bbox 288 3767 379 3808; x_wconf 88' lang='lat' dir='ltr'><strong>omnes</strong></span> <span class='ocrx_word' id='word_1_316' title='bbox 409 3770 511 3821; x_wconf 84' lang='lat' dir='ltr'><strong>poenas</strong></span> <span class='ocrx_word' id='word_1_317' title='bbox 540 3757 689 3823; x_wconf 81' lang='lat' dir='ltr'><strong>insperatas</strong></span> <span class='ocrx_word' id='word_1_318' title='bbox 716 3766 743 3808; x_wconf 90' lang='lat' dir='ltr'><strong>et</strong></span> <span class='ocrx_word' id='word_1_319' title='bbox 762 3758 850 3810; x_wconf 86' lang='lat' dir='ltr'><strong>debita</strong></span> <span class='ocrx_word' id='word_1_320' title='bbox 869 3759 980 3810; x_wconf 81' lang='lat' dir='ltr'><strong>inuento</strong></span> <span class='ocrx_word' id='word_1_321' title='bbox 1008 3760 1181 3826; x_wconf 78' lang='lat' dir='ltr'><strong>excogitavit,</strong></span> <span class='ocrx_word' id='word_1_322' title='bbox 1201 3768 1229 3810; x_wconf 89' lang='lat' dir='ltr'><strong>et</strong></span> <span class='ocrx_word' id='word_1_323' title='bbox 1247 3758 1329 3810; x_wconf 75' lang='lat' dir='ltr'><strong>vitam</strong></span> 
     </span>
     <span class='ocr_line' id='line_1_39' title="bbox 231 3825 1330 3895; baseline 0.005 -23"><span class='ocrx_word' id='word_1_324' title='bbox 231 3835 337 3888; x_wconf 87' lang='lat' dir='ltr'><strong>eorum,</strong></span> <span class='ocrx_word' id='word_1_325' title='bbox 356 3825 402 3892; x_wconf 89' lang='lat' dir='ltr'><strong>qui</strong></span> <span class='ocrx_word' id='word_1_326' title='bbox 424 3828 520 3894; x_wconf 81' lang='lat' dir='ltr'><strong>quovis</strong></span> <span class='ocrx_word' id='word_1_327' title='bbox 539 3828 616 3879; x_wconf 88' lang='lat' dir='ltr'><strong>modo</strong></span> <span class='ocrx_word' id='word_1_328' title='bbox 641 3830 738 3882; x_wconf 87' lang='lat' dir='ltr'><strong>divites</strong></span> <span class='ocrx_word' id='word_1_329' title='bbox 758 3838 857 3894; x_wconf 82' lang='lat' dir='ltr'><strong>essent,</strong></span> <span class='ocrx_word' id='word_1_330' title='bbox 876 3827 1046 3895; x_wconf 87' lang='lat' dir='ltr'><strong>debilitabat,</strong></span> <span class='ocrx_word' id='word_1_331' title='bbox 1067 3847 1126 3882; x_wconf 88' lang='lat' dir='ltr'><strong>cum</strong></span> <span class='ocrx_word' id='word_1_332' title='bbox 1143 3832 1185 3882; x_wconf 86' lang='lat' dir='ltr'><strong>ius</strong></span> <span class='ocrx_word' id='word_1_333' title='bbox 1204 3831 1330 3881; x_wconf 85' lang='lat' dir='ltr'><strong>iniustum</strong></span> 
     </span>
     <span class='ocr_line' id='line_1_40' title="bbox 230 3895 1329 3970; baseline 0.004 -26"><span class='ocrx_word' id='word_1_334' title='bbox 230 3895 342 3946; x_wconf 82' lang='lat' dir='ltr'><strong>inferret</strong></span> <span class='ocrx_word' id='word_1_335' title='bbox 373 3903 399 3945; x_wconf 89' lang='lat' dir='ltr'><strong>et</strong></span> <span class='ocrx_word' id='word_1_336' title='bbox 434 3897 564 3951; x_wconf 85' lang='lat' dir='ltr'><strong>inauditas</strong></span> <span class='ocrx_word' id='word_1_337' title='bbox 599 3900 788 3968; x_wconf 88' lang='lat' dir='ltr'><strong>inquisitiones</strong></span> <span class='ocrx_word' id='word_1_338' title='bbox 823 3910 850 3952; x_wconf 93' lang='lat' dir='ltr'><strong>et</strong></span> <span class='ocrx_word' id='word_1_339' title='bbox 876 3908 1028 3966; x_wconf 81' lang='lat' dir='ltr'><strong>praetexta,</strong></span> <span class='ocrx_word' id='word_1_340' title='bbox 1058 3910 1085 3952; x_wconf 91' lang='lat' dir='ltr'><strong>et</strong></span> <span class='ocrx_word' id='word_1_341' title='bbox 1104 3901 1231 3970; x_wconf 81' lang='lat' dir='ltr'><strong>querelae</strong></span> <span class='ocrx_word' id='word_1_342' title='bbox 1252 3914 1329 3968; x_wconf 88' lang='lat' dir='ltr'><strong>quarn</strong></span> 
     </span>
     <span class='ocr_line' id='line_1_41' title="bbox 228 3968 1329 4056; baseline 0.004 -39"><span class='ocrx_word' id='word_1_343' title='bbox 228 3968 357 4020; x_wconf 82' lang='lat' dir='ltr'><strong>maximae</strong></span> <span class='ocrx_word' id='word_1_344' title='bbox 377 3980 486 4032; x_wconf 89' lang='lat' dir='ltr'><strong>eorum,</strong></span> <span class='ocrx_word' id='word_1_345' title='bbox 505 3971 550 4036; x_wconf 91' lang='lat' dir='ltr'><strong>qui</strong></span> <span class='ocrx_word' id='word_1_346' title='bbox 577 3972 614 4022; x_wconf 82' lang='lat' dir='ltr'><strong>ita</strong></span> <span class='ocrx_word' id='word_1_347' title='bbox 633 3981 708 4024; x_wconf 83' lang='lat' dir='ltr'><strong>erant</strong></span> <span class='ocrx_word' id='word_1_348' title='bbox 726 3973 812 4039; x_wconf 87' lang='lat' dir='ltr'><strong>puniti</strong></span> <span class='ocrx_word' id='word_1_349' title='bbox 833 3980 861 4023; x_wconf 93' lang='lat' dir='ltr'><strong>et</strong></span> <span class='ocrx_word' id='word_1_350' title='bbox 883 3974 971 4022; x_wconf 89' lang='lat' dir='ltr'><strong>coacti</strong></span> <span class='ocrx_word' id='word_1_351' title='bbox 989 3973 1022 4024; x_wconf 82' lang='lat' dir='ltr'><strong>ad</strong></span> <span class='ocrx_word' id='word_1_352' title='bbox 1040 3973 1212 4056; x_wconf 59' lang='lat' dir='ltr'><strong>reddendum3</strong></span> <span class='ocrx_word' id='word_1_353' title='bbox 1231 3981 1258 4024; x_wconf 92' lang='lat' dir='ltr'><strong>et</strong></span> <span class='ocrx_word' id='word_1_354' title='bbox 1279 3987 1329 4021; x_wconf 88' lang='lat' dir='ltr'><strong>en-</strong></span> 
     </span>
     <span class='ocr_line' id='line_1_42' title="bbox 229 4037 1330 4112; baseline 0.002 -23"><span class='ocrx_word' id='word_1_355' title='bbox 229 4039 331 4091; x_wconf 79' lang='lat' dir='ltr'><strong>stedine</strong></span> <span class='ocrx_word' id='word_1_356' title='bbox 347 4037 444 4105; x_wconf 88' lang='lat' dir='ltr'><strong>plenae</strong></span> <span class='ocrx_word' id='word_1_357' title='bbox 463 4040 581 4092; x_wconf 86' lang='lat' dir='ltr'><strong>adductis</strong></span> <span class='ocrx_word' id='word_1_358' title='bbox 608 4050 634 4091; x_wconf 92' lang='lat' dir='ltr'><strong>et</strong></span> <span class='ocrx_word' id='word_1_359' title='bbox 652 4045 822 4111; x_wconf 84' lang='lat' dir='ltr'><strong>quotidianus</strong></span> <span class='ocrx_word' id='word_1_360' title='bbox 842 4042 972 4109; x_wconf 84' lang='lat' dir='ltr'><strong>planetus.</strong></span> <span class='ocrx_word' id='word_1_361' title='bbox 999 4045 1033 4096; x_wconf 87' lang='lat' dir='ltr'><strong>iis</strong></span> <span class='ocrx_word' id='word_1_362' title='bbox 1051 4053 1148 4108; x_wconf 87' lang='lat' dir='ltr'><strong>autem,</strong></span> <span class='ocrx_word' id='word_1_363' title='bbox 1169 4045 1214 4112; x_wconf 88' lang='lat' dir='ltr'><strong>qui</strong></span> <span class='ocrx_word' id='word_1_364' title='bbox 1236 4040 1330 4094; x_wconf 85' lang='lat' dir='ltr'><strong>dolore</strong></span> 
     </span>
     <span class='ocr_line' id='line_1_43' title="bbox 228 4112 1328 4181; baseline 0.004 -20"><span class='ocrx_word' id='word_1_365' title='bbox 228 4112 322 4164; x_wconf 82' lang='lat' dir='ltr'><strong>tentati</strong></span> <span class='ocrx_word' id='word_1_366' title='bbox 340 4118 425 4179; x_wconf 86' lang='lat' dir='ltr'><strong>erant,</strong></span> <span class='ocrx_word' id='word_1_367' title='bbox 445 4112 491 4180; x_wconf 87' lang='lat' dir='ltr'><strong>qui</strong></span> <span class='ocrx_word' id='word_1_368' title='bbox 509 4112 624 4165; x_wconf 85' lang='lat' dir='ltr'><strong>nondum</strong></span> <span class='ocrx_word' id='word_1_369' title='bbox 644 4124 743 4181; x_wconf 87' lang='lat' dir='ltr'><strong>erant,</strong></span> <span class='ocrx_word' id='word_1_370' title='bbox 748 4113 970 4177; x_wconf 79' lang='lat' dir='ltr'><strong>miserabiliores,</strong></span> <span class='ocrx_word' id='word_1_371' title='bbox 991 4132 1051 4167; x_wconf 86' lang='lat' dir='ltr'><strong>cum</strong></span> <span class='ocrx_word' id='word_1_372' title='bbox 1068 4115 1259 4170; x_wconf 80' lang='lat' dir='ltr'><strong>omnibustisci</strong></span> <span class='ocrx_word' id='word_1_373' title='bbox 1277 4130 1328 4166; x_wconf 85' lang='lat' dir='ltr'><strong>ex-</strong></span> 
     </span>
    </p>
   </div>
   <div class='ocr_carea' id='block_1_10' title="bbox 0 0 1442 4734">
    <p class='ocr_par' dir='ltr' id='par_1_13' title="bbox 0 0 1442 4734">
     <span class='ocr_line' id='line_1_44' title="bbox 0 0 1442 4734; baseline 0 0"><span class='ocrx_word' id='word_1_374' title='bbox 0 0 1442 4734; x_wconf 95' lang='lat' dir='ltr'><strong> </strong></span> 
     </span>
    </p>
   </div>
  </div>
 </body>
</html>
