2875 4734
225 240 301 324 tal
516 249 739 322 umusnus
768 244 1028 319 λπλιιοτλο

224 424 284 485 tot
300 414 463 502 η’ροότησεν
487 413 646 500 όΦωκάς,
668 400 854 497 ιλομεσιικόςΙ
877 406 922 479 τόν
944 407 1047 496 πάσης
1064 412 1219 497 α’νατολής
1241 436 1332 499 τηνι-

223 522 323 584 κοῦτα
347 514 403 581 καί
422 520 467 605 regi
485 519 549 581 τάν
569 516 753 598 μογίστρονν
773 515 929 597 αξιάμοτι
952 510 1087 595 ἔντιμος,
1108 515 1174 589 πῶς
1195 511 1212 577 ὅ
1232 510 1333 589 τόπος

225 620 284 704 εἶφ’
304 609 402 702 οὗπερ
425 617 598 701 ἐξορμῆσαι
616 619 724 697 μέλλει
745 614 1003 698 κατονομάζεται.
1025 613 1080 677 καί
1100 614 1228 699 ἐπείπερ
1251 616 1332 695 ἐμε-

223 716 369 803 μαθήκει
388 709 436 782 ότι
459 720 608 801 Φυγέλλα
637 713 741 805 τούτῳ
763 715 798 781 τό
821 706 941 797 ὄνομα,
970 716 1010 779 ου’
1032 716 1216 791 κατεδέξατο
1233 717 1330 779 τοῦτο

187 841 189 846 ’
224 817 422 902 ποιήσασθαι
451 817 666 903 ὁρμητήριον,
689 815 767 887 α’λλά
788 819 887 903 πέραν
910 819 944 881 ἐκ
973 819 1094 880 πολλοό
1114 818 1357 900 διαστήματοςδ

222 916 422 1002 α’κρωτήριον
452 924 518 993 τοῖς
548 915 732 1003 ὀφθαλμοῖς
765 913 908 982 ἐπελθόν
939 919 1076 981 ἐπίθετο
1105 918 1182 999 περί
1202 913 1329 997 τούτου,

223 1029 313 1084 ποῖον
334 1018 428 1085 τοῦτό
452 1021 518 1084 ἐστι
538 1021 594 1081 καί
614 1012 710 1094 ’ὅπως
742 1018 1035 1103 προσαγορεύεται,
1070 1019 1125 1081 καί
1144 1017 1261 1099 μαθών
1281 1011 1329 1083 ὅτι
1384 1020 1390 1031 ’

219 1121 314 1205 Ἆγιόι
343 1124 388 1207 τῷ
417 1114 589 1207 άκροθινίην
617 1115 653 1183 τό
678 1110 798 1203 ὄνομα,
826 1115 864 1185 τά
893 1122 952 1199 μὲν
986 1119 1204 1202 ἐμβεβλημένα
1226 1116 1329 1183 πάντα
1403 1188 1409 1197 ,

224 1229 292 1297 τοῖς
314 1224 433 1296 πλοίοις
456 1223 489 1285 ἐν
504 1221 756 1303 τοῖςΦυγίλλοις
780 1216 876 1284 πάλιν
898 1219 1138 1303 α’περεόξοσβαι
1168 1216 1206 1281 τά
1234 1223 1330 1282 πλοῖα

225 1327 385 1407 πεποίηκε,
406 1320 458 1387 τὸν
483 1322 518 1385 δὲ
540 1319 653 1385 στόλον
676 1316 803 1385 ἅπαντα
827 1324 867 1407 τῇ
891 1322 932 1407 γή
952 1324 1007 1406 τής
1030 1320 1142 1398 Ἀγίας
1162 1327 1330 1402 προσοκεί-
1339 1332 1374 1386 10

226 1430 290 1505 λοι,
312 1418 538 1503 διαταξάμενος
558 1425 660 1487 ὲκεῖσό
681 1445 714 1487 τε
735 1422 792 1505 τήν
814 1418 988 1503 όμπλιόισιν
1010 1418 1065 1483 καί
1084 1416 1138 1504 τήν
1159 1416 1330 1506 ἐξόρμησιν

225 1529 281 1609 τῆς
301 1526 451 1608 ναυτικῆς
474 1522 649 1605 δυνάμεως,
672 1523 823 1610 συμβόλῳ
840 1524 969 1609 χρηστῷ
989 1521 1044 1586 καί
1057 1524 1167 1607 ἀγαθῷ
1187 1546 1330 1607 χρηστηφ

227 1630 286 1715 ρίιρ
308 1629 350 1711 τῷ
378 1625 462 1713 τόπῳ
498 1628 554 1707 τής
580 1621 757 1708 ἁγιωσύνης
785 1622 996 1707 χρησάμενος,
1017 1624 1073 1687 καί
1093 1619 1129 1685 τό
1157 1617 1330 1705 Φνγίλλιον

174 1733 176 1736 ’
228 1725 270 1801 ὥς
293 1724 400 1812 φυγήν
429 1722 701 1807 προαινιττόμενον
738 1716 1015 1804 άποτιναξάμενος.
1075 1721 1127 1787 διά
1162 1724 1253 1789 τοῦτο
1275 1724 1331 1789 καί

226 1830 381 1910 χρονίσας
403 1828 436 1891 ἐν
456 1823 496 1913 τῇ
515 1823 598 1911 νήσῳ
620 1826 662 1912 τῇ
681 1826 759 1911 Νηῷ
775 1828 926 1911 λεγομένη
941 1820 1021 1906 μετά
1043 1826 1102 1888 τοῦ
1113 1822 1225 1888 στόλου
1247 1848 1331 1887 παν-
1342 1834 1376 1887 15

227 1924 291 2007 τός,
313 1927 432 1992 ου’όένα
463 1928 521 2008 μὲν
549 1920 615 2007 εἶχε
646 1923 701 1989 τόν
737 1924 934 2010 ὄιληγήσοντα
962 1923 1042 2009 πρός
1063 1921 1129 2008 ’τήν
1158 1926 1251 2008 νήσου
1273 1920 1331 2009 τήν

123 2090 128 2099 ,
228 2027 371 2112 Κρήτην,
390 2026 444 2092 διὰ
465 2025 501 2091 τό
523 2028 646 2110 ἀγνοεῖν
665 2026 788 2101 πάντας
804 2024 862 2110 τήν
878 2024 954 2091 sititis
976 2030 1096 2113 ἐκείνην
1119 2030 1154 2091 ἐκ
1172 2028 1229 2092 τοῦ
1249 2048 1330 2110 χρυ.

226 2138 291 2204 νοΐς
311 2133 436 2204 πολλοῖς
456 2126 500 2209 μή
524 2130 723 2212 παροόεῦσαι
736 2129 858 2191 ἐκεῖθεν
878 2125 1202 2210 πλοῖονῬωμαϊκόν·
1226 2122 1330 2209 άορά-

227 2254 289 2305 τοις
311 2230 346 2293 δὲ
368 2231 442 2311 νήαι
456 2230 669 2322 Καρποβικαί
693 2228 751 2291 irio
774 2224 824 2292 τὸν
843 2226 1025 2294 κατάπλουν
1046 2227 1095 2302 ,ἐπ’
1116 2227 1215 2293 ου’τόν
1237 2250 1328 2313 ποιη.

225 2330 363 2413 σάμεναι
384 2331 645 2414 προωδοποίησαν
665 2328 753 2415 abaci
771 2324 830 2411 τήν
851 2328 1035 2417 ὁδοιπορίαν
1055 2332 1110 2393 καί
1130 2332 1175 2405 είς
1199 2325 1375 2413 Κρήτηνλθ

226 2428 407 2515 ἀπήγαγον,
437 2433 495 2495 τοῦ
514 2433 593 2493 θεοῦ
614 2426 740 2504 πάντως
763 2426 802 2492 τά
830 2431 899 2494 κοτ’
921 2428 1021 2494 αότὸν
1043 2430 1256 2509 όιιθόνοντος,
1287 2425 1329 2502 (ὃς

226 2526 497 2618 είορεστουμίνου
521 2534 558 2617 τῇ
578 2530 729 2618 ου’λαβείηι
750 2528 802 2613 τῆς
823 2532 968 2607 πίστεως.

314 2635 399 2698 ,Καί
424 2620 516 2708 ‘inor
544 2634 604 2714 μὲν
634 2627 714 2714 μετά
751 2627 786 2694 τό
807 2632 844 2719 τῇ
871 2633 956 2721 νήσρι
975 2636 1150 2721 προσμῖξαι
1171 2634 1225 2699 καί
1247 2626 1329 2709 οἵαις

1420 2502 1429 2537 t

228 2958 288 3008 res,
306 2943 484 3013 interrogavit
501 2942 614 3010 Phocus,
634 2945 796 2999 domesticus
824 2954 878 2999 tum
898 2947 983 2998 omnis
1008 2947 1118 3000 orientis
1141 2954 1168 2999 et
1184 2946 1328 3017 magistro.

229 3030 287 3067 rutn
306 3016 436 3084 dignitate
456 3024 574 3081 ornatus,
594 3018 727 3085 quomodo
746 3017 831 3081 locus,
852 3033 885 3070 ex
910 3033 962 3085 quo
981 3033 1154 3085 processurus
1176 3026 1257 3083 esset,
1276 3034 1328 3071 vo-

231 3096 345 3152 caretur,
366 3096 393 3139 et
412 3103 471 3139 curn
489 3090 672 3157 cognovisset,
692 3088 825 3157 Phygella
844 3088 906 3141 huic
925 3104 986 3142 esse
1003 3105 1110 3153 nomen,
1129 3106 1184 3142 nou
1202 3090 1328 3143 sustinuit

151 3167 155 3177 ’
230 3158 301 3210 bunc
320 3158 411 3210 lacere
430 3160 544 3224 exitum,
569 3160 616 3212 sed
634 3168 706 3212 trans
724 3160 795 3212 hunc
815 3160 903 3212 locum
927 3160 1009 3213 multo
1037 3161 1181 3227 intervallo
1199 3176 1327 3228 promen.

232 3230 330 3280 torium
350 3228 435 3280 oculis
456 3238 595 3285 assecutus
614 3232 791 3299 interrogavit
818 3232 850 3283 de
870 3230 930 3296 hoc,
953 3230 1033 3300 quale
1052 3230 1103 3283 hoc
1122 3241 1194 3286 esset
1213 3240 1239 3285 et
1258 3246 1326 3300 quo·

229 3298 308 3350 modo
326 3300 523 3365 nominaretur,
551 3310 630 3369 atque
650 3319 709 3353 curn
730 3302 919 3371 cognovisset,
947 3303 1031 3370 llagis
1051 3302 1175 3373 (Sancta)
1197 3318 1326 3371 promon-

229 3370 301 3421 torio
321 3383 380 3421 esse
397 3385 504 3436 nomen,
523 3378 553 3423 ut
570 3389 654 3424 naves
672 3375 771 3438 omnia,
796 3389 872 3441 quam
891 3375 924 3426 iis
943 3374 1067 3440 imposita
1086 3382 1159 3427 erant
1176 3374 1326 3442 Phygellis‚

228 3455 320 3493 rursus
340 3441 493 3507 elicerent,
504 3445 624 3495 curavit:
650 3444 762 3496 classem
788 3452 875 3496 autem
902 3446 1053 3497 universam
1083 3453 1218 3513 postquam
1238 3454 1327 3497 terrne

227 3512 331 3581 llagiae
348 3512 488 3579 appellere
498 3515 584 3577 iussit,
603 3514 694 3581 ibique
707 3517 822 3567 instituit
839 3518 1060 3569 conscensionem
1077 3526 1103 3568 et
1122 3532 1257 3585 egressum
1276 3531 1326 3568 na-

231 3583 331 3636 valium
351 3585 457 3649 virium,
477 3594 506 3637 ut
523 3586 600 3654 signo
618 3584 680 3636 utili
705 3595 732 3637 et
750 3585 821 3638 bono
842 3587 951 3639 oraculo
971 3587 1031 3638 loco
1053 3588 1200 3641 sanctitatis
1219 3602 1282 3639 usus
1301 3594 1326 3637 et

227 3654 361 3723 Phygellu
379 3659 454 3725 quasi
475 3657 564 3725 lugam
583 3656 761 3725 significantia
787 3660 934 3711 excutiens.
972 3667 1116 3726 propterea
1135 3660 1213 3711 etiam
1232 3673 1324 3711 verse-

229 3732 271 3775 tus
289 3727 317 3776 in
335 3726 432 3793 insula,
453 3745 522 3796 quae
542 3728 613 3781 licus
633 3728 780 3793 dicebatur,
800 3729 960 3783 cumulasse
978 3738 1034 3782 tota
1053 3732 1185 3781 nemiuem
1203 3729 1325 3798 reperie-

228 3794 274 3845 bat
300 3797 369 3846 viam
395 3807 599 3852 monstraturum
624 3800 656 3852 ad
682 3801 797 3853 insulam
822 3801 946 3865 Cretam,
972 3816 1030 3853 cum
1055 3816 1147 3855 omnes
1172 3802 1325 3869 ignorarent
1420 3848 1421 3865 ,

228 3866 280 3917 iter
296 3864 373 3931 illud,
391 3872 453 3935 quia
471 3886 520 3937 per
538 3879 657 3939 tempora
677 3872 758 3923 multa
776 3888 830 3923 non
848 3874 1025 3939 praeterierat
1043 3872 1105 3945 inrle
1123 3873 1260 3940 navigium
1269 3871 1325 3923 llo-
1420 3912 1421 3933 ,

228 3951 347 3988 manum:
371 3938 590 3993 obscure‘autem
613 3958 697 3995 naves
719 3943 893 4010 Carpathicae
918 3943 985 3995 duae
1009 3944 1041 3995 ad
1067 3959 1126 3995 eurn
1145 3944 1271 3997 advectae
1300 3943 1325 3992 ei

228 4018 407 4061 monstrarunt
432 4012 484 4061 iter
513 4028 625 4080 eumque
644 4014 671 4064 in
692 4014 797 4067 Cretum
815 4016 963 4077 duxerunt,
992 4015 1042 4066 deo
1071 4016 1178 4067 omniuo
1205 4014 1325 4066 roseius
1419 4056 1420 4059 ,

229 4080 404 4151 gubernante,
424 4088 453 4132 ut
471 4080 602 4148 placentis
621 4086 770 4137 attentione
789 4086 860 4137 lidei.

327 4172 416 4241 Atque
443 4170 574 4241 ηοοοεοιλο
597 4180 737 4240 postquam
764 4172 867 4227 insulae
895 4173 999 4241 appulit
1023 4184 1052 4229 et
1069 4174 1192 4245 qualibus
1211 4188 1275 4229 usus
1292 4174 1326 4229 sit
1419 4164 1420 4167 ¹
