2875 4734
453 219 456 228 '
510 271 513 276 .
586 211 814 280 'atstontm
1037 216 1042 229 ’
1181 213 1253 287 119

150 377 233 463 τηγηῖ
254 375 313 455 μὲν
335 373 533 458 άρχάμενον,
555 375 684 460 φρουρᾷ
708 374 743 437 δὲ
766 370 821 438 καί
849 368 929 461 κύμη
952 378 1076 441 πολλῶν
1099 380 1155 443 καί
1174 380 1254 463 άγα.

150 478 218 540 θιύν
249 477 377 557 άνδρούν
399 475 674 560 συντηρούμενον,
703 478 760 539 καί
779 479 983 559 στρατιωτῶν
1016 478 1075 542 ούιι
1097 478 1255 564 άμοιρούν

150 578 185 641 ἐν
206 583 275 650 ταίς
294 577 365 640 κατ’
379 575 556 659 ἐπιδρομήν
576 571 748 640 ύπιθίσεσι.
791 574 828 639 τύ
852 577 888 641 δὲ
908 579 1050 642 τοιοῦτον
1064 584 1254 664 προαλωθδν

149 675 301 762 φρουράν
323 669 390 756 εἶχε
414 679 617 760 Σαρακηνεύν,
636 675 915 757 άποταμιεύυυσαν
937 680 1047 757 αύτοίς
1067 674 1127 763 τήν
1147 680 1193 755 είς
1214 680 1252 745 τύ

124 779 223 861 δύξής
245 775 343 840 adrui
365 775 618 841 καταδούλωσιν·
669 770 747 856 ὅπερ
778 773 906 859 ἔγγιστα
940 778 995 859 τῆς
1017 781 1156 865 μεγάλης
1177 779 1254 847 Ἀν-

150 875 293 959 τιοχείας
321 871 478 958 τυγχάνον
499 876 638 964 μεγάλην
672 878 758 964 αύτή
778 866 899 961 βλάβην
920 876 974 941 νοιί
992 876 1198 962 παντοδαπήν
1218 882 1253 945 ἐκ

150 976 217 1042 ταῖν
238 977 391 1042 ἐναντίων
409 978 592 1066 ίπιτράρειν
613 975 734 1060 ἔμελλε,
756 979 813 1041 καί
825 970 891 1043 οἷον
912 978 1075 1061 άντιλιολις
1096 972 1178 1043 είναι
1199 985 1256 1046 καί

151 1076 317 1142 ἀντίθετον
337 1074 541 1160 καταγάγιον.
597 1072 672 1162 άρτι
705 1079 742 1142 δὲ
763 1080 820 1142 τού
841 1082 999 1159 βασιλέως
1026 1077 1254 1162 εύτρεπεζομί·

150 1199 208 1240 νου
231 1175 311 1260 πρὸς
330 1175 388 1260 τήν
405 1178 503 1241 αύτού
532 1176 732 1262 πολιορκίαν,
755 1178 845 1267 φύβιρ
866 1182 1127 1255 κατασεισθίντες
1147 1176 1177 1243 οἱ
1196 1178 1254 1263 τήν
1331 1255 1335 1261 ,

107 1297 142 1353 10
152 1273 301 1365 φρουράν
334 1277 618 1359 ε’μπεπιστευμίνοι
647 1275 762 1343 τούτου
788 1281 969 1363 Σαρακηνοί
989 1276 1099 1353 νυκτύς
1130 1280 1252 1345 ἐκεῖθεν

150 1379 346 1462 άπίδρασαν.
404 1374 419 1440 o‘
443 1379 479 1443 δὲ
498 1376 650 1460 βασιλεύς
675 1375 844 1462 άνακωχήν
864 1383 958 1442 τοῦτο
990 1382 1046 1462 τῆς
1064 1375 1253 1464 ἐργολαβίας

149 1482 253 1553 καλάς
281 1477 497 1563 ἡγησάμενος,
517 1477 625 1566 τίθησι
644 1480 705 1562 μὲν
735 1479 835 1544 αύτού
855 1501 917 1544 που
939 1479 996 1544 τὸν
1015 1478 1154 1563 χάρακα,
1178 1481 1252 1545 δια-

149 1579 257 1663 τίθησι
279 1580 315 1643 δὲ
340 1576 378 1644 τά
401 1581 467 1644 κατ’
490 1577 615 1655 αύτούς·
635 1579 818 1664 εύπρεπιδς,
841 1575 1052 1663 οτρατηγύντε
1073 1581 1128 1643 καί
1150 1601 1252 1666 ppos·
1288 1599 1293 1622 ¹

150 1675 212 1764 ράν
233 1676 407 1764 ἐπιστήσας
433 1685 488 1746 καί
517 1681 656 1766 σιτήσεις
686 1682 914 1761 ε’ναποθδμενος
940 1683 997 1746 καί
1020 1679 1124 1746 πάντα
1147 1678 1187 1747 τά
1209 1684 1252 1769 τιή

105 1801 140 1853 15
150 1786 251 1871 καιρηῑ
275 1779 504 1862 διαταξάμενος
525 1780 705 1866 πρόσφορα.
756 1782 802 1844 ἐπ’
826 1780 928 1846 αύτού
945 1785 1050 1847 τοίνυν
1072 1783 1131 1846 τού
1152 1786 1279 1864 βασι-ί.
1300 1793 1387 1850 tata.

149 1883 229 1957 λίως
261 1875 394 1967 ἤρξαντο
417 1880 583 1963 Ῥωμαῖοι·
599 1881 761 1963 πολεμίοις
791 1883 1067 1968 α’ντοφθαλμίζειν
1096 1887 1153 1947 καί
1171 1882 1250 1965 πρύς

147 1981 366 2069 γενναιότερον
388 1984 559 2068 άναφύρειν
580 1983 672 2066 λόγον
694 1985 751 2069 καί
781 1987 992 2048 συνίστασθαι
1016 1982 1095 2066 πρδς
1117 1985 1250 2050 οίνείθε·

148 2107 209 2164 σιν,
231 2081 303 2148 ἐπεί
319 2082 394 2165 τάγε
416 2081 497 2147 κατά
519 2082 595 2158 τούς
609 2083 949 2167 προβεβασιλευκάτας,
973 2085 1008 2163 ἐξ
1027 2075 1125 2169 οὗπερ
1142 2082 1250 2150 ύΜο-

148 2182 290 2266 νομάχος
313 2182 370 2252 καί
389 2180 419 2247 εί
440 2186 575 2269 καθεξῆς
596 2184 823 2269 ἐπεκράτησαν,
852 2180 933 2267 πλήν
953 2184 1135 2264 ἐπιδείξεως
1151 2183 1250 2268 μόνης

100 2285 209 2363 wast.
225 2282 368 2368 πλήθους
388 2287 572 2367 συναγωγῆς
592 2282 702 2348 ούδενί
722 2284 881 2367 καρτερὰν
902 2282 980 2369 πρὸς
992 2281 1109 2368 ,μάχην
1128 2287 1248 2368 scrip·-

104 2386 268 2468 ”“ραξαν·
310 2383 353 2459 ὥς
376 2378 457 2449 εἶναι
480 2376 574 2469 δῆλον
596 2376 646 2448 ύτι
668 2386 726 2448 τού
746 2382 894 2469 ήγεμύνος
922 2379 966 2459 οἱς
988 2386 1105 2449 ἐπίπαν
1126 2385 1197 2449 inst*
1214 2383 1250 2451 td

147 2483 400 2567 κατορθούμενον
423 2485 457 2548 ίν
480 2480 566 2560 ύλοις
587 2491 651 2560 τοῖς
674 2483 867 2567 πράγμασιν.

246 2583 327 2649 Ἐπεί
354 2586 389 2650 δὲ
418 2587 437 2670 ή
468 2587 646 2670 Ἀντιόχεια
668 2587 937 2671 τιροκατειργασεο
968 2593 1038 2662 ταῖς
1059 2588 1249 2673 ἐπιδρομαῖς

148 2829 237 2876 autem
263 2821 403 2876 castellum
430 2838 446 2875 a
471 2825 539 2876 duca
563 2821 760 2892 administratur
786 2833 814 2877 et
840 2827 975 2892 praesidio
997 2817 1029 2878 'et
1055 2841 1120 2881 cura
1145 2831 1190 2898 (nt
1214 2828 1248 2880 de

148 2909 249 2947 corona
275 2895 396 2946 arborum
423 2895 463 2949 sic
487 2896 531 2948 hic
558 2896 591 2948 de
619 2911 719 2949 corona
747 2895 884 2948 hominnm
908 2896 1117 2968 intelligenda),
1146 2897 1247 2952 multo.

147 2979 205 3018 rum
228 2966 409 3035 bonorumque
435 2969 553 3021 virorum
582 2976 724 3032 servatur,
749 2981 846 3032 nequa
857 2967 987 3019 militibus
1006 2973 1080 3018 caret
1098 2968 1126 3018 in
1144 2969 1246 3036 impetu

148 3039 320 3092 accersionis.
358 3039 410 3090 hoc
429 3048 518 3091 autem
535 3046 598 3089 ante
617 3047 722 3104 captum
740 3036 902 3102 praesidium
921 3037 1037 3088 habehat
1054 3035 1248 3091 Saracenorum

72 3147 79 3158 .
149 3109 219 3177 quod
237 3110 361 3164 servabat
378 3113 412 3162 iis
430 3112 458 3160 in
477 3111 592 3162 intusum
613 3109 670 3161 eius
696 3105 871 3158 servitutem:
902 3107 973 3174 qaod
997 3107 1102 3175 quidem
1127 3110 1248 3174 proxima

148 3183 181 3234 ad
190 3197 309 3250 magnam
322 3181 492 3235 Antiochiam
511 3179 588 3228 situm
602 3191 726 3243 magnum
745 3178 771 3227 ei
798 3177 920 3228 damnum
939 3185 966 3227 et
984 3179 1087 3229 varium
1107 3192 1140 3232 ex
1158 3181 1247 3232 hosti.

148 3256 197 3306 bus
217 3255 390 3306 excitaturum
412 3255 477 3311 erat,
498 3255 525 3298 et
541 3250 615 3315 quasi
635 3247 769 3299 contraria
786 3248 849 3300 urbs
869 3257 940 3307 esset
957 3262 1070 3302 necesse
1081 3251 1138 3303 et'at
1150 3258 1177 3303 et
1194 3265 1246 3318 op.

148 3327 262 3394 positum
282 3320 474 3378 deversorium.
511 3334 596 3386 nuper
614 3325 701 3373 autent
719 3334 786 3389 rego
805 3319 863 3372 eina
883 3321 1109 3391 oppugnationem
1125 3328 1245 3390 parante,
1330 3327 1337 3339 “

147 3405 219 3450 metu
237 3395 354 3463 perculsi
374 3391 469 3460 quihus
488 3391 648 3457 praesidium
667 3389 746 3443 huius
765 3392 893 3444 creditum
923 3393 973 3444 init
997 3392 1140 3459 Saraceni,
1165 3403 1246 3447 nocte

147 3469 210 3520 inde
232 3469 366 3534 ingerunt.
403 3475 452 3512 rcx
468 3469 556 3514 autem
575 3463 690 3516 indutias
710 3464 758 3516 has
777 3464 877 3530 incepti
898 3462 1010 3531 pulchre
1027 3479 1151 3528 censens,
1170 3467 1246 3531 ponit

148 3540 185 3591 ihi
205 3538 295 3603 aliquo
315 3534 378 3586 loco
397 3533 506 3598 vallum,
528 3541 554 3585 et
572 3533 667 3587 dividit
685 3533 773 3586 omnia
790 3535 823 3586 iis
843 3543 914 3601 apte,
935 3537 1028 3586 ducem
1049 3535 1245 3600 etpraesidiam

148 3608 306 3676 praeficiens
327 3614 353 3658 et
371 3605 497 3657 alimenta
515 3608 664 3672 imponens,
688 3614 714 3656 ct
733 3607 820 3657 omnia
838 3607 973 3658 occasioni
994 3611 1142 3671 opportuna
1157 3605 1245 3672 impe.

148 3694 219 3733 raus.
257 3679 304 3730 sub
323 3679 382 3745 ipso
401 3678 483 3746 igitur
500 3692 566 3746 rege
586 3685 733 3744 coeperunt
750 3675 845 3728 Gracci
866 3675 987 3728 hostibus
1009 3681 1164 3742 praesentes
1174 3675 1245 3727 tesi.

148 3761 219 3807 stcrs
239 3758 266 3801 et
283 3751 315 3801 ad
332 3749 499 3809 nobilitatem
519 3748 614 3799 efferre
632 3750 764 3799 rationem
784 3758 810 3798 et
827 3746 975 3799 consistere
988 3745 1020 3797 ad
1039 3747 1244 3812 oppositionem,

149 3840 207 3875 cum
227 3823 296 3889 quod
317 3821 348 3871 ad
368 3817 472 3887 prio'res
490 3820 607 3886 pertinet
619 3831 713 3887 reget,
734 3833 768 3868 ex
786 3833 838 3887 quo
859 3815 1046 3869 hionomachus
1065 3825 1093 3868 et
1117 3819 1244 3883 deinceps

148 3895 234 3946 secuti
251 3899 405 3960 regnarunt,
424 3899 530 3956 praeter
548 3891 699 3941 iactantiam
718 3889 802 3941 solam
829 3894 856 3938 et
874 3887 1049 3940 multitudinis
1077 3891 1244 3940 coactionem

148 3964 216 4018 nulli
225 3965 258 4017 ad
277 3967 440 4014 constantem
453 3977 568 4029 pugnam
578 3961 717 4027 congressi
732 3967 831 4023 essent,
843 3960 887 4010 ita
897 3966 927 4011 ut
937 3961 1055 4026 perspici
1065 3960 1158 4026 possit,
1168 3958 1243 4009 dacis

149 4036 256 4090 omnino
276 4049 336 4086 esse
356 4041 479 4086 eventum
498 4035 526 4084 in
547 4031 668 4084 omnibns
693 4029 782 4083 rebus.

250 4103 315 4160 Cum
336 4111 423 4156 autem
443 4103 585 4158 Antiochia
605 4101 727 4155 confecta
747 4109 818 4155 essct
842 4099 1041 4175 accessionibus
1068 4101 1094 4147 st
1118 4095 1243 4148 frumenti
