2875 4734
535 342 743 411 nrsnoarn.
915 406 919 411 ,
1154 333 1203 411 59

104 503 207 574 αιίτόν
223 505 437 588 ,συγχωρῆσαι
458 499 568 588 φόνοις
588 502 642 568 καί
663 509 803 586 σφαγαῖς
827 501 1046 588 ἀνθρωπίναις
1065 508 1210 589 μιανθῆ·

104 631 159 674 ναι
181 606 238 691 τὴν
257 600 477 688 μεγαλόπολιν.
532 608 586 668 καί
605 602 682 687 πρός
717 603 757 668 τοὶ
790 602 913 687 ἐρυθραὶ
935 608 1049 670 πίδιλα
1070 604 1209 671 κατιδων

99 705 176 774 “did
199 704 320 777 ταῦτα’
342 697 428 768 εἶπεν
445 702 483 767 “ό
509 703 648 787 Μιχαὴλ
677 707 716 768 ου’
738 706 914 788 προδίδωσι
937 704 995 789 την
1015 701 1211 788 εόσίβιιαν,”

105 812 163 874 καί
179 808 288 890 πόρρω
320 806 382 870 scio
407 797 524 869 ἑαυτοῦ
560 806 663 870 ποδῶν
692 810 796 870 ταῦτα
826 805 1118 924 σφενδονησόμενος
1152 805 1211 890 την

77 907 248 996 5ιιεφαλὴν
278 905 379 971 ἔκλινε
408 914 473 981 τοῖς
501 905 728 972 ἀποσταλεῖσιν
760 904 859 982 τίς
825 932 882 990 την
906 906 1033 990 κουρόν.
1077 910 1132 973 καί
1155 910 1272 994 τῆς

105 1010 272 1092 βασιλικῆς
300 987 516 1129 λαμπρότητος
537 1033 595 1090 την
622 1005 802 1130 μονφχικην
833 1011 993 1073 πολιτείαν
1015 1011 1241 1092 εόχαριλττιοςί.
1258 1019 1309 1073 178
1321 1031 1349 1073 r.

105 1109 391 1230 α’νταλλρξόμενος,
413 1107 467 1172 καί
487 1105 634 1192 τρόχινον
651 1105 758 1193 ῥάκος,
779 1113 833 1192 τῆς
855 1107 1088 1190 εόδαίμονος’
1066 1109 1213 1193 αμπεχό-

106 1233 162 1294 νης
181 1201 233 1274 νισι
229 1209 435 1294 πολυτίμου,
457 1211 702 1291 παραπέμπεται
726 1202 911 1294 αόθημερόν
927 1214 1145 1296 μελαμφορων
1160 1214 1215 1274 καί

107 1319 174 1386 τοῖς
206 1319 360 1393 μοναχοϊς
388 1306 644 1394 συνταττόμενος.
699 1311 830 1390 δέχεται
860 1313 970 1374 τοότον
997 1311 1012 1372 ὁ
1040 1311 1214 1432 α’ρχιερεός

62 1409 300 1493 ςρσοναντήσει
334 1413 430 1494 δῆθεν
460 1408 677 1497 φιλανθρώπῳ
700 1433 751 1471 και
784 1410 962 1499 μειδιώση,
992 1435 1043 1474 και
1078 1409 1216 1499 “χαῖρε”

106 1513 188 1596 πρὸς
210 1510 304 1575 αότὸν
329 1509 466 1576 ε’πειπαόν
489 1508 645 1596 φιλήματι
667 1513 781 1573 τοῦτον
801 1506 989 1588 α’σπόζεται.
1033 1509 1050 1574 δ
1076 1505 1215 1585 daos&
1264 1592 1268 1598 ,

107 1636 144 1682 σε
168 1613 272 1692 οίξίως,
292 1613 456 1695 α’ρχιερεῦ,
479 1608 733 1675 όντασπόσαιτο”
754 1607 869 1696 φήσας,
887 1613 947 1699 μιᾷ
968 1616 1030 1675 των
1052 1605 1216 1694 πατριαρ·

106 1713 208 1796 χικοόν
230 1714 345 1792 οἰκιῶν,
366 1714 403 1797 τῇ
428 1710 579 1777 α’νωιότω
600 1712 830 1797 δναχωρητικῇ,
857 1713 1084 1797 παραδίδοται,
1117 1715 1214 1793 βασι-

108 1813 227 1888 λεόσας
248 1814 303 1878 ἕνα
322 1808 418 1894 μόνον
437 1809 593 1878 ἐνιαυτόν.

62 1937 98 1990 15
209 1913 379 1996 Εἰσόγεται
395 1917 499 1978 τοίνυν
522 1911 538 1976 ό
562 1915 729 1998 Κομνηνὸς
750 1912 930 1989 διαπόντιος
954 1915 1034 1996 μετὰ
1057 1921 1116 1979 τοῦ
1138 1912 1214 1980 στό-
1223 1947 1247 1984 ο.
1258 1929 1335 1994 1057,

108 2022 168 2080 λου
193 2014 332 2095 παντός,
361 2015 535 2101 εόφημίαις
562 2014 618 2078 καί
642 2017 839 2099 α’λαλαγμοϊς
872 2018 929 2080 καί
959 2017 1138 2100 σαλπίγγων
1161 2003 1353 2081 καί31·Ᾰ“ἴ·

109 2116 227 2180 λοιπῶν
250 2116 391 2198 όργόνων
413 2117 435 2200 η’
434 2119 479 2202 χῇ
500 2116 739 2199 σεμνυνόμενος.
795 2120 850 2181 καί
875 2117 982 2182 τοῦτον
1003 2117 1214 2200 όποδίχονται

109 2215 150 2282 τό
171 2221 322 2299 βασιλεια
354 2222 427 2302 περί
459 2215 566 2303 δειλην
593 2205 717 2300 α’ψίαν.
735 2224 948 2302 σεπτεμβριόα
969 2220 1070 2303 μηνός
1099 2221 1153 2303 τῆς
1173 2217 1216 2283 ια’

110 2319 305 2394 ίνδικτιαῑνος
328 2316 542 2400 ἐνισταμένου.
598 2323 635 2407 τῇ
659 2322 686 2383 δ’
710 2317 862 2403 ἒπαόριον
879 2319 1005 2406 προόδιρ
1025 2322 1155 2408 λαμπρᾷ
1176 2321 1216 2405 τῇ

61 2421 170 2490 αὑτοῦ
190 2422 270 2484 θεοῦ
300 2420 419 2510 μεγάλη
456 2421 602 2508 ε’κκλησίρι
622 2418 705 2500 μετό
728 2423 845 2502 πολλῆς
873 2415 1060 2503 προσελθων
1079 2421 1134 2504 τῆς
1156 2422 1214 2486 δο-

111 2505 279 2604 ρυφορίας,
298 2521 331 2585 τό
356 2525 472 2607 στέφος
496 2524 545 2586 ἐπ’
563 2520 747 2604 όκρίβαντος
770 2521 824 2584 διό
844 2519 954 2603 χειρός
976 2523 1035 2584 τοό
1055 2519 1215 2606 πατριόρ-

111 2625 369 2704 χαυκομιζεται.
423 2626 477 2687 καί
508 2623 631 2707 πρόεισι
661 2625 854 2708 στεφανίτης
876 2624 1008 2705 ἐκεῖθεν,
1035 2619 1130 2699 δόξαν
1150 2647 1215 2686 πα-

111 2723 275 2808 ρεσχηκώς
295 2722 427 2810 όνδρίας
448 2721 502 2788 καί
514 2723 733 2810 α’νδραγαθίας
753 2727 900 2811 μεγίστης
916 2720 956 2786 orl
975 2730 1043 2801 τοῖς
1067 2722 1215 2811 ὑπηκόοις

115 3045 176 3106 pter
193 3051 224 3090 se
244 3037 411 3102 concedere,
431 3036 561 3107 sanguine
582 3046 608 3089 et
632 3037 757 3089 caedibus
776 3035 911 3087 hominum
932 3035 1103 3087 contaminari
1122 3035 1214 3088 urbem

115 3109 230 3176 regiam,
252 3115 278 3158 et
297 3109 329 3160 ad
348 3109 428 3160 rubra
447 3109 556 3161 sandala
574 3110 741 3190 despiciens.
761 3114 870 3173 propter
889 3106 965 3169 haec,
986 3107 1082 3173 inquit,
1101 3105 1214 3158 llichael

115 3195 170 3232 nou
196 3179 294 3262 prodit
302 3181 445 3246 pietatem,
477 3188 503 3232 et
522 3179 603 3247 longe
628 3180 717 3230 asuis
738 3178 850 3244 pedibus
869 3177 935 3229 haec
953 3178 1116 3245 detorquens
1135 3186 1216 3244 caput

113 3252 205 3318 posuit
223 3251 310 3302 missis
329 3253 498 3315 tondendum,
518 3249 1026 3319 etregiarnagnilicentiamonachicam
1043 3251 1214 3301 constitutio.

113 3337 175 3374 nem
189 3321 286 3373 leniter
299 3331 400 3372 mutans
413 3331 439 3373 et
457 3323 586 3374 sordidam
600 3331 701 3374 vestem
712 3321 791 3372 beato
803 3329 831 3372 ct
844 3321 1112 3384 honorario-amictu,
1123 3322 1213 3373 dimit.

114 3395 180 3445 titur
196 3394 283 3444 statim
295 3394 372 3476 nigra
384 3402 470 3451 veste,
475 3403 501 3446 et
514 3396 541 3444 in
556 3392 746 3444 monachorum
758 3407 895 3444 numerum
910 3392 1020 3444 relatus.
1037 3394 1133 3459 recipit
1144 3392 1213 3444 hunc

112 3464 237 3532 pontifex
255 3467 383 3515 maximus
403 3465 554 3516 conditione
574 3464 694 3516 humama
713 3473 741 3516 et
758 3465 853 3528 arrisu,
874 3473 901 3516 et
919 3464 980 3516 vale
994 3465 1026 3516 ad
1046 3479 1104 3514 eum
1123 3464 1214 3514 dicens

114 3534 209 3586 osculo
228 3534 299 3584 hunc
319 3537 497 3603 prosequitur.
523 3537 691 3600 incautam,
711 3537 776 3588 deus
795 3544 823 3587 te
841 3537 932 3604 digne,
952 3534 1074 3602 pontifex
1091 3535 1214 3595 maxime,

115 3614 227 3657 econtra
246 3615 437 3674 prosequatur,
458 3624 517 3659 curn
537 3609 667 3671 dixisset,
687 3609 733 3659 uni
752 3608 987 3674 patriarchicorum
1007 3606 1152 3666 domorum,
1172 3603 1216 3654 al.

113 3678 234 3730 tissimac
261 3677 399 3730 solitudini
419 3681 530 3731 traditur
548 3688 687 3746 postquam
703 3680 830 3747 regnavit
848 3694 928 3731 unum
947 3684 1047 3727 mutum
1064 3690 1197 3727 annum..

222 3764 401 3818 introducitur
420 3769 501 3836 igitur
520 3768 669 3820 comnenus
688 3775 851 3818 transmare
873 3780 931 3815 curn
952 3764 1071 3815 exercitu
1088 3770 1144 3814 toto
1155 3763 1217 3816 lau.

115 3838 193 3889 dibus
212 3845 239 3886 et
260 3835 419 3890 elarnorrbus
430 3847 457 3890 et
466 3838 586 3889 tubarum
607 3848 634 3888 et
652 3838 816 3922 reliquorum
835 3836 1069 3888 instrumentorum
1088 3836 1217 3905 clangore
1271 3847 1276 3861 ¹

117 3907 271 3959 celebratis
310 3916 394 3975 atque
407 3909 478 3960 hunc
498 3911 597 3976 excipit
616 3912 690 3978 regia
710 3924 783 3959 crrca
793 3923 943 3974 vesperum,
962 3908 1039 3958 initio
1059 3907 1216 3976 septembris

115 3979 270 4031 indictionis
290 3977 334 4030 xl.
355 3988 462 4044 postero
491 3989 578 4032 antem
597 3981 640 4031 die
660 3995 757 4047 pompa
785 3978 883 4031 illustri
902 3980 933 4030 ad
960 3979 1004 4030 dei
1028 3994 1148 4061 magnam
1168 3993 1217 4026 ec.

118 4051 227 4102 elesiarii
246 4065 303 4099 curn
315 4049 547 4119 multaaggressus
566 4052 710 4103 satellitum
730 4052 935 4118 prosecutione,
957 4065 1083 4101 coronam
1102 4050 1128 4097 in
1148 4062 1215 4115 sug.

117 4129 196 4189 gcstu
215 4137 264 4187 per
282 4137 386 4172 inanum
405 4125 572 4188 patriarchae
590 4125 704 4190 accipit,
732 4131 759 4173 et
777 4124 946 4191 progreditur
972 4128 1114 4171 coronatus
1133 4119 1214 4182 inde,

116 4191 206 4262 gloria
232 4199 384 4276 comparate
408 4195 515 4247 virtutis
547 4203 573 4246 et
599 4195 762 4247 fortitudinis
787 4195 931 4257 maximae,
956 4207 1010 4243 non
1035 4189 1120 4242 solum
1145 4191 1218 4258 apud

95 4263 270 4328 'subiectam
291 4265 364 4316 sed'
358 4279 408 4316 ιτα]
429 4267 506 4326 etiam
526 4267 594 4332 spud
613 4267 759 4330 barbaros,
781 4268 879 4333 quippe
897 4264 944 4331 qui
963 4275 1051 4328 pugna
1069 4261 1215 4314 devicisset
