2875 4734
577 230 786 299 maroam.
870 260 873 264 -
1035 329 1038 335 Ι
1144 224 1229 302 ,tri

129 397 185 457 λον
204 394 244 479 τῇ
264 393 394 483 α’ρρήτρι
415 396 503 481 φορρῖ
524 393 578 458 καὶ
599 387 750 470 ε’άτινάξει
761 388 1074 473 προσαρασσόμενον,
1100 388 1157 475 τὴν
1170 389 1233 477 ῥῆ-

131 497 180 571 ξιν
197 494 308 573 βιαιάν
331 495 388 558 καί
408 489 570 575 άπότομον
591 496 744 575 ἐμποιεῖν.
788 488 945 574 τοσαύτην
968 492 994 554 d‘
1016 483 1100 554 εἶναι
1123 492 1164 578 τῷ
1180 508 1233 556 ιιι-’-
1276 542 1281 550 .

130 597 251 681 ροονίρι
273 592 353 677 πυρό
370 591 428 677 τὴν
449 592 590 678 φυσικήν
611 617 693 678 φασι
715 594 941 675 λεπτομέρειαν
962 587 1006 667 οἱς
1028 588 1110 677 μηδὲ
1133 590 1233 657 driva-

130 696 210 757 σθαι
233 692 468 774 καταβλάπτειν
489 693 524 759 τό
547 693 650 775 μανόν
671 687 693 777 ἧ
712 689 915 777 ὁπωσδήποτε
939 684 996 756 σόν
1021 688 1233 775 πόρευς’όχον

103 793 223 874 5σιόμιι
245 784 268 875 ἢ
287 796 440 878 βραχείας
467 796 567 875 όπός,
597 790 690 859 όποῐά
705 796 777 861 ,εἰσι
809 796 847 858 τά
877 816 912 857 τε
942 797 1006 858 τῶν
1034 788 1233 877 ὑφασμάτων

129 894 309 958 πέπλυται
331 887 390 958 όσα
417 897 564 960 τοιαῦτα·
606 899 661 960 καί
679 898 828 961 τοσοῦτον
851 889 920 977 ότι,
942 886 1001 957 κάν
1021 891 1104 980 τόχῃ
1126 894 1233 966 λινοῦς

131 988 353 1074 άπόόεσμσςῆ
379 990 574 1075 βαμβόκινος
604 989 626 1078 ἢ
652 990 764 1079 ἑτέρας
791 988 869 1077 όλης
899 995 1117 1079 ὲξυφασμόνον
1152 986 1233 1074 epd-

130 1084 245 1157 σπεόόν
267 1092 448 1175 α’πόδεσμον
477 1091 550 1177 ἔχον
580 1098 743 1179 χρυσίου,
778 1097 898 1182 ἐμπέσῃ
937 1095 972 1157 δὲ
1002 1092 1156 1176 κεραυνός
1186 1093 1232 1167 εἰς
1243 1103 1261 1158 i.
1276 1104 1328 1161 237
1338 1121 1361 1160 r.

131 1188 226 1272 αότό,
262 1189 296 1256 τό
325 1195 384 1272 μὲν
413 1203 549 1278 χρυσιόν
584 1198 711 1261 άλλοιοῖ
737 1194 791 1259 καί
820 1194 863 1269 οός
902 1197 935 1258 ε’ν
966 1196 1085 1279 χιονοόρι
1118 1188 1233 1278 φλογός
1249 1178 1391 1207 “⁶⁰⁰

89 1293 187 1364 lobna
213 1295 317 1373 βάλον
344 1302 452 1375 ποιεῖ,
486 1293 520 1360 τό
559 1298 594 1360 δὲ
627 1299 687 1360 τοῦ
716 1291 908 1381 ὑφάσματος
938 1287 1101 1374 σωμάτιον
1132 1290 1233 1373 rillio-

130 1396 185 1476 βὲς
205 1394 440 1475 καταλιμπάνει.
485 1395 540 1461 κατ’
560 1396 614 1463 ε’πό
632 1401 688 1463 τοό
711 1392 884 1479 άνθροόπου
907 1396 942 1458 oi
964 1391 1135 1468 οόοοιότως·
1178 1388 1232 1455 όιά

132 1492 193 1581 γάρ·
217 1499 280 1560 τοόν
300 1494 426 1580 άόὴλοον
447 1496 556 1578 πόρτον
572 1501 630 1563 τοό
651 1498 799 1580 σιόμειτος
819 1497 922 1560 ου’τοό
943 1492 1167 1577 εἰσερχόμενον
1194 1488 1232 1557 τά

106 1598 192 1684 ,μὲν
213 1592 301 1661 ἔνδον
321 1595 420 1660 αὐτοῦ
443 1582 687 1694 οόςὶόλικάτερα
709 1596 766 1660 καὶ
787 1594 906 1679 πόρους
927 1592 973 1678 μή
996 1591 1112 1676 ἔχοντα
1135 1616 1234 1657 κοτα-

59 1745 61 1755 .
131 1701 266 1779 νόμεται.
312 1695 347 1761 τό
371 1698 401 1760 d'
424 1694 541 1773 ἔξωθεν
557 1701 651 1776 σῶμα
674 1696 823 1773 πολλάκις
838 1695 877 1759 ori
892 1696 1092 1781 κατοφλόχει,
1113 1696 1168 1759 καί
1177 1688 1235 1757 εό-

89 1803 273 1883 15ρι’σκεται
296 1798 417 1881 κοῦφον
440 1799 505 1861 τοῖν
533 1798 703 1861 ε’ντοσθάυν
732 1796 920 1877 σπλάγχνων
952 1796 1098 1869 καθάπαξ
1130 1794 1234 1859 λειπό-

131 1920 236 1979 μενον.
282 1894 313 1961 οἱ
336 1899 372 1961 δὲ
393 1898 518 1961 ι’όιοῖται
538 1898 687 1979 μέγιστον
708 1892 837 1979 ἑρπετόν
862 1896 1076 1977 όρακοντοῖόες
1106 1896 1236 1961 α’ντόλε-

131 2021 186 2082 γον
206 1996 264 2081 τόν
297 1998 405 2063 αἰτίαν
428 1998 490 2061 τεόν
511 1990 661 2062 τοιοότοον
688 1996 826 2078 εἰσάγειν
849 1997 985 2073 παθῶν,
1017 1990 1235 2076 ἁρπαζόμενον

132 2099 191 2179 μὲν
212 2093 275 2175 aiud
301 2094 441 2181 αόράτου
462 2094 546 2173 τινός
569 2094 753 2178 δυνάμεως,
773 2089 861 2173 όνυξι
885 2096 921 2158 oi
949 2093 1004 2158 καί
1024 2094 1157 2174 δυνάμει
1181 2097 1235 2178 τῆς

132 2201 165 2263 όν
183 2198 270 2285 crispi
291 2200 487 2281 τραχύτητος
508 2198 563 2263 καί
583 2200 644 2263 τῶν
663 2190 801 2281 ἓλιγμοόν
828 2192 867 2259 τά
891 2194 1114 2279 προστυχόντα
1139 2195 1235 2275 διαρ-

87 2299 297 2384 κθρηγνόειν,
319 2293 399 2361 όπου
423 2298 546 2382 δηλαδὴ
566 2298 649 2387 τόχῃ
670 2295 727 2374 τάς
760 2298 967 2371 άντιπτιόοεις
997 2298 1051 2357 καί
1078 2294 1236 2361 άντισιτά-

132 2422 200 2473 σεις
223 2398 325 2463 αὐτοῦ
346 2401 565 2481 προσερείόειν
587 2403 643 2463 καί
666 2400 861 2481 ἀντιβαίνειν
881 2405 947 2471 τοῖς
969 2394 1106 2460 ἕλκουσι.

235 2494 361 2563 Κοιίτό
383 2501 443 2579 μὲν
464 2495 499 2563 ἐκ
512 2502 578 2562 τοῦ
603 2501 697 2584 α’όρσς
719 2501 834 2581 δεῖγμα
854 2500 995 2563 τοιοῦτον
1020 2484 1076 2562 ιισιλΙ
1087 2499 1235 2562 τοσοῦτον

133 2606 196 2674 τοῖς
227 2598 482 2690 φιλοπράγμοσιν
508 2589 670 2680 ἕμπσιοόν.
714 2598 730 2661 ό
762 2601 797 2662 δὲ
818 2596 970 2680 βασιλεός
991 2600 1052 2667 ταῖν
1074 2598 1235 2683 προτέρων

208 2753 408 2882 1ό.Ὶὲρπεστόν
426 2759 456 2813 G.
528 2760 572 2813 23.
591 2766 652 2827 post
669 2759 809 2831 ἐμποιοῦν
834 2759 910 2813 deest
932 2760 1091 2834 drecnypdr
1108 2759 1155 2837 vel
1174 2757 1237 2828 quid

206 2845 267 2882 srnu
280 2846 303 2883 e.
530 2839 534 2848 “

136 2977 279 3032 fracturam
302 2976 448 3031 violentam
474 2986 502 3030 et
519 2978 694 3045 praecipitem
713 2977 847 3029 excitare:
876 2984 974 3028 tautam
993 2982 1081 3027 sotem
1101 2992 1161 3028 esse
1179 2976 1236 3029 iul.

135 3051 225 3101 mineo
243 3050 301 3117 igni
320 3049 468 3102 naturalem
486 3051 659 3113 tenuitatem,
677 3056 707 3100 ut
725 3062 780 3098 nou
804 3048 889 3113 possit
912 3047 1006 3099 damno
1025 3046 1135 3099 allicere
1155 3054 1236 3101 tenue

136 3120 183 3173 uel
201 3121 391 3190 quovismodo
423 3127 525 3172 meatus
549 3120 653 3173 ¹habens
677 3133 774 3186 corpus
803 3118 848 3170 vel
867 3117 961 3169 brevia
985 3117 1123 3182 foramina,
1143 3118 1236 3186 quales

137 3200 198 3246 suut
216 3199 348 3245 textorum
368 3200 458 3244 restes
475 3198 502 3242 ct
514 3190 593 3243 talia:
611 3192 693 3261 utque
711 3191 764 3252 ita,
783 3197 813 3241 ut
831 3190 854 3242 si
874 3196 915 3242 est
936 3206 969 3241 ex
987 3187 1043 3241 liuo
1063 3188 1237 3258 ligamentum

136 3262 183 3315 rel
199 3263 388 3330 bombycinum
415 3262 461 3314 vel
481 3277 514 3313 ex
532 3262 586 3315 ulia
609 3263 719 3329 materia
745 3268 817 3313 texta
835 3262 926 3313 instita
945 3261 1117 3329 ligamentum
1135 3260 1236 3315 habens

138 3343 304 3399 aureum‚,et
321 3334 415 3385 incidit
434 3333 536 3386 fulmen
555 3335 582 3384 in
601 3334 678 3399 illud,
698 3348 790 3391 aurum
810 3340 926 3385 mutetur
946 3341 973 3385 et
991 3340 1115 3401 tanquam
1134 3332 1236 3385 confla..

138 3416 197 3461 tura
216 3405 337 3458 flammae
356 3420 437 3456 unum
461 3404 571 3473 globum
587 3413 738 3472 componat,
757 3412 857 3457 textum
888 3413 975 3457 autem
995 3418 1092 3471 corpus
1111 3405 1238 3456 intactum

85 3519 87 3525 .
137 3476 289 3544 relinquat:
308 3484 388 3543 atque
406 3477 433 3527 iu
455 3475 562 3527 bomine
581 3477 653 3527 item.
691 3475 881 3543 perobscuros
909 3477 977 3527 enim
996 3482 1098 3528 meatus
1117 3476 1237 3541 corporis

137 3552 303 3616 ingressum,
330 3547 473 3599 interiores
499 3548 557 3599 eius
573 3556 678 3615 partes,
707 3556 737 3600 ut
754 3549 838 3616 magis
854 3563 1009 3615 ,corporeas
1027 3561 1116 3614 neque
1137 3554 1237 3599 meatus

138 3618 277 3683 habentes,
297 3618 443 3685 depascit,·
458 3627 596 3670 externum
622 3627 709 3671 autem
736 3634 834 3686 corpus
862 3634 943 3685 saepe
970 3633 1024 3671 uon
1044 3617 1192 3682 comburit3
1212 3623 1239 3669 et

138 3690 275 3742 iuvenitur
293 3689 374 3740 inane
397 3690 532 3742 intestinis
550 3689 639 3743 subito
658 3690 791 3744 relictum.
841 3690 958 3757 imperiti
976 3698 1065 3742 autem
1084 3690 1237 3741 contrudi.

140 3760 235 3813 cebant
253 3761 394 3813 maximum
413 3776 530 3813 vermem
552 3762 675 3821 draconis
693 3762 777 3815 instar
797 3776 900 3814 causum
919 3760 1012 3813 talium
1029 3760 1131 3812 inferre
1149 3759 1237 3812 malo.

138 3848 210 3885 rum:
235 3840 338 3899 raptum
362 3832 395 3883 ab
415 3831 546 3884 invisibili
570 3834 703 3898 potentio,
730 3832 863 3900 ringuibus
883 3840 969 3884 autem
999 3841 1025 3884 et
1043 3833 1071 3884 vi
1090 3832 1237 3883 celeritatis

140 3913 166 3957 et
186 3901 318 3954 turbinum
342 3904 455 3955 aduersa
472 3919 662 3971 perrumpere,
682 3904 787 3971 quando
807 3904 894 3955 illidat
921 3905 1083 3957 contrarium
1103 3916 1191 3955 cesum
1211 3908 1239 3953 et

138 3975 324 4037 resistentiam,
345 3983 372 4025 et
391 3983 483 4026 contre
501 3990 532 4026 ac
550 3974 687 4027 trahentes
707 3984 767 4040 eat,
788 3982 868 4043 atque
882 3970 921 4027 ¹cx
939 3980 1002 4027 aere
1020 3983 1164 4028 monstrum
1182 3973 1237 4026 tole
1321 3969 1328 3991 ³

140 4055 167 4099 et
184 4054 286 4106 tantum
305 4046 454 4112 negotiosis
474 4045 592 4099 efficere.

240 4134 292 4187 Sed
310 4150 359 4188 rex
378 4134 512 4202 prioribus
524 4136 633 4190 studens
653 4142 680 4188 et
696 4142 778 4189 noctu
798 4143 825 4187 et
842 4136 885 4187 die
905 4136 1076 4205 generalibus
1095 4134 1174 4190 rebus
1194 4132 1241 4188 in.
1325 4176 1328 4186 r
