2875 4734
220 234 296 326 ms
405 298 408 300 Α
475 241 486 254 ’
523 202 740 308 nrcnlnrs
767 227 1031 303 ammromn

220 410 286 477 καί
301 357 562 504 κατοκλοισαντις
591 407 680 475 ἔνδον
707 404 761 471 τὸν
792 372 1003 485 ἀντικείμενον
1023 392 1103 479 μετὰ
1123 394 1187 459 ταῖν
1207 386 1327 455 συνόν-

221 539 285 579 των
321 513 408 598 ον’τῆι
438 510 564 577 πάντων
597 502 885 591 καταγωνισάμενοι
917 504 1078 597 τρίψωσι,
1107 492 1161 559 καί
1182 484 1245 555 6716
1268 485 1328 571 τῆν

220 616 312 699 σφῶν
333 614 440 677 αὐτῶν
469 620 562 697 χεῖρα
587 598 815 731 ζωγροῦσαν’
792 632 811 687 6
836 600 1037 689 φονεύονσαν
1065 592 1205 668 ἅπαντας
1224 590 1268 665 sic
1291 592 1327 655 ἐν

221 713 335 801 δικτδρι
359 709 525 797 ποιήσωσι.
575 734 630 774 και
652 701 693 791 ῆν
710 734 730 791 6
721 706 865 789 ιμελέτη
890 696 1038 818 σταθηρρὶ
1060 700 1115 761 καί
1135 692 1327 803 στρατηγικῆ

220 818 276 879 καί
295 816 352 879 τοῦ
373 809 563 898 θηρίματος
582 807 729 890 σίναχος,
753 808 797 882 εἰς
815 806 902 879 τέλος
929 804 964 867 δὲ·
984 827 1027 883 μη
1019 800 1268 889 περισωθιῖσα
1289 784 1354 854 τὸὸ

220 916 282 1031 τῆς
296 914 383 998 νίκης
405 915 572 1034 διέφθειρα
593 906 762 995 τρόφιμον.
785 905 978 989 συνήρχοντο
1000 904 1059 983 μὲν
1085 896 1145 981 γάρ
1165 894 1198 959 ἐν
1219 892 1329 1007 rc6r6i

220 1013 255 1080 τό
276 1038 311 1079 τε
329 1012 458 1093 ποζικόν
492 1010 548 1077 καί
573 1007 721 1077 ναυτικὸν
745 1009 950 1104 στράτευμα,
954 998 1184 1085 προελθόντες
1206 997 1242 1058 di
1264 990 1351 1075 πρὸ

219 1116 276 1179 ro6
297 1103 409 1187 ἄστεος
431 1109 461 1177 οἱ
476 1115 533 1196 τῆς
556 1112 685 1236 πεζικῆς
707 1106 834 1227 μοίρας
837 1107 1039 1186 στρατιῶται,
1063 1124 1115 1164 και
1111 1097 1326 1187 ἀποπλανη-

220 1218 328 1288 θέντες
361 1210 531 1282 ἑκκαίδεκ’
511 1214 572 1277 επί
601 1211 782 1295 κατασκοπῇ
816 1203 871 1270 καί
901 1199 1079 1284 καταλήψει
1107 1200 1204 1281 δῆθεν
1234 1194 1329 1259 τινοῖν

222 1310 422 1379 Μακεδόνων
445 1313 702 1392 οδλιζομένων’
687 1335 721 1375 εν
752 1303 948 1393 πορρωτάτω
983 1303 1091 1385 οἷγροῖς
1122 1302 1247 1364 ἑκοτνων
1268 1317 1327 1377 μεν
1337 1302 1372 1355 10

223 1414 281 1477 οδκ
302 1412 506 1496 e6or666oav
523 1436 577 1476 και
572 1410 762 1494 α’πέτοχον
782 1410 837 1491 τῆς
853 1404 1034 1497 ἐπιβουλῆς,
1056 1410 1120 1476 τοῖς
1143 1402 1178 1463 δὲ
1193 1391 1328 1482 Bapciy-

165 1586 169 1589 ,
221 1536 288 1597 γοις
309 1514 349 1575 06
377 1511 598 1591 covedricouv,
635 1504 688 1573 δτι
718 1512 761 1595 τῷ
786 1508 908 1590 Ἀδύρα
937 1500 1147 1590 προσέβαλον.
1192 1493 1278 1579 ὅμως
1298 1498 1328 1558 δ’

223 1637 280 1677 οον
302 1610 413 1691 οἱμὲν
435 1609 600 1732 Βάραγγοι
620 1609 679 1685 τὰς
700 1608 803 1683 πύλας
834 1608 935 1671 αὐτοῦ
956 1602 1184 1687 βιασάμενοι’
1168 1598 1257 1673 σντδς
1279 1600 1328 1663 εί-

220 1708 428 1794 σεπῆδνγσαν,
451 1713 507 1773 καί
527 1709 740 1783 πανόπλοις’
724 1714 896 1794 επιφοροιῖς
919 1701 966 1769 ἔτι
986 1706 1109 1786 πρωίας
1131 1692 1228 1784 οὔσης
1253 1696 1328 1771 τούς

223 1813 282 1875 τοῦ
303 1807 482 1891 Βροεννιοο
504 1814 766 1895 κατηγωνιᾛσαντο
810 1804 937 1879 ἱππότας
966 1797 1043 1869 δὲ
1026 1824 1112 1879 οντες
1134 1805 1246 1866 ἐκεῖνον
1266 1822 1327 1862 των
1339 1802 1373 1855 15

227 1908 333 1973 ἳππων
355 1906 524 1990 ἐπιβάντες
548 1913 594 1985 οἷς
622 1906 731 1995 φογῆν
764 1906 975 1995 ἐξωρμῆκασι.
1025 1906 1069 1988 μῆ
1091 1896 1189 1969 ὄντων
1211 1899 1245 1963 δὲ
1268 1898 1329 1963 τῶν

224 2013 258 2074 ἔν
278 2009 399 2095 ῆπτ-ίρῳ
424 2011 625 2092 στρατιωτῶν
651 2011 717 2075 κατ’
736 2002 812 2089 ὄψιν
840 2007 945 2071 αὐτῶν
974 2009 1029 2070 καί
1049 2003 1242 2085 ὑπάντησιν,
1261 2001 1329 2063 διὲ·

225 2132 329 2228 φργον
349 2108 406 2191 τῆν
428 2112 664 2192 πανωλεθρίαν.
719 2104 854 2192 ὕστερον
874 2108 902 2171 δ’
928 2108 1093 2225 ἑπιρανοίς
1115 2102 1131 2166 6
1152 2098 1331 2172 Ῥοοσέλιος

225 2207 287 2275 οὐν
306 2213 349 2298 τῷ
372 2213 518 2297 προέδρῳ
538 2211 664 2297 Ἀλεξίῳ
686 2210 821 2287 ἐδιλοξαν
839 2211 897 2289 μὲν
915 2208 1059 2292 κατόπιν,
1082 2201 1271 2287 βουλόμενοι
1294 2201 1329 2263 δὲ

226 2307 281 2375 τδν
303 2309 479 2392 διωγμὸν’
463 2318 633 2376 σπιττῖναι
640 2335 694 2375 και
689 2308 851 2384 πολλοὺς
882 2314 1004 2396 σφῆλαι
1026 2307 1090 2371 ταῖν
1108 2303 1255 2371 ἐναντίων
1274 2324 1332 2364 κα·
1317 2308 1375 2363 -20

225 2416 491 2494 τασεσεισμίνοος
521 2414 564 2499 τῷ
587 2411 677 2500 φόβῳ
705 2410 760 2475 καί
784 2412 960 2497 φεύγοντας
989 2406 1222 2528 ρῖμοταστρεπτί
1242 2395 1330 2485 παρα

224 2514 288 2577 ταῖν
310 2512 401 2577 ἰδίων
423 2514 481 2575 ortu
503 2510 773 2596 τισηκοίσδησαν,
794 2508 948 2576 δεδιότων
969 2508 1004 2573 τδ
1026 2509 1235 2587 ἀποτέλεσμα.
1257 2501 1332 2569 ἔπε-

226 2634 283 2677 σον
306 2613 343 2676 δδ
358 2634 439 2687 τινος
461 2609 648 2698 Μακεδόνες
671 2614 705 2677 ἔν
730 2614 773 2697 τῷ
796 2608 922 2699 κάστραι
942 2610 1031 2697 παρὰ
1052 2612 1112 2677 τῶν
1129 2608 1221 2707 Ῥοῦς,
1242 2597 1333 2670 ἄλλοι

298 2770 325 2821 3.
346 2771 550 2841 ζωογονοῦσαν
569 2770 599 2823 G.

130 2923 164 2951 γ’
228 2914 362 2968 bellantes
387 2922 527 2969 verterent
550 2924 578 2967 et
602 2916 630 2967 in
661 2929 735 2969 suana
758 2932 864 2969 manum
890 2921 1093 2969 conservantem
1125 2921 1170 2965 ant
1192 2921 1333 2967 necantem

228 3002 320 3040 omnes
348 2995 472 3056 tanquam
497 2988 525 3037 in
552 2994 611 3039 rete
638 2988 808 3055 redigerent.
833 2995 913 3055 atque
939 2994 996 3038 erat
1021 2985 1163 3037 eonsilium
1186 2987 1287 3037 firmum
1306 2994 1334 3037 et

227 3060 427 3142 imperatorium
454 3066 481 3109 et
501 3059 654 3111 venationis
673 3067 790 3129 tenax,
798 3067 933 3126 postremo
962 3067 1049 3109 autem
1071 3070 1127 3107 non
1147 3065 1332 3109 conservatum

227 3130 361 3181 victoriae
378 3131 493 3195 perdidit
511 3130 682 3181 alimentumr
700 3120 898 3181 cdnveniebant
911 3130 980 3180 enim
999 3129 1027 3180 in
1041 3128 1154 3179 eundem
1171 3128 1260 3179 locum
1278 3136 1333 3179 turn

227 3201 331 3266 pedites
351 3208 378 3250 et
395 3199 502 3251 navalis
523 3203 673 3252 exercitus:
700 3203 837 3269 progressi
857 3209 946 3252 autem
974 3208 1035 3251 ante
1054 3198 1147 3251 urbem
1167 3200 1266 3267 rpilites
1287 3199 1332 3267 qui

229 3277 356 3335 exparte
374 3271 492 3336 peditum
512 3278 647 3334 erant‚,et
667 3281 798 3340 vagantes
817 3272 879 3323 inde
899 3271 931 3322 ad
952 3270 1141 3337 speculandum
1164 3279 1191 3321 et
1212 3286 1333 3336 occupa.

227 3342 329 3391 tionem
347 3340 537 3391 nonnullorum
555 3341 741 3406 Macedonum,
767 3344 813 3410 qui
832 3343 914 3409 longe
934 3342 961 3391 in
974 3343 1053 3409 'agris
1073 3341 1257 3405 versabantur,
1276 3340 1333 3392 illis

228 3410 334 3477 quidem
354 3426 408 3461 non
427 3419 489 3463 sunt
506 3414 586 3479 potiti
606 3422 633 3463 et
651 3413 809 3465 aberrarunt
825 3430 841 3464 a
859 3414 998 3479 proposito
1019 3428 1078 3463 cum
1096 3412 1224 3477 Barangia
1244 3419 1334 3461 autern

136 3492 140 3496 ’
227 3496 283 3533 non
302 3490 498 3547 convenerunt,
514 3484 760 3551 quandoAtbyrem
778 3484 901 3552 aggressi
919 3491 988 3535 sunt.
1025 3491 1114 3533 tamen
1131 3482 1248 3549 Barangi
1266 3496 1333 3547 por.

228 3554 523 3621 taseiusellringentes
541 3555 613 3606 intus
633 3554 797 3618 insilierunt,
818 3562 844 3605 et
862 3555 938 3621 gravi
957 3561 1106 3604 armaturae
1124 3554 1225 3618 impetu
1239 3552 1334 3603 etiam-

228 3630 282 3673 tnnr
301 3624 517 3689 maneBryennii
530 3624 630 3677 milites
642 3625 826 3677 debellarunt:
845 3625 888 3676 illi
901 3632 999 3687 autem,
1014 3626 1127 3692 equitet,
1139 3638 1223 3691 equos
1237 3638 1333 3691 aecep-

230 3694 324 3745 dentes
338 3696 366 3745 in
382 3695 472 3762 lugam
499 3711 529 3748 se
551 3696 740 3763 proiecerunt:
761 3703 920 3747 comantem
934 3710 990 3746 non
1010 3702 1100 3747 essent
1117 3696 1227 3757 milites,
1244 3694 1289 3761 qui
1307 3693 1335 3742 in

230 3764 380 3815 continenti
394 3772 470 3816 erant
481 3766 509 3818 in
517 3774 662 3831 conspectu
676 3782 768 3819 cerum
779 3782 866 3834 neque
880 3767 913 3819 iis
924 3766 1084 3817 obvenirent
1085 3766 1253 3833 ,effugerunt
1262 3778 1335 3815 snm-

229 3848 297 3884 mam
313 3834 430 3886 cladem:
447 3846 542 3903 postea
552 3845 642 3890 autem
651 3839 797 3891 adveniens
812 3837 937 3890 Ruselius
949 3847 1008 3887 cum
1026 3836 1149 3902 praeside
1161 3835 1260 3889 Alexio
1271 3850 1336 3901 per

229 3907 315 3958 secuti
341 3914 402 3959 sunt
427 3922 473 3959 eos
497 3924 513 3959 a
539 3916 633 3977 terget
659 3911 707 3961 sed
728 3924 786 3959 eum
812 3908 916 3959 vellent
940 3908 1155 3973 persecutionem
1175 3905 1338 3973 protendere

230 3984 257 4027 et
274 3976 372 4029 multos
387 3986 559 4043 prosternere
578 3980 748 4032 adversarios
763 3994 908 4031 concussos
926 3986 998 4030 metu
1019 3986 1046 4029 et
1060 3978 1195 4045 fugientes
1210 3980 1338 4029 irretorto

230 4047 321 4111 oculo,
340 4064 357 4099 a
376 4049 431 4100 suis
449 4063 504 4099 non
524 4051 642 4101 exauditi
660 4055 722 4103 sunt
738 4048 919 4102 metuentibus
945 4050 1053 4101 exitum.
1077 4049 1232 4101 ceciderunt
1249 4056 1340 4101 autern

227 4118 356 4171 nonnulli
372 4118 558 4172 Macedones
550 4135 579 4172 ια
598 4121 713 4175 castello
735 4136 768 4175 ex
785 4121 909 4188 llosicis,
936 4120 984 4175 alii
1002 4122 1061 4175 vivi
1080 4120 1151 4187 capti
1170 4127 1240 4187 sunt,
1259 4119 1339 4175 simi·
