2875 4734
886 166 896 200 Ι

545 208 754 282 utstbttta.
1163 206 1209 284 tt
1266 153 1271 159 ι

109 372 249 452 γίνεται,
285 370 347 434 τάν
362 353 528 449 Ῥωμαίων
561 371 780 452 α’ρκεοθίντων
811 352 932 442 τούτοις
953 364 1009 432 ταί
1028 364 1212 451 χειροήθεις

111 469 286 550 οἰηθέντων
301 471 431 554 ποιῆσαι
452 465 528 543 τούς
549 470 707 552 μηδέποτε
737 471 923 550 γενομένους
942 469 1019 553 μηδ’
1038 471 1101 546 ἕξιν
1121 463 1211 550 ἔχοι·

106 593 167 646 τας
188 571 347 652 γίνεσθαι.
389 571 445 634 καί
466 564 496 632 οἱ
523 571 583 650 μὲν
602 571 740 652 α’ρχηγοί
761 566 878 644 τούτων
896 570 938 655 τῷ
956 574 1088 650 βασιλεῖ
1103 593 1210 651 παρα-

108 675 305 752 πίμπονται,
326 667 367 737 ,οἱ
401 672 436 736 δὲ
468 671 573 736 λοιποί
601 676 665 744 τοῖς
687 667 780 746 ἰδίοις
808 665 928 755 χάραξι
951 667 1212 755 σνντιηρὴθησαν

83 766 259 846 brionisis.
1073 767 1078 772 ’

211 869 420 957 Λωφησάοης
451 874 486 937 ‹li
505 874 559 956 τῆς
582 872 697 952 νόσου,
714 873 768 936 καί
787 863 893 955 ὥσπερ
915 863 1021 958 boeoti·
1045 868 1106 936 oui
1131 874 1208 954 θέρ-

107 994 170 1055 μης
194 969 362 1055 ειίριάσττος
381 974 635 1056 συγκινονμὲνων
650 974 756 1038 ον’τοῖν
775 975 832 1041 καί
851 968 947 1050 δόξαν
967 968 1213 1057 παρεσχηκότων

108 1068 220 1153 ἰσχύος
242 1071 529 1156 δοσιατεργάστοο,
550 1070 667 1137 σκοπὸν
688 1069 780 1154 ἔσχεν
802 1067 818 1134 ὁ
839 1070 989 1153 βασιλεὺς
1010 1069 1087 1147 τούς
1108 1072 1213 1157 άρχη-

106 1168 184 1253 γοάς
216 1171 321 1236 αὐτῶν
357 1166 544 1238 άποστεῖλαι
577 1176 799 1248 συνετίσοντας
829 1170 925 1255 τνχόν
959 1171 993 1238 τὸ
1029 1168 1211 1258 άμάφνλον·

65 1288 98 1340 10
107 1269 205 1354 ἔτυχε
224 1267 285 1356 γάρ
302 1270 422 1348 ον’τοάς
444 1275 499 1356 τῆς
518 1276 575 1337 τοῦ
594 1274 685 1336 θείου
706 1276 842 1357 λουτροῦ
856 1274 1093 1356 παλιγγενεσίας
1115 1297 1213 1338 κατα-

108 1374 222 1451 ξιῶσαι
244 1375 298 1437 καί
326 1376 509 1458 φιλοτιμίας
538 1375 674 1452 άξιάσαι
703 1373 861 1458 μεγίστης.
912 1370 967 1438 καί
1001 1369 1038 1454 (λη’
1070 1381 1210 1438 ποιεῖται

105 1471 236 1548 τούτους
265 1475 321 1558 τῆς
350 1470 456 1558 μάχης
488 1470 571 1556 τάχα
603 1477 877 1559 ααταλλακτῆρας,
909 1476 965 1538 καί
993 1482 1062 1552 ταῖς
1082 1472 1212 1551 οἰκείαις

105 1577 261 1656 φατρίαις
294 1565 391 1648 αὖθις
425 1570 582 1652 ἀνασώζει
612 1579 667 1640 καί
694 1576 923 1659 παραδίδωσιν.
972 1569 1052 1656 ἔγνω
1087 1561 1212 1638 δὲ’τότε

104 1674 234 1754 τιροῖτον
256 1665 303 1738 ὅτι
325 1671 427 1760 μάτην
449 1677 594 1740 Αἰθίοπα
616 1678 771 1740 λεοκᾶναί
782 1700 830 1751 τις
851 1675 1067 1756 ἐπιβάλλεται,
1089 1672 1145 1739 καί
1164 1669 1215 1738 ὅτι

60 1763 180 1857 15ὅφιν
201 1776 329 1859 τρέφειν
352 1778 405 1839 καί
419 1774 555 1860 πονηράν
575 1761 752 1860 εὐεργετεῖν
775 1769 894 1857 ὅμοιον,
915 1773 971 1840 καί
991 1775 1058 1840 οὐδ’
1078 1769 1211 1840 ἑκάστου

103 1870 226 1936 τούτων
250 1872 268 1954 ἡ
296 1874 393 1959 χάρις
424 1869 600 1942 άποτίκτειν
633 1874 747 1941 εἴωθεν
777 1869 921 1941 εὔνοιαι·
972 1871 1054 1941 κατά
1081 1871 1141 1958 γάρ
1171 1867 1207 1938 τά

103 1972 220 2038 σῖιιεῖον
242 1971 333 2051 ἔθνος
363 1977 522 2059 γενόμενοι
550 1975 651 2044 πάντα
684 1978 836 2061 πράττειν
866 1970 926 2042 ὅσα
946 1971 980 2040 τά
1006 1972 1081 2050 ἔθος
1101 1974 1210 2050 αὐτοῖς

102 2070 238 2160 παρῄνει
269 2079 324 2139 καί
352 2079 534 2161 διηρέθιζεν
569 2079 626 2143 οὐκ
656 2079 843 2161 α’πείχονιο,
876 2085 1022 2161 συνεχεῖς
1050 2072 1210 2162 εἰίδρομάς

101 2172 309 2257 ἐργαζόμενοι
321 2178 376 2241 καί
396 2183 701 2264 λαφυρογιογσῦντες
723 2176 760 2242 τά
781 2177 884 2268 αάκλρι
905 2182 961 2244 καί
973 2179 1035 2242 πᾶν
1049 2172 1085 2242 τά
1108 2197 1208 2260 προσ-

58 2271 203 2356 λῡταχὸν
225 2275 421 2360 ληιζόμενοι,
453 2278 507 2344 καί
532 2279 588 2362 τη“ν
611 2278 793 2362 Ῥωμαϊκήν
826 2284 885 2362 γῆν
917 2286 982 2353 τοῖς
1014 2275 1128 2358 αἵμασι
1146 2270 1238 2340 τοῖοί·
1255 2269 1335 2326 17314

104 2370 263 2440 Αίσὸνιον
284 2380 466 2470 πιαίνοντες.
490 2382 540 2446 διὰ
563 2383 618 2444 καί
635 2379 882 2464 συνηναγκάσθη
902 2377 996 2443 πάλιν
1018 2373 1034 2440 ὅ
1056 2376 1209 2458 βασιλεὺς

105 2476 188 2544 κατά
210 2479 273 2542 τῶν
293 2477 469 2564 βαρβάρων
489 2481 602 2547 τ’λάσαὶ
623 2477 776 2562 στρατιάν
790 2477 978 2562 α’ξιόμαχον.
1019 2479 1074 2544 καί
1093 2481 1209 2543 συνελ-

104 2573 229 2663 θοάσης
249 2571 349 2664 αάτῆς
377 2580 431 2646 καί
462 2589 527 2658 τοῖς
558 2581 712 2657 ἐναντίοις
740 2581 1076 2668 α’ντιπαροταξαμὲνης
1103 2575 1208 2663 μάχαι

182 2758 222 2811 10.
243 2758 444 2822 ααταξιολσαςλ
540 2761 582 2812 11.
603 2759 752 2824 setosae?
786 2823 794 2829 ἡ
824 2760 866 2813 16.
886 2760 1032 2833 &isocen
1052 2756 1208 2831 ἱεατέρουλ

101 2911 223 2956 scantur.
263 2913 290 2957 ct
310 2906 447 2973 dissipatio
468 2915 522 2958 tuni
543 2908 677 2958 exercitus
694 2907 738 2971 lit,
767 2921 825 2958 cum
844 2905 955 2958 Romani
976 2904 1096 2956 contenti
1116 2911 1208 2956 essent

102 2975 146 3026 bis
166 2984 240 3028 etse
261 2991 308 3029 eos
327 2987 480 3030 mansuetos
507 2986 631 3043 putarent
651 2979 777 3041 facturos,
809 2977 854 3044 qui
873 2990 1006 3044 nunquam
1026 2975 1097 3026 tales
1112 2975 1208 3026 fiarent

101 3063 193 3114 neque
213 3047 366 3100 facultatem
386 3049 514 3100 haberent
534 3049 611 3100 huius
629 3051 680 3101 rei.
715 3057 809 3115 ‚atque
835 3047 917 3098 duces
935 3046 1042 3113 quidem
1060 3044 1154 3095 borum
1174 3045 1207 3096 ad

102 3133 195 3185 regem
212 3121 360 3184 mittuntur,
380 3122 464 3172 ceteri
484 3129 571 3172 autem
585 3122 703 3187 ipsorum
722 3119 830 3170 munitis
844 3117 912 3168 locis
933 3115 1143 3168 observabantur
1162 3116 1207 3166 in.

102 3189 238 3242 columes.

203 3260 379 3314 Cum'autem
406 3273 538 3317 cessasset
562 3263 669 3314 morbus
696 3268 723 3311 et
748 3260 818 3311 sicut
842 3267 980 3327 serpentes
1008 3256 1099 3311 calore
1117 3256 1207 3310 valido

99 3346 132 3384 so
150 3342 292 3384 moverent
317 3333 359 3384 illi
386 3343 412 3384 et
431 3337 584 3402 opinionem
605 3334 784 3387 obtinuissent
800 3331 905 3384 roboris
924 3329 1118 3394 intractabilis,
1138 3344 1206 3381 coa.

98 3403 191 3457 silium
209 3403 300 3455 habuit
319 3421 367 3456 rex
385 3406 465 3460 duces
485 3423 576 3460 eorum
593 3406 713 3458 mittendi
742 3413 772 3456 ut
801 3404 938 3455 erudirent
960 3418 1046 3470 genus
1064 3409 1207 3468 cognatum

98 3475 172 3541 quod
189 3475 287 3527 aderat.
301 3478 398 3529 accidit
411 3480 480 3529 enim
493 3487 522 3530 ut
535 3494 582 3532 eos
596 3478 718 3531 novando
735 3476 826 3527 divino
838 3476 968 3541 baptismo
979 3474 1090 3541 dignare
1103 3471 1208 3525 vellent

100 3553 129 3596 et
148 3545 252 3597 bonore
271 3547 366 3614 dignos
396 3548 494 3601 babere
513 3551 636 3601 maximo.
688 3557 769 3616 atquc
794 3549 834 3598 sic
859 3548 924 3598 lacit
950 3560 996 3596 eos
1018 3557 1123 3610 pugnae
1142 3555 1205 3591 mox

99 3616 292 3672 conciliatores
313 3628 339 3680 et
357 3620 510 3672 domesticis
530 3621 654 3688 gentibus
673 3634 765 3671 rursus
784 3618 901 3671 restituit
931 3625 958 3668 et
976 3615 1066 3666 tradit.
1094 3611 1207 3663 intelle-

98 3688 140 3738 xit
159 3697 248 3740 autem
267 3698 320 3740 tum
341 3693 461 3756 primurn,
482 3693 580 3744 frustra
593 3691 755 3757 Aethiopem
774 3688 865 3740 albara
885 3687 1002 3753 aliquem
1020 3684 1080 3745 uiti,
1100 3691 1127 3733 et
1145 3698 1206 3734 ser-

96 3767 210 3825 pentem
234 3759 308 3812 alere
335 3769 361 3812 et
379 3761 451 3812 malo
476 3763 628 3814 beneficere
654 3762 723 3812 idem
744 3776 819 3823 esse,
845 3773 935 3824 acque
964 3756 1094 3822 cuiusque
1114 3753 1207 3805 borum

97 3832 213 3898 gratiam
239 3846 333 3896 parere
358 3830 447 3883 solere
466 3832 699 3895 benevolentiam
727 3832 825 3880 etenim
855 3844 915 3878 cum
940 3827 1064 3893 proprius
1091 3824 1207 3892 populus

96 3902 165 3954 faeti
185 3909 276 3954 esseut
290 3903 378 3962 omnia
391 3903 489 3967 lacere,
509 3906 542 3955 ad
556 3918 624 3970 quae
638 3917 694 3954 mos
711 3916 759 3953 eos
778 3899 932 3951 hortabatur
952 3906 978 3950 et
995 3897 1139 3959 excitabat,
1153 3908 1206 3944 non

98 3972 280 4035 desistebant,
306 3989 365 4024 curn
392 3977 533 4034 continuos
562 3975 676 4039 impetus
695 3972 816 4024 lacerent
834 3979 861 4022 et
878 3971 1028 4037 spoliarent
1047 3983 1116 4036 quae
1135 3966 1207 4044 οιτον

100 4051 178 4096 orant
193 4051 220 4094 et
234 4059 410 4113 quaeeunque
424 4051 604 4108 occurrerent,
625 4045 763 4110 privarent
782 4051 813 4094 et‘
821 4043 947 4095 Graecam
966 4048 1063 4092 terram
1076 4047 1206 4102 sanguina

99 4116 243 4172 Ausonum
262 4117 391 4172 satiarent
418 4127 527 4185 proptor
553 4116 624 4185 quod
643 4115 722 4168 etiarn
746 4123 856 4168 coactus
881 4121 922 4168 est
939 4126 1030 4166 rursus
1047 4124 1096 4162 rex
1114 4111 1207 4164 curtim

748 4333 757 4355 '
845 4359 867 4398 e
