2875 4734
124 330 128 344 ι
225 230 300 339 aas
525 265 745 336 urouauns
774 264 1035 333 arumnosas

225 428 372 515 τέμενος,
394 432 451 497 ἕνα
471 426 568 512 μόνον
589 422 657 512 εἶχε
676 428 796 514 βοηθδν
818 430 874 493 καί
894 426 1110 512 συλλήπτορα,
1130 424 1340 513 βουληφόρον

227 530 296 615 ἅμα
320 535 375 595 καί
405 530 580 614 στρατηγόν
611 529 666 594 καί
695 528 833 615 ἱππότην
857 528 911 593 καί
944 527 1044 609 δεξιὸν
1068 526 1337 614 α’ρχιστρᾰτηγον,

225 632 282 700 τδν
301 629 517 716 Βοτανειοὶτην
538 632 752 717 Νικηφόρον,
772 628 806 706 δς
829 630 954 706 πάππος
979 624 1017 715 ἦν
1038 632 1080 717 τῷ
1100 635 1336 717 προλελεγμὲνιρ

224 739 359 818 βασιλεῖ.
383 735 472 808 τέλος
495 735 530 796 δὲ
553 735 612 795 τοῦ
630 736 782 812 πολέμου,
803 731 884 813 μετὰ
899 730 933 795 ro
958 732 1257 813 καταπολεμηθῆναι
1281 732 1339 793 καί

225 836 406 920 ἡττηθῆναι
435 830 469 898 τὸ
500 836 563 897 τῶν
585 830 780 916 Βουλγοὶρων
811 831 905 907 ’ἔθνος
926 832 988 896 aiud
1027 834 1084 916 τῆς
1106 831 1208 894 αὐτοῦ
1229 831 1366 909 δεξιοῖςό

229 928 284 1021 (ἦν
303 934 364 1018 γαρ
388 936 561 1019 τηνικαῦτα
584 939 627 1022 τῷ
647 937 845 1023 περιβλέπτιρ
877 938 939 1001 τῶν
959 935 1079 1015 βεστῶν
1103 928 1261 1011 ἄξιώματι
1282 954 1338 996 τε-

155 1062 158 1068 ’
227 1040 409 1121 τιμημένος,
432 1034 648 1117 ἐλαμπρύνετο
672 1037 707 1099 δέ
729 1038 784 1101 καί
803 1039 844 1123 τῇ
866 1037 925 1099 τοῦ
946 1035 1059 1109 δουκδς
1081 1028 1335 1119 περιφανεστέτη

227 1138 341 1224 ἀρχῇ),
364 1134 417 1199 τὸν
436 1135 547 1220 εὐγενῆ
569 1135 623 1201 καί
647 1139 783 1222 α’ληθὲσι
800 1134 1011 1221 στρατιώταις
1031 1133 1182 1220 ἐράσμιον
1204 1132 1338 1216 θνήσκει

156 1268 159 1272 ·
227 1235 410 1324 μαχόμενος
442 1236 588 1301 θάνατον.
631 1234 827 1323 τρεψάμενος
855 1235 914 1319 γάρ
945 1234 1020 1313 τούς
1043 1226 1260 1315 Βουλγάρους,
1283 1233 1340 1295 καί

230 1335 357 1402 διώκων
380 1340 413 1401 ἐν
432 1341 473 1423 τῇ
494 1335 662 1458 κλεισούρρι
683 1340 721 1424 τῇ
740 1340 889 1426 λεγομένη
912 1340 971 1401 τοῦ
987 1333 1151 1413 Klaudiou,
1173 1335 1230 1457 ρδκ
1253 1335 1382 1457 piniario

230 1462 317 1617 σθοόν,
331 1533 412 1601 ἔνθα
436 1542 492 1601 καί
517 1532 643 1622 ετὲρους
666 1532 750 1621 ἑώρα
773 1538 989 1654 Βουλγιίρους
1000 1536 1261 1652 καταφυγόντας,
1282 1536 1337 1602 ἑσ.

232 1636 320 1722 φάλη
342 1661 397 1719 της
419 1634 583 1759 ἱπρασιας,
606 1643 663 1699 τοῦ
684 1639 781 1701 ἵππου
813 1628 1133 1719 κατολισθησαντος’
1120 1643 1153 1697 ἐν
1174 1635 1269 1713 πλαξί
1289 1640 1336 1698 λι-

230 1736 353 1819 θίναις
359 1737 414 1799 καί
436 1734 494 1799 οὖν
518 1739 604 1856 αρ’τηλ
625 1729 1009 1821 κατακρημνισθέντες,“
984 1759 1063 1799 wora
1086 1736 1337 1817 καταπλαγέντας

150 1879 154 1887 -
230 1833 304 1912 τούς
325 1839 485 1913 ἐναντίους
517 1864 574 1921 την
605 1842 839 1924 α’νυπέρβλητον
871 1834 972 1922 ὄρμην
1003 1840 1059 1900 τοῦ
1094 1836 1210 1919 ανδρες
1226 1862 1338 1921 μηκετι
1349 1852 1383 1905 15

231 1943 297 2013 τοῖς
314 1931 490 2019 Ῥωμαίοις
520 1943 677 2023 τολμησαι
719 1963 764 2013 εις
793 1945 906 2022 χεῖρας
936 1926 1062 2019 ἐλθεῖν,
1094 1929 1173 2000 ἄλλα
1196 1935 1249 2000 τὸν
1276 1938 1337 2016 μὲν

152 2066 160 2074 ·
232 2062 374 2120 αρχοντα
397 2041 530 2117 τούτων,
545 2038 695 2123 Σαμουηλ
712 2036 1014 2124 κατονομαζόμενον,
1028 2035 1204 2121 οιίντρομον
1224 2045 1338 2123 φυγεῖν

231 2135 289 2199 καί
310 2139 485 2202 ἀποθανεῖν
507 2143 540 2203 ἐν
556 2144 598 2226 uqi
618 2145 725 2227 λιμνίρ
746 2139 830 2227 ιη’σιρ
851 2143 906 2221 τῆς
922 2141 1089 2221 Πρέσπας,
1110 2136 1184 2214 τούς
1209 2141 1244 2203 δέ
1267 2143 1337 2199 λοι-

230 2239 310 2312 αοδς
336 2232 480 2322 1ἅπαντας
518 2237 737 2314 ὑποσπόνδους
772 2236 908 2315 ἑαυτοὺς
934 2242 1110 2323 ἐγχειρίσαι
1137 2241 1181 2326 uqi
1211 2242 1343 2321 βασιλεῖ

232 2337 287 2402 καί
307 2343 455 2422 γενέσθαι
482 2340 617 2416 δούλους
644 2344 686 2404 δι’
710 2339 829 2425 ἄρετην
850 2332 919 2415 ἐνὸς
943 2339 1059 2424 α’νδρδς
1081 2344 1136 2405 καί
1157 2339 1384 2424 γενναιότη-γο

234 2462 286 2514 τος
305 2439 452 2521 μέγεθος.
625 2471 629 2475 ’
1426 2486 1428 2511 ι

332 2542 417 2605 Ἐπεί
435 2549 487 2605 καί
512 2540 528 2603 ὃ
550 2541 661 2606 τούτου
685 2539 755 2617 υἱὸς
780 2543 938 2625 Μιχαηλ,
959 2543 1064 2627 πατηρ
1089 2543 1147 2603 τοῦ
1169 2542 1337 2621 βασιλέως,

233 2645 314 2726 μέγα
331 2666 362 2705 τι
387 2643 442 2706 καί
466 2640 719 2726 ὑπεράνθρωπον
750 2644 926 2723 ἐνεδείξατο
950 2646 1115 2728 καρτερίας
1145 2642 1199 2706 καί
1219 2642 1338 2724 α’νδρα-

233 2940 338 3063 positus
365 2947 392 2991 et
419 2938 657 3001 innumerabilibus
679 2939 816 2993 laboribus
844 2947 872 2992 et
898 2940 977 2995 armis
997 2939 1133 3008 expositus
1151 2954 1230 2993 unum
1250 2940 1338 2993 solum

254 3011 350 3063 abebat
368 3011 471 3063 socium
491 3021 518 3062 et
536 3012 691 3076 adiutorem,
716 3012 897 3064 consiliarium
917 3012 995 3064 simul
1016 3020 1042 3064 et
1061 3014 1153 3065 ducem
1175 3021 1201 3064 et
1221 3014 1338 3081 equitem

236 3093 263 3135 et
281 3084 402 3135 dextrum
420 3084 616 3150 imperatorem,
635 3082 802 3135 Botaniatam
820 3084 1014 3150 Nicephorum,
1035 3086 1080 3153 qui
1099 3099 1165 3135 avus
1186 3093 1241 3135 erat
1260 3093 1339 3135 antea

235 3156 306 3207 dioto
325 3157 394 3221 rogi.
444 3156 472 3204 in
495 3155 547 3205 line
573 3162 661 3206 autem
686 3155 752 3207 belli
772 3164 911 3223 postquam
936 3155 1084 3207 debellatus
1111 3163 1152 3206 est
1171 3162 1198 3207 et
1216 3157 1337 3209 devictus

233 3224 410 3308 Balgarorum
430 3225 545 3291 populus
565 3227 621 3278 eius
641 3234 750 3278 strenua
768 3228 884 3290 actione,
913 3231 986 3295 (erat
1005 3228 1074 3277 enim
1093 3234 1147 3277 tum
1167 3227 1266 3278 illustri
1285 3243 1339 3278 ve.

234 3297 385 3350 stiariorum
405 3295 534 3361 dignitate
553 3305 661 3348 ornatus
682 3306 708 3348 et
727 3298 885 3364 splendebat
904 3300 982 3349 etiam
1004 3299 1077 3349 ducis
1095 3297 1256 3364 amplissimo
1278 3313 1339 3349 ma-

234 3368 362 3435 gistratu)
390 3364 509 3417 nobilem
537 3376 563 3418 et
583 3371 656 3420 veris
675 3368 805 3441 militibus
829 3369 953 3421 dilectam
986 3369 1056 3421 subit
1075 3384 1194 3437 pugnans
1213 3378 1337 3419 mortem.

234 3445 375 3505 postquam
395 3439 464 3488 enim
484 3441 566 3491 vertit
577 3440 710 3508 Bulgaros
731 3448 758 3491 et
774 3433 940 3509 persequens
959 3441 986 3491 iu
1003 3440 1134 3509 angustiis
1152 3455 1220 3508 quae
1238 3440 1340 3491 dicun.

235 3508 418 3573 tortilibus,
449 3525 495 3562 eos
514 3526 569 3561 non
591 3511 731 3563 desinebat
755 3513 901 3564 occidendo
927 3521 953 3565 ot
977 3511 1144 3564 vulnerando
1169 3524 1231 3576 eos,
1251 3513 1339 3563 donee

236 3583 266 3633 in
283 3596 359 3634 arces
378 3596 517 3649 egressus,
546 3598 598 3649 quo
619 3584 697 3633 etiam
715 3582 783 3635 alios
809 3584 917 3635 videbat
935 3583 1066 3667 bulgaros
1085 3583 1255 3650 conlugisse,
1275 3582 1338 3648 lop-

239 3668 283 3705 sus
305 3661 346 3705 est
365 3653 522 3719 equitando,
549 3669 618 3721 equo
643 3654 775 3720 dilapso'
768 3672 795 3705 ιιι
814 3656 884 3723 iugis
911 3656 1013 3707 saxosis
1040 3663 1144 3705 etcum
1168 3669 1200 3704 eo
1221 3655 1338 3715 deiecto,

237 3724 276 3774 ita
292 3731 325 3798 ut
341 3725 486 3775 adversarii
515 3725 657 3792 stupolaoti
680 3726 855 3792 insuperabili
881 3728 980 3794 impetu
999 3728 1052 3777 viri
1076 3740 1130 3776 nou
1150 3724 1261 3792 amplius
1280 3725 1338 3775 llo-

237 3790 325 3843 mauis'
341 3794 468 3847 auderent
494 3798 526 3848 ad
549 3812 641 3849 manus
660 3798 764 3881 venire,
793 3799 839 3851 sod
859 3799 912 3849 dux
938 3798 1031 3848 borum
1051 3797 1157 3849 Samuel
1177 3797 1262 3848 dictus
1279 3804 1338 3846 tre.

236 3879 313 3915 mens
332 3862 440 3931 lugeret
463 3876 490 3918 et
518 3877 668 3920 moreretur
693 3871 722 3921 iu
741 3867 853 3953 palustri
885 3868 973 3920 insula
991 3868 1116 3953 Prespa,
1131 3867 1230 3936 reliqui
1250 3874 1339 3917 autem

213 3948 330 3986 ‘omnes
354 3933 490 3990 subiectos
515 3956 545 3989 so
561 3940 722 4006 praeberent
747 3942 804 4009 regi
836 3948 862 3991 et
880 3941 975 3992 tierent
994 3943 1065 3992 servi
1084 3947 1193 4007 propter
1213 3940 1338 3991 virtutem

236 4008 316 4060 unius
340 4006 392 4059 viri
411 4015 437 4057 et
455 4008 601 4062 nobilitatis
620 4014 837 4080 magnitudinem.

338 4095 557 4165 Quandoquidem
583 4100 662 4150 etiam
681 4100 758 4153 buius
778 4101 848 4154 lilius
867 4097 991 4163 bliobaol,
1011 4107 1086 4166 pater
1104 4101 1195 4168 regis,
1214 4110 1339 4164 maguum

240 4165 349 4236 aliquod
368 4176 395 4219 et
411 4169 524 4221 immane
543 4171 658 4222 ostendit
669 4173 815 4238 patientiae
831 4180 856 4224 et
875 4171 1037 4226 tortitudinis
1056 4178 1148 4238 contra
1166 4168 1338 4225 adversarios
