2875 4734
571 232 787 341 rus'mnn.
1156 266 1236 339 sm:
1321 270 1323 277 ’

11 466 14 470 ’
129 435 287 520 βασιλέως
302 436 482 522 φιλοτίμοις
501 433 671 520 τάποιίαις,
693 433 749 499 τάν
763 438 924 520 σφαγέντα
946 432 1137 521 άπογράφέα
1153 454 1230 518 προ-

131 538 234 620 οίμιον
256 534 399 624 έσχηκάς
424 541 480 619 τῆς
506 536 608 601 calceri
635 538 793 619 τελευτῆς.
842 541 897 621 τῆς
915 535 979 619 γάρ
1003 533 1125 601 ἐκεινου
1148 533 1232 619 ὑπη-

132 644 240 763 ρεσίας
262 638 435 721 έτάγχανε,
461 636 516 702 καί
549 634 603 702 διά
633 639 728 701 τοῦτο
753 634 854 720 άὴπου
881 634 969 720 λόγος
996 634 1165 721 ἐκράτησεν
1189 634 1231 712 oie

131 741 166 804 έν
186 744 287 865 μέφου
308 742 418 803 τοῦτον
437 736 642 823 πεαοίηιιεν“
627 764 643 803 o
672 736 746 813 θεὸς
765 730 818 804 οἶα
840 735 901 811 τάς
920 733 1088 820 βασιλικάς
1110 736 1324 820 degerim&
1337 764 1365 807 v.

103 844 186 906 huoi
200 841 383 924 ευέργεσιας
404 840 634 904 διακωλύοντα.

230 935 317 1003 'lla‘
298 962 363 1058 οσφ
392 940 428 1003 δὲ
459 942 563 1003 ταῦτα
583 910 784 1022 έπράττετο
796 940 850 1003 καί
869 938 988 1025 γαλήνη
1017 963 1074 1061 τιςἈ
1085 939 1230 1023 σταθηρά

121 1042 167 1107 ἔτι
186 1042 250 1106 τάν
269 1034 434 1123 τυράννοιν
455 1039 699 1124 ὑποσημαίνειν,
722 1038 829 1162 ἕτερόν
850 1066 879 1106 τι
908 1033 1074 1105 σκάλον”
1050 1064 1122 1123 ηι
1094 1039 1234 1118 ζιζάνιαν

134 1144 327 1226 διαφθεῖραι
349 1140 405 1206 τάν
426 1149 515 1231 σῖτον
539 1141 737 1224 φιλονεικοάν
766 1142 800 1203 ἐκ
828 1144 881 1225 τῆς
901 1137 1090 1220 Ἐπιδάμνου
1112 1140 1235 1213 πόλεως

132 1238 258 1326 άνεφάη
283 1243 339 1305 καί
361 1242 549 1307 διετάννυτο.
600 1239 699 1325 άγάρ
732 1242 834 1305 ἐκεῖσε
864 1240 926 1305 sini
957 1244 1017 1305 τεά
1038 1244 1232 1324 προβεβασι-

88 1360 124 1425 1'0
134 1337 280 1417 λευκότας
305 1340 493 1417 άποσταλείς
513 1341 600 1424 δοάξ,
620 1342 636 1405 o‘
658 1344 1126 1427 πρωτοπρόειλροςΒασιλάιιης,
1149 1340 1230 1422 μετά
1281 1425 1282 1429 ¹

132 1439 166 1508 τά
190 1439 319 1527 φθάσαι
339 1448 512 1525 παρελθεῖν
536 1443 789 1526 τάνΒρυέννιον
792 1468 845 1506 ιιαι
840 1441 1019 1506 άπελθεῐν
1038 1442 1084 1516 είς
1098 1444 1234 1527 Ἀδρια-

132 1540 281 1607 νοάπαλιν
301 1541 491 1625 καταλαβάν
509 1542 547 1610 τά
566 1543 773 1628 Δυρράχιον,
808 1541 962 1626 στρατιάν
986 1544 1020 1605 εἰι
1041 1544 1151 1607 πασιάν
1171 1544 1234 1605 τάν

132 1643 386 1725 ἕπαιειμένιον’
370 1651 472 1707 εκεΐσε
492 1653 608 1728 χωρῶν
630 1648 827 1724 συνελέγετο,
856 1667 908 1706 και
935 1638 1100 1727 Φράγγους
1131 1664 1234 1723 μετα-

133 1741 342 1825 πεμψάμενος
362 1740 396 1821 άξ
416 1744 549 1818 Ἰταλίας
570 1747 750 1831 φιλοτιμοις
771 1741 935 1822 δεξιάσεσι
957 1743 1012 1823 τῆς
1035 1736 1155 1807 ἑαυτοῦ
1175 1764 1237 1822 με·

89 1873 125 1927 15
134 1845 222 1929 ρίάας
254 1848 309 1909 καί
335 1848 518 1927 συμμορίας
544 1844 668 1909 έείθετο
683 1847 816 1922 Ιδεξιοῖς.
871 1838 1000 1929 ἤθροιζε
1020 1841 1079 1927 γάρ
1101 1845 1237 1924 χρυσίον
1347 1869 1350 1872 ·

113 1942 169 2010 ,ἔτι
190 1944 293 2030 πάσης
317 1947 422 2022 αίτιάς
443 1950 508 2011 καί
518 1942 637 2032 τρόπου
659 1941 752 2029 παρά
767 1947 830 2011 τάν
843 1946 1044 2061 πειθομένοιγ
1065 1944 1120 2009 ιιαί
1137 1965 1237 2007 κατο-

136 2049 418 2129 δυναστεοομένων
439 2048 536 2135 αάτῷ,
559 2050 614 2112 καί
637 2046 808 2132 κατάλογον
827 2048 960 2127 θέμενος
972 2041 1135 2128 πρόφασιν
1148 2044 1237 2106 ε’ποι-

135 2155 201 2211 είτυ
222 2150 279 2230 τῆς
300 2146 448 2233 τοιαύτης
471 2144 626 2224 ὁπλίσεως
644 2147 701 2233 τὴν
722 2146 804 2212 ἰιατά
826 2170 881 2213 του
869 2143 1113 2231 Βρυεννίου’
1088 2168 1156 2224 ως
1152 2142 1236 2241 άπα-

134 2245 251 2335 στάτου
273 2246 427 2315 ἐπίθεσιν.
471 2248 602 2313 ίπάνδ’
632 2246 712 2330 ἔγνω
734 2246 815 2312 πολά
836 2272 868 2312 τι
899 2240 1114 2368 στρατόπεδον
1134 2234 1235 2310 συνα-

89 2346 259 2434 φργηογιάς
281 2371 334 2412 και
330 2348 529 2466 α’ξιόμαχον
548 2346 684 2429 δύναμιν
708 2343 756 2433 (εἶ
751 2372 792 2432 χε
814 2347 876 2431 γάρ
900 2350 954 2411 καί
968 2344 1137 2427 Ῥωμαίων
1159 2352 1235 2410 πυλ-

134 2450 198 2512 λων
220 2447 457 2530 στρατιατιιιάν,
478 2448 676 2535 Βοολγάριον
695 2471 728 2513 τε
758 2451 812 2513 καί
830 2440 1039 2531 Ἄρβανιτῶν,
1064 2447 1118 2510 καί
1137 2445 1235 2511 οίιιεί-

135 2570 191 2625 ους
210 2548 416 2626 ὑπασπιστάς
435 2552 492 2615 ουίι
512 2552 664 2633 ὀλίγους),
687 2542 770 2633 άρας
790 2552 911 2615 insideo
932 2546 1012 2632 πρὸς
1032 2546 1088 2632 τὴν
1107 2548 1236 2613 Oooce-

135 2649 260 2734 λονίκην
279 2650 433 2735 ἠπείγετο.
476 2644 539 2736 ἤδη
562 2650 674 2717 δεταί
696 2654 798 2717 adrat
829 2650 949 2736 ταύτην
972 2646 1237 2732 καταλαμβάνον-

136 2953 287 3021 beneflciis,
305 2962 445 3041 postquam
463 2957 580 3011 occisum
599 2958 712 3010 scribam
730 2955 896 3023 prooemium
914 2952 1007 3007 hebuit
1023 2955 1129 3007 mortis:
1149 2968 1183 3007 ox
1199 2955 1238 3008 il.

137 3027 190 3079 lius
210 3027 279 3078 enim
297 3028 438 3081 ministris
443 3036 514 3091 erat,
539 3035 619 3111 atque
644 3034 789 3093 propterea
814 3025 883 3077 fama
903 3024 1095 3089 dominabatur,
1115 3027 1235 3079 emedio

139 3098 209 3151 huuc
229 3098 370 3152 sustulisse
389 3101 476 3161 deum,
495 3105 527 3148 nt
543 3098 620 3165 regia
638 3097 706 3149 dona
726 3104 752 3147 et
770 3095 902 3149 beneficia
921 3096 1118 3163 impedientem.

236 3194 304 3247 Dum
324 3203 411 3245 autern
436 3192 504 3241 haec
515 3199 638 3274 'aguntur
663 3200 689 3242 et
707 3191 887 3259 tranquillitos
900 3192 1027 3260 quaedam
1045 3192 1120 3244 hrma
1140 3207 1173 3243 ex
1191 3200 1237 3259 ty-

138 3266 227 3319 rannis
246 3267 421 3335 significatur,
439 3261 494 3313 alia
512 3263 588 3328 spina
607 3262 653 3316 vel
672 3264 804 3330 zizanium
821 3265 934 3330 perdere
950 3264 1109 3315 frumentum
1129 3263 1236 3317 studens

139 3354 173 3390 ex
190 3336 256 3388 urhe
280 3336 426 3402 Epidamno
452 3335 575 3401 apparuit
593 3343 620 3386 et
640 3320 836 3387 intendebatur.
876 3338 973 3387 etenim
992 3336 1037 3403 qui
1055 3335 1093 3387 ibi
1113 3350 1127 3388 a
1145 3336 1237 3401 priore

136 3425 203 3477 rege
220 3410 316 3458 missus
336 3412 392 3457 erat
410 3405 471 3468 dux,
496 3406 596 3473 primus
615 3421 723 3472 praeses
741 3406 893 3477 Basilaces,
922 3406 1059 3475 postquem
1078 3414 1238 3473 praeterre-

136 3481 177 3531 nit
194 3478 358 3543 Bryenninm
378 3484 405 3527 ct
422 3476 488 3527 abiit
505 3477 709 3543 Adrianopolin,
731 3479 873 3544 occupavit
892 3477 1087 3544 Dyrrhachium
1110 3484 1136 3527 et
1155 3490 1236 3528 exer-

138 3550 219 3601 citum
238 3548 288 3599 sibi
312 3564 346 3599 ex
364 3547 486 3599 omnibus
506 3547 544 3599 ibi
563 3548 744 3599 adiacentibus
764 3549 831 3601 locis
849 3549 977 3617 collegit.
1007 3556 1034 3599 et
1055 3547 1171 3599 Francos
1191 3562 1238 3599 ar-

138 3633 247 3672 cessens
277 3635 311 3670 ex
335 3618 413 3671 ltalia
435 3619 560 3687 benignis
586 3620 695 3672 donis
688 3636 715 3670 rn
742 3636 816 3671 suam
844 3628 945 3687 partem
975 3626 1002 3669 et
1023 3619 1237 3671 coniunctionem

137 3687 325 3742 transducebat
344 3692 445 3742 dextre.
465 3689 579 3759 cogebat
597 3691 667 3741 enim
686 3692 826 3758 pecuniam
843 3706 876 3741 ex
895 3691 966 3741 omni
987 3704 1066 3741 causa
1086 3697 1112 3741 et
1132 3691 1238 3742 ratione

137 3761 170 3813 ab
189 3761 233 3825 iis,
253 3762 298 3829 qui
316 3762 445 3827 parebant
463 3763 488 3813 ei
507 3770 534 3813 et
550 3762 757 3829 imperabantur,
779 3768 805 3812 et
818 3760 931 3829 tabellas
951 3761 1052 3813 faciens
1071 3770 1236 3829 praetextum

138 3832 221 3885 edidit
238 3831 298 3883 tulis
317 3840 465 3884 armaturae
485 3834 699 3899 persecutionem
717 3832 847 3899 Brpennii
871 3840 901 3883 nt
922 3839 1073 3899 apostatae:
1097 3842 1235 3901 postquam

137 3912 225 3967 antem
250 3905 396 3970 cognovit,
422 3919 452 3954 sc
478 3903 587 3955 multum
613 3904 764 3969 exercitum·
786 3903 944 3956 conduxisse
969 3912 996 3955 et
1013 3918 1161 3972 pugnacem
1180 3903 1234 3956 vim

139 3973 268 4044 (habebat
288 3976 357 4025 enim
375 3974 552 4026 Romanorum
570 3974 713 4027 multorum
734 3976 896 4038 exercitum,
918 3982 944 4026 et
961 3974 1136 4043 bulgarorum
1156 3982 1235 4041 atque

138 4045 321 4099 Albanitarum
341 4052 368 4095 et
384 4046 508 4112 proprios
526 4054 754 4114 propugnatores,
786 4061 839 4097 non
858 4050 989 4116 pancos),
1010 4046 1146 4112 profectus
1174 4044 1236 4095 inde

139 4115 356 4169 Thessalonicam
376 4117 530 4171 contendit:
550 4133 627 4185 quam
647 4118 768 4173 cuuriam
786 4125 953 4185 occupasset,
973 4116 1041 4167 lama
1058 4116 1090 4167 ad
1102 4130 1161 4167 enm
1172 4130 1236 4183 per-

139 4188 225 4256 venit,
243 4188 411 4243 botoniatem
428 4203 444 4239 a
462 4196 519 4245 toto
538 4198 631 4248 senatu
645 4195 672 4241 et
687 4198 826 4245 conventu
845 4186 1061 4257 etpopalaribus
1081 4187 1159 4242 stab
1178 4202 1236 4239 om.
