2875 4734
563 262 771 333 HlS'led.
831 320 839 335 .
1137 258 1213 333 223

213 425 284 491 Καί
302 426 339 491 τὰ
362 428 492 507 μέντοό
513 430 621 510 γένους
636 430 699 491 τῶν
713 423 888 512 Φωκαέων,
910 419 970 495 όσα
991 448 1026 509 γε
1044 416 1116 510 ήκει
1136 422 1215 489 κατέ

65 519 70 522 ’
115 527 172 603 τός
194 534 361 613 προσεχεῖς
382 526 473 611 ήμιόν
494 526 616 611 γενεάς,
636 526 801 615 περίφημό
817 550 850 593 τε
872 524 928 592 καί
946 525 1139 612 περιβόητα·
1162 527 1218 590 καί

114 634 276 712 μαρτυρεῖ
293 625 416 705 τούτοις
438 628 478 693 τιν’
498 653 532 694 τε
558 632 621 694 τῶν
649 622 772 695 ἄνωθεν
802 626 981 712 διηγήματα
1011 630 1067 692 καί
1084 623 1100 690 ό
1119 632 1216 710 βασι-

113 724 187 802 λεός
207 730 298 811 κόρις
319 730 505 813 Νικηφόρος
526 727 542 792 ό
565 732 695 808 Φακᾶς,
739 725 773 804 ὃς
803 726 840 793 τό
860 723 1027 809 Ῥωμαίων
1046 722 1216 817 πράγματα

88 826 312 914 5κατειληφαός
334 829 367 891 έν
388 832 484 918 στενῷ
506 833 622 916 κομιδή
643 832 698 895 καί
717 828 827 918 αἰιόρην
849 830 1076 913 περιιστάμενοι
1098 831 1136 914 τῇ
1156 828 1216 891 τιόν

114 929 309 1011 Σαρακηνιόν
331 930 387 991 καί
407 930 550 1012 Ἀράβων
580 927 783 1019 ἐπιστρατείᾳ
808 931 865 995 καί
887 927 947 1013 πρό
977 930 1032 1012 τής
1052 930 1216 1011 βασιλείοις

111 1024 303 1111 οἱνεκτήσατό
327 1052 360 1093 τε
383 1032 436 1093 καί
453 1028 629 1112 οἷνεζοόεοσε,
649 1038 777 1109 πολλοῖς
793 1034 899 1107 πόνοις
920 1028 976 1095 καί
995 1030 1095 1114 α’γοόσι
1120 1034 1216 1093 πολε-

110 1138 217 1209 μικοῖς
236 1127 537 1215 καταστρατηγήσας
561 1135 625 1198 τεόν
645 1134 794 1198 έκανιίαν
815 1125 892 1217 ἄχρι
906 1128 1043 1205 Νικαίας
1066 1131 1216 1214 ληιζαμέ-

109 1256 174 1296 νων
193 1228 250 1315 τήν
271 1226 364 1312 ἓιόαν,
385 1234 442 1295 καί
462 1235 508 1307 εἷς
528 1231 584 1316 τήν
606 1237 670 1297 τοόν
693 1232 835 1299 Κιλίκιον
854 1234 1061 1309 κατακλείσας
1084 1228 1214 1306 αὐτούς·

70 1349 101 1403 10
110 1324 177 1396 εἶτα
198 1328 255 1395 καί
275 1329 332 1415 τήν
359 1335 510 1416 μεγίστην
541 1333 713 1417 νήσον·τής
737 1332 865 1417 Κρήτης
893 1332 1061 1408 όνασοόσας
1079 1334 1118 1418 τή
1134 1331 1215 1395 Ῥια-

109 1436 213 1513 μαίοον
235 1433 330 1519 α’ρχή,
352 1438 483 1519 πρᾶγμα
512 1430 820 1518 όνομεταχείριστόν
842 1457 876 1498 τε
908 1437 963 1497 καί
983 1430 1215 1514 δυσκατόρθω-

109 1557 171 1615 τον,
196 1534 327 1619 εὐσεβής
349 1536 384 1599 ti
407 1528 452 1598 ιόν
473 1532 512 1598 τό
535 1533 613 1617 πρός
635 1532 690 1599 τόν
712 1533 790 1599 θεόν
810 1535 866 1600 καί
885 1533 1127 1616 βουλεύσασθαι
1140 1534 1215 1597 δια-

109 1632 364 1717 γνωστικοότατος
382 1639 438 1700 καί
452 1634 624 1721 στρατηγός
644 1636 876 1719 ἀνδρειότατος,
891 1639 946 1700 καί
962 1634 1002 1699 τό
1019 1636 1078 1715 μέν
1089 1635 1125 1699 έκ
1136 1636 1216 1697 θεοῦ

110 1735 165 1799 καί
177 1738 268 1814 θείας
287 1738 462 1820 δυνάμεως,
484 1729 523 1801 τό
545 1740 585 1833 δέ,
595 1742 809 1820 συμβουλίαις
821 1739 969 1824 α’ρίσταις
983 1738 1038 1801 καί
1057 1758 1214 1818 στρατια·
1308 1818 1322 1835 ἢ

69 1851 100 1904 15
110 1846 212 1913 τικαῖς
234 1839 455 1924 γενναιότησιν,
483 1840 527 1913 είς
549 1841 637 1914 τέλος
655 1836 878 1905 εὐκταιότατον
898 1838 952 1903 καί
972 1837 1128 1923 μακάριον
1149 1862 1212 1901 σν-

110 1947 293 2024 νεπέρανεν.

126 2084 129 2087 ·
201 2037 269 2108 Ἵνα
292 2044 327 2107 δὲ
356 2052 457 2127 γνοῖεν
486 2041 516 2108 οἱ
538 2042 779 2126 ἐντυγχάνοντες
807 2044 911 2107 τοῖσδε
942 2049 1006 2117 τοῖς
1032 2040 1212 2125 γράμμασι,

107 2147 142 2208 τί
160 2140 309 2225 βοόλεται
330 2144 407 2228 ἡμῖν
430 2144 464 2209 τό
487 2144 544 2226 τής
564 2136 900 2225 εόσεβειόιςέγκαόμιον
922 2146 956 2207 έν
974 2150 1039 2217 τοῖς
1053 2165 1212 2227 στρατια-

108 2248 203 2317 τικοῖς
226 2249 478 2326 παραγγέλμασι,
500 2242 729 2328 προσθήσομεν
748 2268 780 2306 τι
800 2244 844 2327 τῷ
865 2240 1048 2327 διηγήματα

65 2357 98 2410 20
207 2347 386 2419 Μέλλοντος
403 2344 507 2410 oritoni
529 2345 803 2428 όιαπεραιαιθήναι
816 2341 920 2430 ’στόλῳ
940 2346 1039 2427 βαρεῖ
1057 2343 1136 2427 πρός
1156 2341 1212 2427 τήν

107 2444 240 2529 Κρήτην
254 2446 385 2509 ’κάκεῖσε
403 2444 461 2526 τόν
480 2444 640 2511 οἷπόπλοον
656 2448 866 2528 ποιήσασθαι,
885 2447 1046 2529 συνῆλθον
1068 2442 1103 2509 αἱ
1118 2444 1211 2531 τριή-

107 2568 174 2629 ρεις
196 2540 304 2610 καίτό
339 2549 400 2612 τιόν
429 2542 573 2634 dissidas
602 2549 725 2631 πλῆθος
747 2547 791 2623 εἰς
820 2542 853 2611 τό
880 2549 942 2611 τοόν
965 2547 1137 2637 <Puplitus
1159 2554 1209 2611 λε-

107 2642 241 2728 γόμενον
267 2646 479 2713 κατατόπιον·
510 2650 581 2711 καί
601 2650 772 2731 γενομένης
796 2650 852 2731 τής
871 2648 1075 2729 έμαλοιίσεισς
1096 2649 1210 2712 ένταιι-

176 2777 202 2833 ίι.
223 2776 265 2850 ὃς]
288 2784 330 2843 εἰς
349 2781 379 2837 G.
399 2767 467 2837 uidit
495 2785 573 2837 etiam
591 2787 734 2853 interpres.
895 2786 935 2839 13.
956 2787 1005 2840 καλ
1026 2787 1207 2854 expunxerim.

179 2854 222 2905 22.
242 2844 294 2908 τόν
312 2854 342 2907 G.
444 2857 487 2909 23.
508 2859 649 2914 κατόπταν
669 2857 699 2912 (i.

207 2966 295 3035 Atque
316 2982 360 3019 res
380 2970 485 3038 quidem
511 2972 619 3039 generis
638 2970 805 3030 Pbocadum‚
828 2983 1003 3036 quaeeunque
1022 2970 1158 3035 pertinent
1176 2970 1209 3021 nd

36 3080 38 3083 ε
106 3038 264 3090 coniunctas
283 3039 362 3092 nobis
382 3050 493 3105 aetates,
514 3041 667 3092 celebratae
686 3048 765 3105 atque
789 3038 973 3105 frequentatae
993 3046 1063 3103 sunt,
1084 3047 1111 3090 et
1128 3040 1207 3089 testi.

104 3111 195 3162 monio
216 3118 276 3162 suunt
296 3110 336 3162 his
356 3119 410 3164 tum
431 3113 584 3176 superiores
603 3110 771 3159 narrationes
790 3116 844 3159 tum
863 3123 911 3159 rex
928 3109 1050 3160 domiuus
1069 3107 1207 3175 Nicepho-

106 3196 150 3232 rus
169 3180 282 3246 Phocus,
311 3185 356 3249 qui
383 3197 426 3233 res
445 3181 575 3233 Romanas
601 3179 750 3244 suscipiens
781 3179 911 3246 angustiis
944 3181 1051 3230 omniuo
1072 3186 1098 3231 et
1116 3180 1207 3246 iuopia

105 3254 279 3305 circumfusas
298 3253 490 3305 Saracenorum
508 3249 679 3318 Arabumque
708 3250 879 3315 expeditione
908 3251 987 3301 etiam
1014 3257 1076 3303 ante
1095 3266 1207 3319 reguum

104 3327 276 3389 recuperavit
305 3332 331 3373 et
354 3322 541 3385 resuscitavit,
567 3320 658 3372 multis
676 3321 814 3373 laboribus
836 3329 862 3371 et
890 3321 1078 3374 certaminibus
1098 3321 1207 3375 bellicis

104 3394 243 3447 debellans
270 3392 439 3445 aduersarios
467 3407 553 3460 usque
577 3392 609 3442 ad
634 3391 759 3444 Nicaeam
784 3393 942 3459 praedantes
961 3395 1110 3458 orientem,
1131 3395 1205 3444 etin

103 3464 219 3518 cilicum
237 3474 335 3515 terram
360 3461 501 3515 includens
522 3479 583 3515 eos:
609 3464 705 3515 deiude
732 3466 811 3516 etiarn
837 3466 974 3516 maximam
994 3462 1117 3527 insulam,
1136 3462 1205 3515 Cre-

102 3545 165 3597 tam,
186 3549 349 3586 conservans
362 3534 537 3585 Romanorum
558 3536 680 3602 imperio,
700 3552 770 3603 quae
784 3536 889 3603 quidem
907 3551 951 3587 res
970 3533 1088 3585 difficilis
1109 3533 1159 3583 luit
1173 3533 1206 3583 ad

102 3606 268 3657 tractandum
288 3605 508 3673 exigendumque.
546 3607 605 3672 pius
624 3614 711 3657 autem
729 3608 756 3657 in
775 3606 854 3657 rebus
874 3606 972 3657 divinis
991 3611 1071 3671 atque
1089 3604 1117 3654 iu
1137 3616 1205 3654 con.

102 3678 174 3728 siliis
199 3676 435 3742 prudentissimus,
463 3686 490 3728 et
514 3678 566 3728 dux
592 3678 768 3741 fortissimus,
794 3677 874 3744 idque
902 3676 1064 3741 partim-per
1082 3674 1159 3725 deum
1179 3682 1205 3725 et

102 3749 195 3800 divina
215 3749 260 3811 ri,
287 3749 382 3814 partim
408 3747 529 3799 consiliis
548 3750 655 3816 optimis
675 3756 701 3799 et
719 3747 835 3799 militari·
848 3746 991 3797 nobilitate
1014 3753 1100 3797 morte
1125 3754 1204 3814 opta.

102 3820 205 3871 tissima
224 3827 251 3869 ei
268 3819 346 3870 beata
364 3821 488 3872 decessit.

203 3888 238 3941 Ut
254 3898 342 3941 autem
360 3890 513 3957 intelligant
532 3893 576 3958 qui
595 3890 715 3942 incident
740 3891 768 3940 iu
787 3889 835 3941 bas
860 3888 963 3953 literas,
984 3889 1046 3958 quid
1065 3890 1116 3942 sibi
1137 3887 1204 3940 velit

105 3963 213 4030 pietatis
232 3961 350 4013 laudatio
369 3963 397 4012 in
415 3963 575 4014 militaribus
597 3963 692 4026 iussis,
712 3962 836 4012 addemus
856 3959 956 4028 aliquid
975 3960 1138 4013 narrationi.-

202 4033 317 4085 Volente
338 4048 370 4083 eo
399 4034 524 4085 traiicere
553 4033 639 4084 classe
663 4034 742 4100 gravi
760 4033 788 4081 in
808 4032 931 4097 Cretam,
954 4040 1033 4100 atque
1053 4032 1114 4081 iude
1134 4042 1202 4079 con.

104 4108 252 4171 scendere,
281 4114 467 4156 convenerunt
490 4106 612 4156 triremes
638 4113 665 4155 et
687 4102 828 4159 multitudo
847 4105 955 4155 nauium
973 4102 1156 4154 tractoriarum
1175 4100 1203 4151 iu

103 4176 297 4247 Phygellorum
317 4192 386 4246 quae
404 4177 528 4230 dicuntur
546 4177 685 4245 regionem
705 4182 753 4241 et,
782 4191 839 4229 oum
865 4173 1077 4229 conscenderent
1095 4170 1133 4223 ibi
1151 4185 1202 4223 na.
