2875 4734
203 230 277 341 eii
330 244 337 258 ’
503 268 720 343 τιταιιλαιιε
745 268 1005 343 Ammonia

203 436 360 518 παρόντος
388 436 637 522 κατορθώματος
668 436 911 524 ἐκπληττόμενος
940 435 1132 523 ἀσύγκριτον
1156 434 1307 522 ἔπαρσιν,

202 534 274 603 οἷόν
297 536 393 602 αάτύν
419 540 568 603 ἀπεκάλει
596 543 651 606 κατ’
678 545 773 623 μέλος
808 538 912 620 ἴδιον,
938 538 993 604 καί
1012 537 1044 604 τύ
1068 532 1167 621 ὄνομα
1188 536 1306 605 τούτου

146 668 157 675 ·
204 635 257 703 διό
282 636 418 725 γλώττης
439 634 515 723 εἶχε.
532 643 587 706 κατ’
608 639 691 725 όρών
714 639 833 706 ἐπύθετ’
848 643 974 723 τούτου,
996 644 1051 705 καί
1071 644 1178 707 ποθῶν
1197 642 1304 722 ἐτίμα,

201 737 255 802 ιιαί
275 739 461 805 πιστότατον
493 736 561 822 ἀμα
583 745 638 807 καί
662 742 854 808 οἰκειότατον
875 741 931 806 καί
962 742 1157 826 στρατιώτην
1180 744 1300 806 ἀκατα-

198 837 350 923 γιόνιοτον
370 833 436 924 εἶχε
455 846 511 907 καί
533 844 708 926 ἐλογίζετο,
737 844 793 907 καί
823 844 1036 928 διαλλακτῆρα
1061 844 1123 906 τών
1144 845 1328 925 μεγίστων5

198 940 349 1023 καμάτων
371 942 426 1007 καί
443 946 590 1024 πολέμων
610 947 732 1009 ἐτιθετο
756 944 900 1030 ἀσφαλῆ,
921 944 964 1019 ώς
982 945 1021 1030 τῇ
1034 943 1202 1030 παρουσίρ
1222 942 1300 1007 τού.

196 1066 251 1107 του
272 1042 454 1128 φευγόντων
474 1048 538 1109 τών
561 1047 711 1111 ἐναντίων
737 1046 793 1109 καί
811 1050 897 1109 νῶτα
920 1043 1069 1109 διδόντων
1090 1044 1200 1117 εύθός.
1223 1036 1301 1107 όθεν

197 1148 253 1210 καί
271 1144 331 1210 σύν
354 1145 442 1234 αύτῷ
467 1148 527 1227 μὲν
554 1145 610 1210 καί
631 1151 675 1235 τῷ
705 1146 806 1231 πατρί
824 1141 882 1230 την
911 1142 987 1208 τατό
1018 1146 1082 1208 τών
1104 1143 1300 1229 Βουλγόρων

156 1242 166 1250 “
196 1240 296 1331 ἤρατο
319 1244 425 1332 νίκην,
447 1251 503 1312 καὶ
522 1251 577 1331 τῆς
600 1251 804 1331 Βουλγαρίας
832 1245 1124 1329 δυσκαταμαχητου
1147 1244 1202 1308 καί
1218 1253 1300 1310 πολ-

88 1376 99 1382 *
195 1350 252 1434 λῆς
272 1346 328 1412 καί
348 1348 533 1414 δυσαλώτου
556 1354 785 1432 γινωσκομένης
806 1346 1000 1427 παντάπασι,
1023 1348 1078 1410 καί
1099 1344 1214 1432 μηδενί
1232 1347 1298 1411 τών
1310 1363 1346 1417 10

195 1444 587 1535 βασιλέωνιύποταγείσης
606 1449 660 1513 ἐπί
680 1446 771 1530 πολύ,
791 1452 847 1512 καί
866 1446 952 1530 παρά
975 1452 1067 1512 τούτο
1089 1442 1133 1530 μη“
1157 1446 1298 1531 ἀνιείσης

195 1552 235 1636 τῇ
258 1550 423 1627 Βύζαντος
457 1548 491 1614 τύ
512 1545 662 1632 ἀνύσιμον
693 1548 748 1612 καί
765 1547 821 1632 την
838 1550 994 1632 χορηγίαν
1024 1550 1087 1612 τῶν
1107 1547 1296 1631 ἀναγκαίων,

194 1653 348 1731 λαμπρῶς
366 1652 422 1713 καί
442 1648 502 1716 σύν
520 1655 620 1737 πολλῇ
650 1656 688 1738 τῇ
709 1646 899 1733 ἀκμαιότητι
929 1646 1118 1734 ἐκυρίευσε·
1161 1652 1216 1713 κατ’
1235 1672 1297 1712 ιια-

194 1752 283 1832 τὲοτη
315 1750 353 1835 τῇ
375 1750 542 1831 Ῥωμαίων
568 1750 716 1840 βασιλείρι
744 1749 823 1841 πρὸς
847 1743 986 1833 ἓσπέραν
1012 1751 1044 1812 ἐν
1066 1751 1220 1838 εύπραγίρι
1242 1750 1307 1843 καί

130 1874 138 1890 ··
189 1847 313 1938 γαλήνη
334 1849 371 1914 τό
395 1849 578 1935 πράγματα,
601 1854 656 1915 καί
675 1853 745 1916 ἀντί
764 1852 819 1934 τῆς
854 1854 927 1934 πρίν
951 1849 1072 1925 ἐνδείας
1093 1852 1215 1933 δαψιλῆ
1235 1847 1295 1935 τήν
1308 1872 1343 1925 15

93 1942 98 1948 “
194 1951 356 2035 ἀφθονίαν
378 1950 433 2016 καί
453 1950 509 2035 τήν
536 1951 706 2039 εύκληρίαν
727 1950 876 2034 εὐθύμως
901 1954 1083 2037 ἀπείληφεν.

289 2050 360 2114 Ἐπί
380 2054 414 2114 δὲ
434 2056 489 2136 τῆς
510 2050 593 2128 ἓώας
626 2054 869 2133 διακυκωμένων
900 2055 962 2117 τών
985 2054 1149 2133 Ἀβασγών
1169 2055 1223 2115 καί
1237 2051 1295 2117 ἀν-

108 2212 116 2218 .
193 2150 399 2230 τιύοξούντων
433 2158 477 2239 τῷ
504 2160 635 2237 βασιλεῖ
659 2158 714 2219 καί
733 2157 907 2239 προφανῶς
936 2153 1152 2236 ἀνταιρόντων
1177 2154 1295 2237 (ε’θάρ-

194 2274 271 2336 ρουν
296 2251 357 2335 γάρ
388 2253 429 2317 οά
457 2259 500 2344 τῷ
527 2256 644 2339 πλήθει
670 2254 786 2336 μόνον,
814 2256 894 2318 ἀλλὰ
927 2259 980 2319 καί
1009 2261 1074 2328 τοῖς
1101 2257 1164 2319 τών
1192 2246 1297 2320 ὅπλων

193 2353 415 2439 ίοχυροτάτοις
441 2354 681 2440 προβλήμασιν,
712 2356 755 2432 ώς
782 2354 827 2441 μὴ
852 2352 986 2432 ἑαυτούς
1017 2352 1115 2435 μόνον
1137 2353 1218 2419 ἀλλά
1242 2358 1341 2434 καίρο

192 2452 269 2531 τούς
310 2458 427 2534 ἵππους
456 2462 767 2545 ’τεθωρακισμένους
801 2462 855 2521 καί
890 2457 1052 2539 ἀτρώτους
1093 2456 1296 2540 πανταχόθεν

192 2556 517 2644 περικαλύπτοντες),
552 2557 648 2636 πόλιν
686 2558 785 2633 αάτός
820 2558 837 2623 ό
872 2560 1084 2642 Βοτανειότης
1116 2580 1295 2643 πρωταγω-

191 2655 300 2741 νιστής
323 2663 378 2723 ιιαί
404 2658 571 2745 πρόμαχος
602 2660 788 2746 ἐγνωρίζετο
819 2660 873 2725 καί
891 2663 951 2724 τού
970 2654 1169 2744 ’κρατοῦντος
1191 2658 1293 2744 onep-

189 2977 344 3033 nontenqne
364 2963 443 3019 buiua
461 2966 490 3017 in
509 2980 557 3017 ore
576 2966 709 3031 habebat,
730 2972 757 3017 et
774 2965 868 3019 vident
887 2963 1018 3033 diligebat
1035 2963 1106 3015 bunc
1130 2970 1158 3015 et
1175 2963 1292 3033 diligent

163 3036 340 3090 ,bonorabat
358 3043 386 3088 et
403 3036 571 3090 fidelisimum
591 3039 670 3091 amul
703 3047 730 3090 et
759 3037 948 3089 deditissimum
975 3044 1001 3087 et
1024 3034 1136 3087 militem
1163 3036 1291 3088 invictum
1373 3098 1382 3110 ι

189 3107 304 3160 babebat
331 3116 359 3159 et
382 3108 516 3162 iudicabat
546 3117 573 3161 et
600 3110 726 3162 arbitrum
759 3110 931 3160 maximorum
958 3108 1079 3159 laborum
1104 3106 1290 3176 bellorumque

190 3179 371 3231 constituebat
389 3189 513 3245 eertum,
542 3183 641 3248 quippe
667 3184 743 3234 ouius
764 3181 916 3247 praesentia
942 3180 1067 3247 fugerent
1085 3180 1232 3231 adversarii
1264 3187 1290 3230 et

188 3259 266 3317 terge
285 3251 379 3301 darent
397 3251 491 3302 illico:
517 3254 698 3319 qnare0etiam
721 3268 779 3303 eum
799 3267 830 3303 eo
850 3258 877 3303 et
894 3259 970 3317 patre
989 3250 1021 3301 de
1039 3248 1163 3325 Bulgaris
1192 3265 1289 3317 repor-

188 3322 257 3372 tavit
274 3321 432 3373 victoriam.
456 3331 483 3374 et
501 3323 663 3391 bulgariae,
684 3340 752 3408 quae
773 3322 962 3391 impugnabilis
983 3330 1009 3373 et
1028 3336 1124 3388 magna
1143 3328 1169 3372 et
1187 3321 1289 3374 invicta

189 3391 337 3444 habebatur
355 3394 462 3445 omnino
482 3411 571 3463 neque
590 3396 640 3447 ulli
658 3397 728 3478 rogi.
737 3393 896 3463 plerumque
920 3393 1040 3446 subiecta
1060 3400 1116 3444 erat
1134 3400 1159 3441 et
1176 3400 1288 3457 praete-

188 3479 235 3515 rea
251 3479 306 3516 non
326 3466 490 3518 concedebat
507 3467 640 3533 Byzantio
662 3467 848 3539 remispionem
868 3473 894 3517 et
921 3472 1095 3517 commeatum
1122 3479 1209 3513 rerum
1233 3478 1286 3515 ne-

188 3538 374 3602 centuriarum,
394 3537 547 3604 splendide
543 3546 582 3589 et
599 3537 683 3590 multo
707 3554 767 3589 cum
796 3538 893 3590 robore
919 3537 1039 3589 dominus
1073 3544 1113 3587 eat
1131 3534 1234 3599 fuctus,
1246 3544 1287 3587 et

189 3609 353 3675 compositae
375 3618 451 3662 erant
467 3611 672 3663 Romanorum
664 3610 777 3677 imperio
797 3623 892 3661 versus
918 3608 1110 3659 occidentem
1102 3622 1129 3657 ιο
1158 3605 1287 3659 felicitate

188 3686 216 3729 et
233 3680 429 3745 tranquillitate
447 3697 507 3734 ree:
526 3691 606 3750 atque
624 3696 673 3748 pro
693 3682 785 3748 priore
804 3682 896 3748 inopia
915 3678 1021 3746 plenam
1047 3678 1233 3730 abundantiam
1261 3684 1287 3729 et

188 3748 318 3801 iortunanr
336 3751 406 3802 bono
425 3755 513 3805 animo
539 3760 755 3820 reportaverunt.

286 3836 316 3887 ln
335 3839 439 3890 oriente
458 3850 545 3893 autem
565 3842 687 3893 excitatis
708 3841 823 3908 Abasgia
845 3850 871 3892 ot
896 3841 954 3906 regi
979 3839 1181 3891 adversantibus
1208 3845 1286 3905 atque

186 3907 259 3960 clare
280 3910 468 3963 resistentibus
488 3912 671 3981 (confidebant
691 3914 760 3963 enim
779 3928 834 3964 non
854 3912 940 3965 solum
958 3910 1130 3974 multitudini,
1150 3910 1284 3962 sedetiam

185 3994 317 4031 armorum
336 3980 491 4033 firmissimis
510 3984 660 4049 praesidiis,
680 3993 772 4052 utpote
791 3999 845 4035 non
867 3982 953 4035 solum
972 3997 1002 4032 ae
1030 3984 1104 4048 ipsos
1134 3981 1180 4033 s'ed
1208 3980 1285 4031 etiem

186 4066 269 4118 equos
288 4052 415 4104 loricatos
438 4060 464 4103 et
483 4055 623 4106 vulnerum
643 4064 767 4123 experte-s
787 4055 905 4123 undique
925 4057 1087 4121 tegentes),
1107 4066 1199 4103 rursus
1227 4051 1284 4115 ipae

188 4120 341 4175 Bolaniates
361 4126 503 4191 primarum
521 4127 635 4192 partium
654 4128 779 4180 defensor
800 4136 826 4179 et
845 4132 1030 4194 propugnator
1056 4089 1284 4190 cdnspiciebatum

122 4204 131 4213 ‘
188 4196 216 4241 et
232 4192 401 4261 imperatorie
420 4207 654 4265 patronatum
674 4202 743 4251 enim
761 4214 809 4251 rex
827 4197 878 4250 illo
897 4206 1018 4264 tempore
1037 4195 1170 4249 exercitur
1187 4194 1286 4247 liona-
