2875 4734
592 231 800 305 utsrontt.
1170 231 1243 305 163

146 394 252 459 ἳππων
265 394 552 479 ε’παναστρέφοντες
567 394 610 477 μή
624 398 704 460 ιἰλιῖν
726 393 782 460 τόν
791 396 937 477 βασιλέα,
949 398 984 459 τί
1004 397 1138 479 γέγονεν,
1161 398 1245 480 ἔρυο-

146 494 278 574 τολμενοι
298 494 516 575 α’πενιρίναντο.
563 501 619 561 καί
650 488 689 579 ήν
713 493 841 577 σεισμός
871 486 936 570 οἷος
957 496 1013 559 καί
1034 493 1171 581 ὀδυρμὸς
1190 498 1247 559 καὶ
1310 522 1312 527 ’

147 590 239 671 πόνος
261 596 316 659 καί
337 592 437 679 φόβος
459 595 622 681 α’κίχητος,
646 594 700 661 καί
723 595 742 679 ἦ
763 593 848 671 κόνις
864 597 1018 679 αἰθέριος,
1040 596 1095 661 καί
1106 600 1193 672 τέλος
1215 593 1245 659 οἱ

149 698 286 779 Τοόρκοι
316 692 516 776 πανταχόθεν
538 692 615 779 ήμῖν
636 701 866 782 περιρρέοντες.
919 690 995 761 όθεν
1025 700 1079 762 καί
1100 692 1142 770 ιός
1163 687 1246 777 εἶχεν

120 796 274 870 οὲκαστος
295 788 431 879 όρμήςή
452 798 593 878 σποάδής
608 790 630 880 ή
644 800 769 880 ἰσχύος,
790 801 877 883 φυγῇ
888 798 945 881 τήν
958 794 1073 863 ἑαυτοῦ
1086 796 1245 880 σωτηρίαν

147 898 339 961 ἐπίστευσεν.
383 890 412 958 οἱ
428 896 456 961 δ’
474 899 609 961 ἐναντίοι
632 899 765 963 κατόπιν
785 895 953 974 διώκοντες
967 895 1023 974 σός
1040 900 1098 979 μὲν
1122 899 1246 961 α’νεϊλον

146 992 204 1071 σός
231 996 266 1058 δὲ
296 998 415 1082 ζωγρίᾳ
446 988 550 1080 εἶλον,
584 992 712 1083 ἑτέρους
740 1002 775 1065 δὲ
810 998 1021 1065 συνεπάτουν.
1072 995 1127 1063 καί
1152 988 1190 1077 ήν
1212 994 1247 1063 τό

144 1097 278 1179 πρᾶγμα
300 1093 371 1159 λίαν
392 1097 553 1162 ἐπώδυνον
575 1098 629 1163 καί
648 1100 750 1163 πάντα
764 1103 883 1184 θρῆνον
901 1096 1102 1184 ὑπερβάλλον
1122 1096 1177 1161 καί
1192 1121 1247 1161 κο-

144 1190 250 1262 πετόν.
293 1200 327 1260 τί
343 1196 404 1280 γάρ
429 1197 637 1283 ἐλεεινότερον
666 1204 724 1265 τοῦ
745 1198 957 1281 στρατόπεδον
980 1195 1064 1263 άπαν
1085 1198 1247 1282 βασιλικόν

102 1300 234 1381 1οφυγῇ
259 1301 315 1361 καί
336 1292 411 1386 ήττῃ
432 1298 518 1381 παρά
548 1300 722 1384 βαρβάρων
747 1296 971 1385 άπανθριόποον
1002 1305 1057 1365 καί
1076 1298 1250 1381 α’ποιόμονν.
1287 1376 1289 1385 ¹

33 1477 38 1495 κ
131 1395 358 1478 Ιε’λαόνεοθιιι,
380 1402 435 1461 καί
459 1397 512 1463 τόν
539 1405 675 1481 βασιλέα
695 1406 904 1486 βαρβαρικοῖς
934 1395 1042 1475 ὅπλοις
1069 1400 1248 1485 ἀβοήθητον

147 1498 434 1581 περιεστοιχίσθαι,
455 1502 510 1565 καί
528 1499 587 1576 τός
606 1506 790 1583 βασιλείους
813 1500 930 1586 σκηνάς
952 1503 1006 1565 καί
1021 1499 1079 1578 τάς
1100 1499 1247 1584 ήγεμονι-

147 1599 206 1671 κός
229 1594 296 1678 ἅμα
314 1601 368 1663 καί
387 1600 617 1684 στρατιωτικάς
632 1600 695 1665 όπό
717 1599 867 1668 τοιαότανν
883 1603 1008 1687 α’νδριόν
1028 1602 1248 1686 κυριεόεσθαι,

147 1700 203 1763 καί
224 1690 309 1763 ἅπαν
331 1699 507 1766 α’νόστατον
520 1700 555 1766 τό
575 1699 752 1784 Ῥωμαϊκόν
774 1706 988 1787 καθορᾶσθαι,
1013 1692 1068 1768 καί
1080 1706 1248 1786 βασιλ-τίαν

103 1801 182 1865 15όν
203 1803 322 1883 α’καρεῖ
345 1811 505 1871 κατανοεῖν
526 1806 763 1884 συμπεσοῦσαν.

248 1904 320 1966 Καί
337 1901 376 1966 τὰ
395 1905 455 1983 μέν
481 1906 541 1967 τοό
569 1906 683 1967 tornea
712 1902 855 1987 πλήθους
885 1910 918 1977 έν
946 1904 1090 1981 τούτοις·
1121 1907 1186 1971 τόν
1211 1909 1247 1971 δὲ
1327 1989 1331 1993 .

146 2006 282 2084 βασιλέα
303 2005 593 2086 περιστοιχίσαντος
623 2001 653 2069 οῖ
687 2008 833 2085 πολέμιοι
864 2006 920 2069 erin
942 2006 1131 2089 εὐχείρωτον
1152 2003 1247 2089 ἔσχον

147 2102 258 2189 εόθός,
280 2103 350 2166 ἀλλ’
372 2096 429 2167 άτε
451 2102 648 2188 στρατιοότης
663 2108 719 2170 καί
732 2109 902 2190 πολεμικῆς
922 2106 1086 2190 ἐμπειρίας
1110 2092 1256 2190 αἰδήμων

148 2206 204 2266 καί
225 2203 382 2280 κινόόνοις
404 2206 642 2287 προσομιλήσας
664 2210 803 2286 πολλοῖς,
828 2208 987 2290 καρτεροῖς
1008 2203 1151 2288 η’μόνατο
1172 2204 1246 2281 τοός

102 2302 421 2387 λθπροσπίπτοντας,
452 2306 507 2369 καί
530 2304 666 2380 πολλοός
696 2304 817 2371 άνελοόν
841 2310 927 2381 τέλος
955 2308 1073 2391 ἐπλήγη
1094 2292 1260 2395 φασγάνῳΙ

146 2404 203 2489 τήν
220 2414 336 2490 χεῖρα,
369 2409 429 2470 τοό
452 2430 486 2470 τε
514 2405 611 2471 ἵππου
641 2411 749 2488 βέλεσι
767 2411 1065 2481 κατακοντισθέντος
1096 2410 1131 2471 ἐκ
1153 2406 1248 2483 ποδός

145 2507 330 2591 μαχόμενος
358 2506 478 2574 ἵστατο.
522 2505 632 2590 καμιόν
655 2511 687 2573 δ’
711 2503 797 2591 όμονς
818 2501 908 2592 ’πρός
931 2504 1069 2595 ἑσπέραν
1088 2506 1249 2590 άλιόσιμος

147 2610 203 2673 καί
221 2606 428 2694 όπόσπονόος,
450 2613 514 2699 greti
535 2615 594 2676 τοῦ
614 2608 748 2693 πόθους,
770 2612 901 2695 ἐγένετο.
945 2614 1001 2676 καί
1023 2614 1061 2697 τῇ
1082 2612 1141 2693 μὲν
1160 2606 1251 2675 νυκτί

150 2912 329 2979 sponderent:
347 2903 437 2980 'atque
462 2922 520 2967 erat
542 2913 707 2981 perturbatio
735 2922 859 2981 tanquam
886 2921 912 2965 et
935 2912 1053 2965 ululatus
1080 2922 1106 2963 et
1123 2911 1200 2965 labor
1223 2919 1250 2963 et

151 2983 216 3051 luga
242 2984 347 3050 rapida:
373 2983 462 3051 pulvis
488 2988 520 3038 ad
556 2985 661 3037 coelum
688 2985 851 3047 tollebatur,
879 2991 959 3049 atquc
988 2990 1122 3049 postremo
1149 2982 1249 3033 'lurcaa

149 3056 267 3122 undique
287 3054 363 3107 nobis
383 3055 617 3108 circumfluebant:
647 3052 817 3121 quamebrem
844 3054 922 3104 etiam
946 3055 1059 3119 quisquc
1077 3068 1125 3119 pre
1147 3052 1250 3107 viribus
1320 3074 1325 3085 ·

149 3126 195 3177 vel
215 3126 355 3178 celeritate
373 3128 419 3180 vel
438 3128 532 3192 opibus
556 3128 636 3193 lagae
656 3124 768 3175 salutem
788 3124 989 3175 commendavit.
1036 3123 1127 3175 hostes
1146 3138 1212 3175 rere
1234 3141 1250 3175 a

149 3204 226 3265 terge
245 3200 418 3265 insequentes
436 3198 504 3248 alios
529 3196 732 3257 iuterfecerunt,
752 3194 819 3245 alios
846 3194 925 3247 vives
947 3201 1084 3260 ceperunt,
1103 3192 1172 3246 alios
1191 3194 1250 3245 cal.

150 3277 260 3321 carnut:
281 3278 361 3337 atque
380 3275 437 3319 erat
453 3282 497 3316 res
515 3266 594 3317 nimis
612 3266 696 3317 tristis
726 3265 851 3333 omnique
875 3264 949 3316 luctu
976 3281 1007 3316 ac
1026 3263 1135 3332 planetu
1156 3269 1248 3320 maier.

89 3385 93 3392 .
150 3339 213 3406 quid
232 3342 301 3391 enim
320 3338 443 3389 miserius
463 3352 540 3405 quam
572 3338 717 3387 exercitum
737 3350 840 3388 omnem
864 3338 967 3405 regium
990 3339 1017 3388 in
1035 3337 1123 3405 fugam
1144 3344 1170 3389 et
1190 3338 1249 3391 cla.

149 3411 208 3461 dem
227 3426 243 3460 a
261 3409 381 3461 barbaris
399 3405 548 3459 inhumanis
568 3416 595 3458 et
614 3407 766 3459 crudelibus
787 3407 855 3476 pelli
876 3417 902 3459 et
920 3425 1012 3476 regem
1030 3409 1149 3461 barbaris
1169 3413 1248 3463 armis

149 3480 250 3547 absque
269 3478 378 3531 auxiliis
399 3479 587 3531 circumdatum
607 3496 667 3531 esse
685 3488 711 3531 et
728 3482 801 3547 regis
821 3481 970 3549 ducumque
990 3482 1106 3532 tentoria
1124 3480 1202 3531 simul
1217 3488 1250 3531 et

147 3550 262 3601 militum
281 3548 379 3600 talibus
398 3548 430 3601 ab
450 3550 602 3604 bominibus
614 3556 765 3619 expugnata
784 3568 853 3617 esse,
867 3568 943 3621 quam
958 3554 1045 3602 omnia
1064 3552 1164 3604 Graeca
1183 3566 1248 3617 per.

149 3619 253 3671 turbata
272 3636 437 3690 regnumque
455 3621 532 3675 brevi
551 3622 685 3693 lapsurum
704 3624 816 3677 videre:
835 3632 915 3692 atque
935 3621 1054 3691 reliquus
1073 3621 1178 3689 quidem
1199 3638 1248 3675 ex.

149 3692 248 3744 ercitus
267 3692 304 3743 ita
319 3708 352 3744 se
371 3691 493 3745 babebat.

247 3781 348 3848 Regem
368 3798 435 3834 vero
455 3784 697 3835 circumvenientes
724 3783 814 3835 hostes
832 3798 886 3833 nen
904 3780 1070 3834 tractabilem
1088 3784 1251 3837 invenerunt

146 3853 241 3905 illico:
259 3853 307 3905 sed
324 3861 354 3904 ut
371 3854 450 3907 miles
470 3862 497 3907 ct
516 3855 699 3922 experientiae
724 3854 841 3905 bellicae
860 3855 960 3920 peritus
986 3853 1167 3925 periculisque
1185 3870 1248 3909 usus
1320 3894 1324 3898 ,
1395 3916 1399 3925 Ι

145 3924 237 3977 multis
267 3926 457 3992 aggredientes
493 3934 603 3978 strenue
626 3925 725 3977 arcuit:
759 3923 904 3991 multisque
929 3925 1077 3979 interfectis
1114 3936 1248 3995 postrema

148 3996 216 4048 ictus
238 4004 279 4049 est
297 3995 387 4064 gladie
406 3999 434 4048 in
452 4013 530 4049 mann
550 4006 577 4049 et
597 4012 666 4065 eque
686 3995 749 4047 telis
769 3996 873 4047 deiecto
891 3993 974 4062 pedes
992 4001 1129 4067 pugnavit.
1168 3997 1247 4049 dela..

146 4067 245 4134 tigatns
263 4076 350 4119 umen
369 4069 402 4121 ad
419 4084 562 4136 vesperum
587 4066 758 4137 (miserabile
786 4067 888 4137 dictu!)
908 4067 956 4121 sub
980 4067 1176 4125 conditionibus
1196 4070 1245 4125 de.-

148 4138 253 4192 diticius
282 4139 369 4193 lactus
397 4148 447 4197 est.
468 4179 472 4186 ι
493 4149 573 4209 atque
598 4148 678 4192 necte
703 4139 810 4207 quidem
828 4138 877 4192 illa
895 4148 923 4191 ut
948 4139 1024 4207 vulgi
1041 4138 1139 4206 aliquis
1157 4148 1246 4197 terrae
