2875 4734
518 341 523 345 ,
563 229 782 372 'aseneum
1054 272 1056 275 ·
1172 251 1219 331 tt

120 422 183 483 θεν
200 415 443 500 ῦκπεμπομίνων
457 419 535 498 τοῦς
556 424 671 498 ἵππους
690 425 796 488 ου’τάν
806 420 1104 508 κατηκόντισανζείς
1112 430 1226 506 χεῖρας

122 522 235 594 αάτοίς
265 521 370 586 ἐλθεῖν
402 519 448 607 μη
475 518 663 605 δυνάμενοι·
714 517 945 606 δοκιμάσαντες
977 521 1036 608 γὰρ
1068 520 1225 609 πρότερον

121 623 220 686 τοῦτο
242 619 392 696 πολλάκις
412 621 545 699 πολλοῦς
565 626 735 690 suiv-idibus
756 625 927 706 «iuddciae,
946 626 1022 709 παρ’
1043 626 1146 690 αάτοῦ
1170 624 1227 689 τοῦ

121 719 341 788 Βοτανειάτοα
364 721 419 786 καί
433 725 497 788 τιῦν
525 720 586 788 σῦν
608 724 697 812 αῦτη]
717 725 1003 808 διαχειρισθέντας.
1046 724 1090 800 ἀς
1111 726 1147 789 δὲ
1164 727 1228 791 τοῖν

93 824 231 892 sinnam
252 817 372 898 αάτοῦς
403 819 433 886 oi
458 819 625 908 ,βάρβαροι
646 826 864 908 ἀπεστέρησαν
886 831 955 899 ταῖς
985 825 1020 887 ε’κ
1047 827 1110 890 τοῖν
1128 825 1228 903 τόξων

123 927 281 1004 πληγαῖς,
318 920 446 1003 ἔμειναν
466 927 532 1008 [μὲν
559 923 651 1003 πεζοί
674 921 754 1007 μετὰ
772 926 835 990 τοῦν
850 923 1036 1006 Ῥωμαϊκῶν
1056 923 1228 1009 κρηπίδων,

123 1017 249 1096 ταῦτας
271 1023 302 1086 δ’
322 1023 526 1105 ἀποτεμόντες
550 1027 584 1090 δν
598 1023 746 1106 ἐμβάδων
766 1025 853 1104 τάξει
867 1024 906 1089 τοὶ
926 1020 1011 1090 κάτω
1029 1028 1113 1109 μέρη
1133 1026 1228 1089 κατέ-

125 1127 229 1186 λιπον.
272 1121 312 1185 οῦ
333 1120 398 1206 μὴν
418 1121 475 1201 τάς
497 1126 635 1201 ἀσπίδας
651 1129 706 1190 καί
726 1123 765 1190 τὰ
785 1130 861 1212 ξίφη
881 1125 1044 1205 ἀπέλιπον,
1065 1122 1147 1190 ἀλλά
1169 1124 1229 1209 την

124 1223 365 1306 στρατιωτικὴν.
381 1217 506 1289 ὅπλισιν
528 1222 654 1308 ἔχοντες
670 1219 754 1290 οῦτω
773 1224 830 1308 την
849 1223 926 1290 δδδν
945 1223 1068 1291 sadada
1090 1221 1229 1307 πόλεμον

78 1338 116 1392 10
127 1315 240 1406 ἤνυον·
264 1324 304 1385 οά
324 1322 385 1408 γὰρ
406 1329 570 1390 κατέλιπον
592 1328 700 1402 αάτοῖς
723 1324 893 1410 ἀνακωχίγν
917 1323 946 1390 ολ
969 1330 1124 1410 πολέμιοι,
1143 1323 1227 1393 ἀλλά
1262 1349 1270 1359 ·

126 1420 206 1488 κατά
230 1422 385 1505 διαδοχοὶς
406 1428 615 1506 πολεμοῦντες
633 1425 755 1509 ἡμέρας
778 1450 812 1490 τε
836 1430 890 1490 καί
911 1426 1024 1503 νυκτὸς
1044 1425 1100 1492 διά
1126 1427 1229 1510 πάσης
1319 1496 1332 1507 ,

126 1523 312 1607 φιλοτιμίας
333 1520 485 1606 ἐχώρουν,
508 1520 590 1590 ὥστε
611 1527 690 1590 πῦσι
714 1524 841 1614 τρόποις
861 1526 942 1609 ῦπδρ
965 1520 1050 1592 ῦπαν
1070 1524 1230 1608 τδστρα-

125 1619 259 1686 τόπεδον
278 1623 393 1698 αῦτυῦς
425 1621 710 1709 παραστήσασθαι.
762 1627 831 1690 ἀλλ’
856 1624 921 1711 οἵγε
941 1615 1021 1708 πρὸς
1043 1625 1100 1692 τδν
1123 1625 1230 1710 ἀρχη-

126 1719 186 1804 γόν
208 1718 313 1786 αῦτοῦν
345 1723 548 1811 ἀφορῶντες,
573 1729 629 1789 καί
658 1725 738 1810 πρδς
773 1724 809 1791 τῦ
840 1729 1019 1811 θαρσαλέον
1051 1728 1153 1793 αάτυῦ
1174 1726 1230 1792 καί

80 1833 116 1886 15
128 1816 314 1904 ἡγεμονικὸν
333 1821 585 1908 ἐκπληττόμενοι,
603 1829 718 1907 μένους
739 1827 952 1912 ἐπληροῦντο,
974 1829 1029 1892 καί
1047 1829 1108 1892 τοῦ
1128 1828 1230 1894 ἀπλέ-

126 1943 186 1986 του
206 1919 333 2004 μόχθου
356 1922 411 1988 καί
429 1928 486 1990 τοῦ
506 1929 660 2009 συνεχοῦς
681 1930 821 2008 πολέμου
842 1932 1038 2010 παρηγορίαν
1057 1925 1095 1991 οῦ
1112 1923 1230 2012 μικρὰν

127 2023 320 2102 ἐκομίζοντο.
367 2027 475 2108 τρίτην
506 2019 567 2091 οῦν.
591 2027 713 2112 ἡμέραν
738 2026 858 2093 οῦτωσί
877 2023 1083 2102 διανύσαντες
1115 2030 1149 2092 ἐν
1170 2049 1230 2092 πτ-

131 2125 270 2212 ζοπορίρ,
293 2123 348 2188 καί
368 2127 430 2190 νῦν
451 2126 608 2207 πολεμίων
622 2125 699 2203 τοῦς
722 2128 768 2202 εἰς
788 2135 899 2212 χεῖρας
919 2124 1070 2203 ἐλθόντας
1093 2128 1228 2205 πολλοῦς

129 2223 366 2307 ἀναλώσαντες,
399 2225 503 2291 ἳππων
533 2228 628 2311 τριῦν
660 2229 865 2310 ἐκυρίευσαν,
894 2229 949 2291 καί
979 2224 1108 2301 τούτους
1140 2226 1230 2313 αῦτηῖ

79 2336 120 2392 20
130 2324 353 2410 προσήνεγκαν,
373 2330 589 2404 δυσωποῦντες
611 2321 810 2412 ἑποχηθῆναι
829 2329 928 2410 μόνον
944 2327 1025 2408 μετά
1040 2325 1099 2391 δῦο
1122 2326 1230 2392 ῦπασ-

129 2428 249 2490 πιστιῦν
273 2427 409 2505 καὶτοῖς
439 2426 532 2496 ποσίν
564 2429 670 2494 αάτῦν
693 2432 865 2495 πιστεῦσαι
888 2428 947 2513 τὴν
968 2428 1128 2512 σωτηρίαν
1151 2420 1230 2490 ἑαυ-

130 2526 197 2590 τοῦ.
245 2525 261 2606 i
291 2526 337 2594 ’δὲ
360 2533 460 2613 μηδὲν
486 2530 630 2594 τοιοῦτον
659 2529 924 2611 καταδεξάμενος,
958 2531 1039 2614 μηδὲ
1071 2522 1231 2615 ῥίψασπιν
1320 2601 1323 2609 Ι

129 2621 244 2693 ἑαυτὸν
267 2627 435 2711 ἀποδεῖξαι
456 2634 571 2716 μέχρις
587 2633 683 2716 ἀκοῆς
705 2629 932 2715 ἀνασχόμενος,
954 2634 1156 2716 πληροφορεδ
1170 2631 1230 2710 μὲν

341 2731 356 2764 0

206 2848 247 2902 11.
268 2842 367 2924 διογδς
385 2849 415 2906 0.
437 2852 554 2905 correxit
570 2851 710 2906 Brunetus.

133 3041 231 3094 derunt
254 3053 302 3106 per
328 3041 413 3108 ipsum
431 3041 596 3092 botaniatem
617 3043 729 3108 eiusque
746 3038 1036 3091 militesinteriectos:
1065 3051 1123 3090 cum
1143 3042 1231 3088 antam

135 3111 213 3178 equis
233 3125 279 3162 ecs
297 3110 402 3163 barbari
422 3113 574 3179 privassent
591 3110 738 3174 iaculopum
756 3111 863 3172 ictibus,
880 3115 1032 3162 manserunt
1049 3108 1153 3175 pedites
1171 3123 1230 3158 curn

133 3182 244 3235 Graecis
264 3183 386 3248 crepidis.
413 3183 454 3235 bis
474 3191 561 3234 autem
580 3183 704 3234 abscissis
725 3184 753 3233 in
773 3180 908 3234 embadum
926 3180 988 3231 loco
1007 3179 1147 3232 inferiores
1166 3193 1230 3245 par-

132 3263 176 3304 tes
195 3250 341 3318 gestabant.
379 3270 466 3322 neque
478 3261 566 3304 tamen
585 3262 661 3306 scuta
672 3261 699 3305 et
710 3252 814 3322 gladios
832 3252 1008 3320 reliquerunt,
1025 3252 1072 3304 sed
1090 3250 1231 3302 militarem

134 3331 292 3375 armaturam
315 3324 400 3375 induti
425 3325 463 3376 ita
487 3325 557 3376 viam
583 3333 609 3376 et
637 3325 738 3376 bellum
758 3324 949 3390 perficiebant:
968 3325 1143 3391 nequeenim
1163 3336 1230 3373 con-

135 3402 275 3446 cesserunt
293 3395 325 3447 iis
344 3396 464 3448 inducias
480 3395 571 3447 bostes
592 3397 638 3447 sed
658 3397 778 3447 vicissim
796 3394 929 3447 bellantes
948 3409 996 3459 per
1017 3393 1074 3445 dies
1094 3402 1121 3444 et
1139 3401 1232 3444 noctes

134 3465 207 3516 omni
234 3481 292 3516 cuni
316 3468 460 3519 certamine
486 3465 724 3532 proficiscebantur
743 3469 778 3518 ita
797 3475 826 3517 ut
845 3466 965 3518 omnibus
985 3465 1070 3516 modis
1088 3478 1152 3530 prae
1173 3475 1232 3512 om.

133 3536 214 3589 uibus
243 3538 334 3589 eastris
358 3538 377 3587 ii
403 3538 554 3590 adstarent:
580 3538 627 3590 sed
653 3537 681 3589 bi
700 3539 806 3606 quidem
824 3537 857 3590 ad
876 3538 968 3589 ducem
987 3551 1061 3588 snum
1081 3539 1232 3598 spectantes

136 3616 164 3659 et
184 3607 242 3660 eius
271 3609 415 3660 animosum
439 3616 466 3659 et
489 3609 660 3673 imperiosum
678 3609 780 3660 vultum
800 3616 937 3677 stupentes
956 3606 1043 3656 auimo
1057 3602 1234 3668 implebantur

136 3686 164 3730 et
181 3678 301 3730 immensi
328 3679 426 3732 laboris
447 3687 474 3730 et
494 3680 612 3732 continui
630 3680 696 3732 belli
716 3680 838 3731 solatium
857 3685 910 3728 non
928 3691 1038 3743 parvum
1055 3673 1117 3727 inde
1137 3689 1233 3741 repor-

133 3749 236 3802 tabant.
283 3753 388 3802 tertium
415 3750 496 3818 igitur
526 3750 595 3802 diem
622 3767 681 3802 curn
706 3753 743 3802 ita
766 3751 934 3817 peregissent
958 3746 1061 3815 pedites
1085 3753 1179 3798 euntes
1207 3752 1234 3795 ct

135 3821 253 3873 bostium
269 3825 312 3888 qui
332 3824 358 3872 in
375 3837 467 3874 manus
479 3830 619 3879 ,venerunt
637 3822 734 3874 multos
750 3820 959 3884 interfecissent,
981 3818 1056 3887 equis
1076 3818 1160 3870 tribus
1181 3830 1233 3883 pc-

135 3894 179 3943 titi
196 3900 257 3944 snut
274 3900 300 3942 ct
319 3893 366 3944 hus
388 3894 412 3943 ei
434 3892 580 3946 attulerunt
598 3902 734 3961 rogantes,
753 3898 782 3942 ut
800 3890 944 3943 veheretur
962 3889 1035 3944 solus
1054 3906 1112 3941 curn
1131 3885 1233 3939 duobus

138 3965 277 4030 armigeris
302 3972 328 4014 et
354 3976 443 4014 eorum
467 3965 578 4030 pedibus
598 3964 721 4014 crederet
739 3962 850 4014 salutem
869 3978 950 4014 suam.
989 3961 1037 4012 ille
1057 3967 1144 4012 autem
1164 3955 1233 4006 nibil

135 4033 191 4084 tale
216 4035 351 4100 accipiens
370 4030 457 4101 neque
477 4043 578 4088 scutum
599 4035 743 4088 abiieicute
787 4036 817 4086 sd
835 4033 966 4100 praebere
985 4047 1069 4099 usque
1088 4028 1121 4079 ad
1140 4027 1233 4079 tamam

136 4102 232 4157 volens
256 4107 386 4156 certiores
405 4121 451 4156 eos
474 4106 539 4158 iacit
561 4108 634 4176 ipse,
660 4121 689 4160 se
712 4105 856 4173 optallius
881 4104 981 4156 babere
1010 4102 1085 4151 ocius
1112 4096 1233 4148 omnibus

137 4179 214 4243 niori,
235 4193 312 4246 ριιππι
324 4176 419 4230 fallere
436 4179 591 4242 promissum
612 4179 702 4230 bimae
720 4193 778 4228 cum
797 4177 830 4227 iis
850 4174 1014 4228 constantine
1033 4177 1060 4220 et
1078 4169 1232 4221 contentio.
