2875 4734
538 267 745 333 ntsronth.
1130 260 1204 335 309

107 431 263 512 ροδοῦναι
284 429 479 493 anatome<
502 426 648 510 παριδών
671 422 730 491 οῦν
760 426 776 491 ὁ
800 427 952 510 βασιλεῦς
980 430 1036 513 τήν
1064 432 1128 494 τών
1151 425 1207 494 ἐσ-

107 532 276 616 φαλμένων
296 532 404 603 αῦτοῖς
426 528 641 623 κακοήθειαν,
670 530 734 593 τών
758 529 960 614 ἐγκλημάτων
994 531 1123 605 τούτους
1152 528 1206 593 διά

105 630 268 714 πλήθους
270 632 378 703 ε’λέους
400 612 568 695 α’πὲλουσε.
613 634 668 693 καί
684 630 922 711 χειρωσάμενος
946 629 999 694 τὸν
1023 627 1205 729 α’λάστορα,

107 731 230 813 δημίων
251 726 351 791 adadu
368 729 480 810 χερσίν
505 728 544 790 οά
570 728 813 809 condoleamus
834 729 936 813 πάσης
956 733 1138 812 σωματικῆς
1159 754 1207 792 τι-

78 826 230 910 5μεορίας
252 828 416 907 άλλότριον
437 824 615 911 διετήρησε,
639 829 770 892 δικαίων
793 830 827 893 δὲ
851 830 976 913 άνδριῦν
991 825 1206 913 χεῖρεςαάτὸν
1247 882 1250 900 ,

105 925 326 1006 εἰσδεξάμενοι
348 930 403 1008 τῆς
424 929 576 1009 κοσμικῆς
591 925 678 1003 ι’λῦος
698 931 910 1012 ἐλευθεροῦσι
926 931 969 991 dc’
990 922 1206 1009 άπόκάρσεως.

105 1030 364 1108 μεταταξάμενος
385 1029 421 1090 δὲ
443 1025 522 1107 πρός
547 1026 602 1090 τάν
621 1029 795 1109 μοναδικὸν
817 1028 886 1111 βίον
910 1029 965 1093 καί
984 1032 1069 1115 φυγῇ
1093 1030 1208 1113 ἐζημι-

107 1126 189 1211 ώθη,
210 1130 363 1211 νησιώτης
383 1126 558 1211 γενόμενος,
576 1131 632 1191 καί
649 1128 767 1210 μαθών
780 1115 959 1195 ῦσονκακόν
980 1135 1048 1195 ἐστι
1070 1126 1105 1195 τῦ
1128 1128 1207 1214 πρὸς

107 1222 182 1301 τοῦς
203 1221 410 1311 εῦεργέταςῆ
438 1229 905 1311 συμπαθοῦνταςάγνωμονεῖν.
1216 1247 1340 1309 [2367.

60 1343 98 1397 10
211 1317 313 1402 Οῦτος
334 1330 369 1390 ἐκ
392 1331 515 1392 πολλαῖν
536 1328 589 1391 κατ’
609 1327 755 1411 μεγάλων
768 1328 875 1411 ἕτερος
889 1324 986 1407 άθλος
1003 1334 1045 1418 τῷ
1065 1335 1206 1411 βασιλεῖ,

108 1426 188 1489 κατά
214 1422 371 1509 πάρεργον
393 1429 553 1505 άνυσθείς.
597 1429 653 1492 καί
669 1429 703 1492 τὸ
726 1432 785 1509 μὲν
807 1427 898 1517 ἔργον
924 1434 1017 1495 τοῦτο
1036 1435 1205 1508 τοιοῦτον,

109 1529 163 1589 καί
180 1519 253 1589 ὅσον
275 1524 381 1610 άνήκει
402 1528 481 1611 πρὸς
503 1526 604 1592 αάτάν
623 1533 780 1611 βασιλέα,
804 1532 895 1594 odota
918 1533 1125 1614 παρεσίνατο,
1152 1529 1208 1615 τὴν

109 1630 140 1691 δ’
170 1622 253 1690 ἓώαν
282 1629 389 1692 πάσαν
411 1629 550 1712 μεγάλης
574 1631 683 1704 κακίας
709 1632 766 1692 καί
793 1630 896 1714 λώβης
925 1631 1118 1714 ἐπλήρωσεν.
1164 1631 1208 1707 οῦς

109 1724 168 1811 γάρ
192 1722 324 1791 ῦποπτοι
356 1726 581 1813 κατεφάνησαν
609 1727 639 1794 οῖ
672 1729 752 1813 πρὸς
782 1729 987 1815 ἐκστρατείαν
1020 1730 1207 1797 α’ποστελλά.
1264 1768 1268 1773 -

62 1839 99 1891 15
107 1851 208 1909 μενοι,
232 1827 286 1891 κατ’
305 1830 466 1910 νεωτέρων
487 1828 682 1911 πραγμάτων
695 1827 848 1914 ἐφίεσθαι
861 1830 1133 1913 κατιγνώσθησαν,
1154 1835 1211 1896 καί

110 1928 197 2012 παρά
219 1931 313 1993 τοῦτο
336 1931 419 2011 μηδὲ
442 1926 544 2008 τάξεις
575 1931 630 1993 κατ’
654 1929 771 2011 λάχους
804 1930 977 2015 φυλάττειν
1009 1933 1063 1993 καί
1091 1932 1208 2011 νόμους

107 2028 353 2113 στρατευμάτων
374 2028 613 2116 υπενοήθησαν,
643 2033 699 2094 κατ’
719 2035 758 2117 τῇ
788 2025 905 2118 ἑσπέρᾳ
936 2030 1031 2095 πάλιν
1061 2031 1207 2114 γεγόνασι

107 2126 357 2213 μεταπάμπιμοι,
378 2129 592 2213 μεμενήκασιν
614 2130 644 2195 οἱ
667 2134 783 2216 ε’χθροί
801 2130 840 2196 τά
865 2137 944 2217 φίλα
974 2130 1098 2222 ἑαυτοῖς
1126 2133 1206 2197 κατά

110 2230 316 2350 Χριστιανῶν
337 2226 552 2312 ἐργαζόμενοι,
573 2256 625 2295 και
650 2235 898 2313 παρακινοῦντες
919 2228 1060 2295 πλέον
1045 2260 1063 2315 η
1092 2229 1208 2316 πρότε-

63 2350 168 2412 popae
186 2354 242 2414 την
264 2328 370 2414 σ’ργην,
395 2354 448 2393 και
469 2335 704 2412 πολιορκοῦντες
726 2332 762 2394 τά
787 2329 946 2415 φρούρια,
979 2336 1034 2394 καί
1056 2329 1207 2395 πάνδεινα
1252 2380 1254 2384 ,

110 2429 191 2495 κακά
203 2437 267 2504 τοῖς
290 2433 498 2511 ἐμπίπτουσιν
507 2423 723 2515 ἐργαζόμενοι.
749 2451 751 2455 ·
768 2436 805 2496 τί
819 2434 929 2497 τοῦτον
950 2434 1060 2513 γένοιτ’
1081 2425 1120 2493 άν
1134 2454 1208 2513 σχε-

111 2530 282 2613 τλιώτερον
304 2529 359 2594 καί
388 2528 667 2616 παρανομώτερον,
697 2526 772 2597 ῦταν
795 2541 857 2606 τοῖς
888 2535 1017 2616 ἐχθροῖς
1052 2528 1209 2615 τοσαῦτην

111 2629 212 2715 ῥοπὴν
233 2628 250 2694 ά
271 2638 328 2695 τοῦ
349 2634 505 2713 βασιλέως
533 2633 719 2718 άντίρροπος
733 2638 850 2700 δέδωκε
873 2633 929 2699 καί
947 2636 1131 2719 τηλικοῦτον
1151 2656 1210 2711 κυ-

113 2954 300 3023 requirebant,
329 2962 409 3023 atque
436 2955 473 3007 ita
499 2958 609 3023 primum
634 2965 771 3008 auctorem
798 2963 921 3005 terrenae
948 2955 1087 3021 pravitatis
1106 2953 1212 3005 tradere

116 3026 290 3078 sustinebant.
310 3028 512 3092 praeterridena
531 3029 613 3094 igitur
630 3043 679 3077 rex
697 3026 831 3092 lapsorum
851 3026 1018 3090 pravitatem,
1038 3024 1142 3090 probris
1161 3023 1211 3075 hos

91 3096 282 3169 'multitudiue
308 3099 507 3151 misericordiae
532 3097 673 3158 liberavit,
699 3104 725 3146 et
744 3096 852 3147 domena
878 3094 1040 3158 scelestum,
1061 3094 1212 3153 carnificum

117 3185 176 3221 cunr
195 3165 314 3220 manibus
333 3185 385 3220 non
403 3169 511 3219 tradidit
535 3175 561 3217 et
589 3168 659 3216 omni
690 3168 810 3233 eorporis
836 3181 923 3233 poena
942 3165 1059 3217 alienum
1078 3166 1211 3217 servavit:

116 3242 243 3293 iustorum
262 3249 349 3291 autem
369 3241 487 3291 virorum
506 3251 597 3289 manua
617 3253 676 3288 eum
691 3238 855 3303 accipientes
875 3234 982 3288 terrena
1000 3237 1078 3287 sorde
1097 3236 1214 3289 liberant

115 3320 240 3363 tonsura·
259 3320 339 3379 atquc
358 3316 464 3374 arrepta
479 3308 635 3359 monachica
649 3309 703 3359 vita
726 3308 821 3360 exsilio
839 3308 979 3360 mulctatus
1000 3316 1049 3371 est,
1068 3308 1213 3360 insularum

116 3382 204 3434 incola
225 3382 319 3444 factus,
346 3388 374 3430 et
391 3378 559 3447 intelligens,
578 3378 658 3447 quale
684 3387 756 3431 esset
773 3378 880 3443 malum,
906 3380 933 3430 in
957 3379 1149 3431 beneficientes
1168 3378 1214 3431 vel

115 3453 302 3506 misericordes
316 3452 447 3518 ingratum
466 3466 535 3503 esse.

215 3540 272 3591 lloc
292 3554 326 3590 ex
338 3540 428 3591 multis
448 3547 475 3590 et
492 3541 594 3608 magnis
607 3540 678 3592 aliud
693 3548 826 3593 certamen
842 3556 933 3610 aroge
951 3541 1025 3609 quasi
1045 3540 1214 3592 subsecivum

116 3620 263 3682 peractum,
283 3620 362 3680 atque
375 3612 504 3678 hocopus
518 3611 583 3676 tale,
597 3619 722 3679 quantum
735 3613 766 3663 ad
776 3627 866 3679 regem
878 3614 961 3678 ipsum
975 3611 1135 3676 pertinebat,
1146 3607 1214 3661 nihil

117 3683 203 3737 damni
218 3682 316 3746 attulit,
330 3684 460 3735 orientem
470 3691 557 3734 autem
570 3698 673 3741 omnem
688 3698 783 3750 magno
794 3683 862 3733 malo
878 3691 904 3733 et
918 3682 1067 3733 calamitate
1082 3680 1214 3747 implerit.

120 3754 237 3807 atenim
257 3756 374 3821 suspecti
394 3762 574 3820 apparuerunt
592 3754 637 3822 qui
657 3754 689 3804 ad
699 3753 906 3820 expeditionem
918 3754 992 3804 misai
1012 3752 1097 3817 er'ant,
1118 3760 1144 3803 et
1161 3767 1214 3804 no-

118 3828 161 3880 vis
181 3824 261 3876 rebus
279 3826 386 3877 studere
406 3827 507 3893 cogniti
526 3833 596 3888 sunt,
618 3833 644 3875 et
658 3833 798 3906 praeterea
816 3841 851 3874 ne
873 3824 979 3875 ordines
999 3824 1105 3891 quidem
1125 3833 1214 3893 etag-

118 3899 189 3949 mina
209 3911 370 3949 conservare
391 3905 417 3947 ct
442 3897 518 3964 leges
540 3897 712 3958 exarcituum,
740 3896 765 3944 in
785 3896 963 3961 suspicionem
982 3905 1124 3959 venerunt,
1143 3903 1170 3947 et
1187 3896 1215 3945 in

120 3970 285 4022 occidentem
306 3983 397 4019 rursus
415 3968 523 4019 luerunt
538 3967 660 4031 reduces,
679 3974 833 4017 manserunt
851 3966 942 4018 hostes
960 3976 1035 4035 grata
1054 3967 1105 4019 eibi
1124 3973 1216 4016 contra

121 4032 288 4093 Christianos
306 4038 436 4090 facientes
449 4047 475 4089 et
483 4046 622 4089 moventes
641 4039 727 4104 magis
741 4052 816 4104 quam
836 4040 933 4087 antea
927 4053 990 4090 tram
1012 4046 1037 4089 et
1057 4051 1216 4105 oppugnan-

121 4120 164 4163 tes
183 4110 306 4175 castclla,
325 4119 352 4162 et
371 4108 450 4162 ualde
471 4110 527 4161 dira
548 4108 618 4160 mala
637 4108 815 4161 incidentibus
836 4108 975 4161 facientes
1003 4110 1072 4173 Quid
1089 4108 1140 4159 hoc
1158 4108 1217 4159 fleri

122 4190 213 4251 potest
229 4181 371 4236 scelestius
389 4188 417 4231 et
433 4182 567 4247 iniustius,
588 4181 692 4249 quando
707 4179 827 4235 hostibus
841 4186 937 4233 tantam
956 4181 1010 4232 uim
1029 4181 1101 4249 regia
1119 4179 1218 4232 adver.
