2875 4734
562 351 770 416 ursaonrn.
1097 320 1100 329 '
1167 343 1215 412 τε

114 501 324 595 τὸνβασιλέα
355 508 503 574 κατιόντα
531 514 574 598 τῷ
602 512 744 597 κυδοιμῷ
771 513 1042 596 κατεπτοημένον,
1064 510 1119 576 καί
1139 510 1217 595 πρός

115 615 155 678 τά
169 617 317 694 βασίλεια
329 615 484 693 μέλλοντα
498 614 736 697 παραγενέσθαι
752 615 807 676 καί
818 603 1118 698 κατασφαλισθῆναι
1137 611 1218 696 πρὸς

115 713 174 798 την
201 710 388 796 ε’τιιβουλὴν,
416 709 434 773 ὃ
463 713 586 788 πάντως
615 711 795 794 άναγκαίως
823 714 954 796 ποιῆσαι
983 718 1094 777 τοῦτον
1121 715 1218 795 προέ-

102 827 225 898 κειτο,
254 811 469 888 ὑποδέξωνται
500 823 565 889 τοῖς
593 809 717 897 έαατοῖν
745 813 888 888 άκατίοις
916 811 972 878 καί
1000 814 1143 896 πελάγιοι
1163 836 1218 895 γε·

90 916 244 996 ὀνάμενοι
276 914 320 1000 τῷ
357 917 451 1001 βυθῷ
482 914 723 999 παραδώσουσι.
777 916 832 981 καί
868 908 907 998 ἦν
937 915 956 998 ἦ
986 913 1095 998 γνάμη
1130 913 1218 998 δεινή

116 1039 167 1088 τις
196 1015 251 1078 καί
270 1005 423 1098 ἄφυκτος,
447 1013 502 1079 καί
529 1015 730 1096 πανταχόθεν
759 1017 900 1098 σοβοῦσα
931 1013 965 1079 τό
1002 1005 1137 1098 θήραμα
1167 1011 1222 1078 καί

117 1115 305 1188 πλεκτάναις
336 1116 415 1179 κατά
437 1139 472 1196 γε
500 1114 556 1198 την
584 1111 787 1201 ἀνθρωπίνην
816 1115 985 1181 άσθένειαν
1009 1113 1123 1178 τοῦτον
1143 1139 1220 1196 συγ-

118 1217 356 1298 κατασχεθῆναι
386 1219 442 1280 καί
470 1219 653 1300 θηραθῆναι
685 1213 880 1298 συνάγουσα.
932 1217 990 1280 τοῦ
1020 1216 1054 1280 δὲ
1090 1217 1220 1279 διασκε-

119 1315 267 1395 δάζοντος
298 1314 417 1396 βουλάς
455 1318 557 1380 έθνιδν
591 1313 646 1380 καί
674 1313 843 1398 λογισμοάς
880 1316 1068 1390 άθετοῦντος
1099 1314 1222 1398 οίρχόν-Ι

73 1417 182 1481 1οτων
214 1416 342 1499 Κυρίου
367 1415 593 1498 άπερίτρεπτος
627 1421 767 1498 μένουσα
796 1411 814 1500 ἦ
843 1415 941 1498 βουλὴ
975 1414 1031 1489 τάς
1057 1419 1119 1479 τάν
1148 1419 1220 1499 γηί-

118 1539 181 1579 νων
201 1519 375 1597 σκαιωριάς
397 1516 593 1600 παρέσφαλε,
616 1519 671 1580 καί
691 1520 767 1598 παρ’
785 1518 897 1580 ἐλπίδα
918 1513 975 1598 την
995 1514 1154 1600 σωτηριάν
1174 1515 1216 1602 τῷ

113 1613 346 1702 ’άπεγνωσμένιρ
362 1619 580 1698 πανταρχικάς
596 1617 780 1700 ἐχαρίσατο.
804 1610 846 1690 ὥς
865 1615 927 1698 γάρ
949 1613 1094 1697 ἤστάσις
1116 1613 1218 1698 άνῆιγε

119 1717 174 1778 κατ’
209 1711 348 1798 θόρυβος
381 1715 590 1799 α’νερριπίσθη
611 1716 730 1798 πολύς,
754 1719 843 1781 αἵτε
867 1720 1009 1799 άγγελιάι
1033 1711 1219 1800 φθάνουσαι

119 1808 212 1899 ἑτέρα
236 1814 292 1898 την
313 1810 421 1898 ἑτέραν
441 1818 485 1903 τῷ
504 1819 635 1896 βασιλεῖ
644 1819 884 1903 προσεφοίτησε,
906 1817 992 1882 καίό
1016 1817 1114 1899 δῆμος
1136 1809 1220 1891 άπας

73 1924 335 2000 15συνεκροτεῖτο
352 1915 406 1980 καί
424 1919 659 2001 συνηθροίζετο,
681 1918 736 1981 κατ’
749 1920 893 2001 ταραχῆς
915 1917 1061 2001 όπῆρχον
1072 1914 1112 1980 τά
1136 1913 1216 1980 κατά

119 2015 178 2099 την
201 2012 291 2080 πόλιν
313 2009 475 2097 άνάμεστα
499 2021 554 2081 κατ’
574 2015 760 2102 συγχόσεως
789 2016 1068 2097 συσκευασάμενος
1090 2008 1180 2092 οὗτος
1202 2011 1219 2078 ό

118 2115 271 2198 βασιλεός
305 2111 372 2198 άμα
401 2117 440 2203 τῇ
471 2118 641 2208 Αάγοόστη
671 2122 810 2193 καὶτοῖς
837 2121 870 2197 έξ
899 2117 1005 2183 αὐτῶν
1025 2123 1221 2203 γεννηθεῖσιν

120 2217 166 2288 εἰς
188 2212 245 2298 την
264 2219 387 2298 γείτονα
408 2221 562 2302 κατῆλθον
595 2217 706 2302 άκτήν,
737 2220 792 2281 καί
812 2217 856 2303 μη“
880 2214 1024 2302 εόρόντες
1045 2220 1108 2283 ταῖν
1127 2221 1221 2297 βασι-

121 2318 217 2380 λικῶν
238 2316 355 2381 πλοίων
377 2318 447 2381 τινά
469 2320 514 2394 εἰς
536 2316 570 2383 τό
602 2321 823 2404 προοορμίσυν
843 2321 912 2384 νέον
942 2314 976 2382 ἔκ
995 2340 1078 2393 τινος
1100 2311 1221 2400 α’προό-

73 2429 201 2484 2οπτου
223 2413 278 2480 καί
300 2417 404 2495 δεξιάς
423 2418 533 2503 τύχης,
553 2421 674 2501 μάλλον
697 2420 732 2483 δὲ
747 2419 898 2501 προνοίας
919 2418 1059 2502 άρρητου
1077 2417 1222 2501 θελήμα-

119 2539 184 2594 τος,
206 2517 389 2602 άρχοντικδν
409 2517 586 2606 πλοιάριον,
605 2519 648 2595 ὥς
669 2515 755 2604 εἶχον
778 2522 930 2604 σπουδῆς,
950 2519 1120 2603 άνέβησαν.
1164 2516 1219 2582 καί
1267 2527 1271 2530 ’

118 2619 182 2683 τάν
205 2620 374 2699 βασιλείων
409 2617 491 2684 εάθά
526 2626 583 2705 τῆς
617 2623 754 2704 εἰρεσίας
783 2618 921 2704 άγοόσης
953 2623 1159 2701 ε’πικατέλαβε
1187 2617 1222 2684 τό

118 2721 177 2802 τῆς
203 2717 333 2794 άνοοίας
352 2721 469 2805 βουλῆς
488 2719 680 2806 μετεσχηκός
704 2711 845 2799 άκάτιον,
869 2720 923 2787 τόν
944 2725 1080 2803 βασιλέα
1101 2716 1231 2805 προκα-.

120 2815 272 2900 λοάμενον
294 2823 452 2886 εἰσελθεῖν
482 2825 516 2886 ἑν
547 2820 632 2908 ariani
654 2821 697 2898 ὥς
730 2822 977 2908 σπουδαιότερον
998 2823 1096 2912 δῆθεν
1115 2823 1223 2907 α’χθη-

193 3004 233 3057 16.
254 3002 364 3066 adroic?
471 3011 515 3062 22.
539 3011 741 3079 ἐπικατέλαβον
766 3009 796 3061 G.

120 3171 241 3235 insidias,
262 3171 288 3222 id
311 3172 380 3238 quod
401 3173 508 3221 omnino
527 3172 680 3222 necessario
706 3169 777 3221 hune
802 3170 931 3220 facturum
959 3168 1121 3235 apparebat,
1147 3172 1223 3222 enci.

120 3251 216 3311 perant
237 3244 292 3294 ruia
312 3242 436 3295 lintribus
456 3249 482 3290 et
501 3241 523 3289 si
542 3242 569 3290 in
590 3241 644 3292 alto
665 3249 755 3292 essent
772 3243 873 3310 gurgiti
892 3241 1035 3293 traderent.
1074 3249 1153 3309 atque
1166 3253 1223 3296 erat

120 3314 256 3368 sententia
275 3315 332 3364 dira
358 3320 385 3361 et
403 3311 567 3363 inevitabilis
588 3319 614 3362 et
634 3313 750 3380 undique
769 3322 873 3365 terrens
893 3313 994 3376 feram,
1023 3321 1049 3364 et
1067 3312 1153 3382 plagis
1172 3331 1221 3381 pro

121 3386 256 3438 hominum
277 3383 429 3435 infirmitate
449 3382 519 3434 hunc
538 3391 567 3434 ut
586 3386 769 3435 contineretur
789 3393 815 3436 et
839 3381 976 3450 peteretur
994 3383 1136 3437 adducens.
1172 3388 1222 3438 de·
1315 3399 1318 3402 ’

121 3457 250 3508 struentis
277 3461 365 3504 autem
385 3456 530 3505 sententias
550 3456 669 3521 gentium
689 3465 715 3506 et
733 3458 852 3507 rationes
870 3456 992 3507 tollentia
1004 3457 1152 3522 principum
1172 3457 1223 3507 do.

120 3529 186 3578 mini
211 3527 286 3577 iirma
310 3525 442 3576 sententia
472 3526 632 3584 mortalium
648 3528 729 3593 impia
753 3527 867 3578 eoncilia
897 3527 1047 3577 aberrantia
1064 3526 1178 3576 reddidit
1197 3535 1224 3576 et

121 3606 230 3665 praeter
248 3610 321 3660 spem
341 3595 452 3647 salutent
470 3596 611 3664 desperato
632 3599 828 3665 omnipotenter
847 3598 966 3648 donavit.
1006 3611 1064 3646 eum
1087 3597 1157 3646 enim
1176 3613 1222 3648 ae.

121 3670 187 3722 ditio
216 3665 341 3734 flagraret
369 3667 548 3729 attumultus
572 3683 684 3737 magnne
702 3671 880 3730 excitaretur,
908 3675 934 3717 et
952 3666 1037 3717 nuntii
1055 3665 1124 3717 aliun
1142 3667 1223 3720 alium

122 3740 298 3791 anteveniens
323 3739 356 3790 ad
382 3754 473 3806 regern
499 3740 682 3802 deferrentur,
709 3749 735 3790 et
761 3738 875 3806 populus
903 3738 988 3788 omnis
1013 3739 1172 3789 conveniret
1197 3749 1223 3790 et

122 3818 284 3876 cogeretur,
314 3818 340 3860 et
366 3811 524 3862 turbationis
550 3819 621 3862 esset
641 3811 702 3862 urbs
727 3810 807 3877 plena
825 3818 852 3859 et
871 3809 1051 3860 confusionis:
1071 3825 1101 3861 re
1120 3813 1224 3877 paravit

121 3883 167 3933 hic
191 3896 240 3932 rex
266 3880 343 3931 simul
369 3898 428 3932 eum
453 3883 573 3949 Augusta
598 3890 624 3933 et
642 3883 697 3933 suis
716 3881 809 3931 liberie
829 3887 857 3929 et
874 3878 1040 3931 devenerunt
1057 3881 1090 3932 ad
1108 3883 1223 3934 vicinam

121 3954 205 4019 ripam
231 3960 257 4002 et
283 3966 341 4001 cum
365 3966 418 4002 non
437 3955 590 4004 invenirent
614 3954 746 4020 regiarum
773 3952 880 4004 navium
907 3951 988 4002 ullam
1013 3954 1151 4019 navigium
1170 3953 1222 4001 inr-

122 4024 283 4091 peratorium
304 4024 373 4088 quod
392 4037 477 4090 nuper
505 4025 643 4093 appulerat
661 4039 709 4090 pro
731 4025 840 4090 quadam
859 4023 1002 4090 improvisa
1023 4024 1152 4074 etdextra
1165 4022 1222 4071 sor.

122 4102 194 4158 tuna,
213 4097 271 4147 sive
289 4096 377 4161 potius
397 4096 476 4145 tacita
495 4097 681 4162 providentiae
702 4094 849 4158 voluntate,
869 4103 898 4144 ut
916 4102 991 4145 erant
1003 4094 1090 4146 studio
1109 4093 1221 4156 incitati,

122 4167 306 4216 ascenderunt.
344 4174 423 4234 atque
440 4181 499 4218 curra
516 4170 606 4236 regias
621 4167 700 4219 remis
719 4174 847 4233 peterem
861 4167 975 4218 assecuti
996 4171 1057 4216 sunt
1067 4164 1221 4230 participem

123 4239 197 4304 impii
216 4236 322 4289 consilii
343 4235 459 4302 lintrem,
478 4249 671 4305 provocantem
689 4253 790 4306 regem,
811 4246 839 4288 ut
857 4238 884 4288 in
901 4252 960 4288 eum
973 4236 1167 4304 ingrederetur,
1178 4242 1221 4286 ut.
