2875 4734
580 287 789 360 maroam·
1162 289 1233 360 113

131 471 215 533 γνων
236 449 295 534 την
315 453 458 531 ἐμαυτοῦ
478 455 651 536 σωτηριάν,
673 447 748 516 ὅσον
778 452 834 534 τήν
857 455 920 516 τῶν
935 452 1102 534 Ῥωμαίων
1122 457 1234 536 κατέγ-

132 573 196 614 νων
217 548 338 616 δειλίαν
369 545 391 635 ἢ
421 550 645 636 ἀπειροκαλίαν
674 547 943 638 ἢτοπειιύτήτα·
999 552 1155 638 τοσαύτης
1174 550 1233 639 γάρ

131 655 300 736 γενομένης
313 654 500 737 καταφοράς
515 650 570 716 καί
587 646 678 737 ἥττης
691 655 754 718 τῶν
772 653 940 735 Ῥωμαιόον
956 653 1016 737 πρά
1034 655 1090 737 τῆς
1110 676 1235 735 παρεμ-

131 751 239 833 βολῆς,
260 751 365 826 ούδείς
384 755 445 816 τῶν
460 755 577 816 λοιπῶν
591 749 703 836 Ιλόχων
716 756 773 818 καί
785 756 931 838 λοχαγῶν
951 755 996 829 τίς
1019 743 1144 836 άμοναν
1164 746 1245 838 διη-Ι

106 852 281 931 5ρίδιστο,
310 845 390 916 άλλά
420 852 534 928 πάντες
566 850 656 918 ἔνδον
683 853 858 939 καθήμενοι
891 856 1023 929 ἕκαστος
1054 851 1090 920 τά
1121 857 1235 919 οἰκεῖον

133 947 226 1033 ἔργον
246 951 289 1027 ῶς
310 952 363 1016 διὰ
381 957 490 1039 φιλίας
511 957 569 1037 γῆς
591 952 836 1038 ἐνσκηνούμενος
871 954 1092 1041 διεπράττετο,
1111 959 1166 1020 καί
1185 956 1237 1018 κί-

133 1075 223 1134 νησις
241 1056 350 1136 ψυχῆς
370 1054 439 1119 οὔδ’
461 1057 581 1137 α’γοονία
601 1045 788 1134 τούτουςτὸ
809 1054 962 1142 ταράττον
983 1058 1173 1142 ἐξώρμησεν.

228 1151 265 1216 Ὁ
290 1155 325 1218 δὲ
353 1152 505 1235 βασιλεύς
526 1152 615 1219 ἔνδον
645 1160 702 1220 τοῦ
725 1155 864 1241 κάστροο
894 1158 1009 1222 τούτου
1031 1156 1239 1239 μεμαθηκῶς,

135 1250 214 1332 μετά
240 1255 355 1339 πολλῆς
379 1258 435 1339 τῆς
458 1254 549 1330 άνίας
577 1258 698 1321 ἐκεῖθεν
728 1255 910 1323 τ’πανελθῶν
934 1258 1015 1341 πρὸς
1034 1258 1088 1323 τὸν
1106 1258 1236 1340 χάρακα

91 1351 214 1434 murari
251 1357 312 1418 τῶν
345 1355 502 1422 συνόντων
530 1355 617 1445 αύτῷ
647 1359 894 1435 Καππαδοκῶν,
924 1357 1042 1443 πολλὴν
1064 1358 1120 1422 καί
1140 1355 1236 1433 αύτδς

95 1445 101 1454 ’
134 1453 189 1536 τὴν
206 1454 395 1539 άβελτηρίαν
418 1460 555 1544 κατέγνω
575 1459 692 1524 τούτων
714 1458 769 1522 καί
788 1461 849 1523 τῶν
864 1459 1033 1540 Ῥωμαίων
1047 1458 1139 1539 άμοῦ.
1184 1453 1234 1520 διὸ

135 1549 228 1636 καίῆ
252 1552 307 1632 νύξ
330 1557 432 1640 ἐκείνη
454 1556 572 1632 πάντας
596 1553 682 1640 εἶχεν
714 1555 749 1624 ἓν
771 1564 894 1626 ἐλπίσιν
925 1561 984 1624 ούκ
1006 1558 1157 1641 dyonea,
1180 1581 1236 1620 κα-

135 1653 205 1719 θότι
230 1653 284 1718 καί
303 1654 336 1720 τὸ
361 1655 455 1735 πεζάν
477 1652 561 1722 άπαν
584 1661 646 1722 τῶν
669 1661 851 1742 Ἀρμενίων,
876 1662 1049 1741 ἐπιταχθὲν
1070 1658 1261 1723 διανακτε-’

136 1753 242 1834 ρεύειν
263 1758 336 1837 περί
356 1752 412 1838 την
434 1755 558 1841 τάφρον
581 1759 615 1822 ἐν
642 1762 904 1841 προτειχίσματι,
924 1759 1124 1824 άποσταοιάν
1144 1758 1236 1823 ἐσκύ-

89 1874 230 1938 15πησε,
252 1851 296 1937 μὴ
323 1858 549 1938 πειθαρχῆσαν
577 1862 640 1930 τοῖς
664 1860 804 1938 λέγουσι.
854 1857 909 1923 καί
929 1857 949 1941 ἡ
976 1861 1034 1939 μὲν
1056 1855 1113 1934 νύξ
1136 1859 1238 1940 ἐκείνη

136 1953 264 2037 δριμεῖά
283 1980 331 2031 τις
348 1955 403 2020 καί
415 1960 528 2039 βαρεῖα
542 1966 608 2033 τοῖς
620 1956 789 2039 Ῥωμαίοις
803 1960 1039 2024 διατειέλεστο·
1090 1952 1180 2022 ούπω
1209 1957 1239 2021 δ’

59 2081 64 2088 -
135 2053 240 2138 ἡμέρα
260 2054 380 2148 προῄει,
401 2055 454 2120 κατ’
470 2054 500 2120 οἱ
522 2061 665 2139 πολέμιοι
687 2055 744 2122 τὸν
763 2056 893 2142 χάρακα
915 2054 1109 2148 πανστρατιᾷ
1128 2063 1240 2142 περιέ-

137 2156 252 2231 ζωσαν.
295 2154 489 2240 μιμαδηκῶς
509 2155 570 2240 γάρ
597 2153 694 2220 ὄτού
717 2156 832 2223 Χάλεπ
854 2152 964 2245 ἄρχων
990 2159 1025 2224 τό
1050 2158 1240 2243 προγεγονὸς

112 2257 319 2339 ,προτέρημα
347 2255 508 2342 παράτῆς
530 2263 646 2342 μοίρας
669 2261 789 2340 αύτού,
812 2262 887 2341 μεθ’
911 2257 985 2345 ὅλης
1006 2251 1060 2345 ἧκε
1083 2264 1138 2345 τῆς
1161 2255 1261 2324 ξαν-ι
1304 2319 1308 2323 .
1345 2314 1350 2324 ,

88 2359 195 2435 potori
216 2353 379 2438 δυνάμεως
412 2356 453 2435 ῶς
485 2360 635 2442 αύτοβοεί
664 2357 809 2442 αἱρήσων
838 2358 890 2426 τὸν
917 2365 1051 2443 βασιλέα
1082 2359 1163 2442 μετά
1186 2360 1241 2441 τῆς

133 2453 296 2540 ,συνούσης
321 2458 409 2544 aurp*
431 2464 591 2541 στρατιάς.
629 2458 699 2538 ,καί
733 2458 762 2524 οἱ
791 2465 851 2541 μὲν
871 2454 957 2526 ούτω
980 2459 1240 2544 περιιππεύοντες

139 2554 225 2637 ἡμᾶς
256 2557 312 2621 καί
331 2562 502 2642 θηριωδῶς
532 2565 742 2646 ἐκφοβοῦντος
771 2571 842 2637 ταῖς
870 2567 1083 2645 βαρβαρικαῖς
1108 2562 1240 2633 ύλακαῖς

138 2655 181 2718 ούΙ
201 2658 356 2722 διέλιπον·
410 2655 426 2722 ὃ
458 2663 493 2724 δὲ
521 2660 672 2742 βασιλεύς
706 2660 795 2736 ἐντός
822 2666 878 2747 τῆς
905 2668 1021 2748 σκηνῆς
1049 2661 1240 2748 διαγράφων

211 2830 252 2881 15.
273 2837 329 2890 τοῖς
347 2829 506 2902 λοχαγοῖςλ

136 2993 220 3063 igitur
240 3008 290 3062 ego
302 3009 408 3064 qnoque
418 3012 471 3049 uon
487 3002 586 3049 tantum
602 2995 776 3064 desperabam
792 2993 825 3048 de
841 3007 900 3048 mea
918 2994 1004 3048 salute
1017 3003 1143 3064 quantum
1154 2995 1238 3048 Grae-

138 3081 229 3118 corum
248 3067 442 3135 cognoscebam
462 3070 597 3136 ignaviam
612 3069 657 3121 vel
675 3069 790 3133 ineptias
809 3065 854 3117 vel
873 3069 1039 3118 tenuitatem.
1077 3074 1150 3116 tanta
1169 3069 1239 3118 enim

138 3136 208 3189 iacta
227 3140 304 3190 ruina
324 3148 350 3190 et
373 3139 449 3190 clade
469 3139 630 3190 Graecorum
650 3145 710 3188 ante
740 3146 835 3200 castra,
854 3152 932 3187 nemo
960 3136 1125 3203 reliquarum
1143 3145 1239 3189 centu·
1280 3169 1287 3177 ι

135 3209 235 3262 riarum
256 3217 283 3260 et
301 3211 485 3262 centurionum
509 3210 541 3259 ad
559 3209 702 3259 arcendum
732 3211 862 3260 excitatus
889 3207 962 3261 erat:
991 3208 1038 3260 sed
1057 3223 1150 3261 omnes
1168 3209 1240 3259 intus

136 3282 261 3333 sedentes
280 3297 354 3333 suurn
374 3281 488 3346 quisque
507 3292 574 3346 opus
594 3281 668 3346 quasi
687 3281 715 3332 in
733 3280 867 3332 sociorum
887 3288 977 3333 essent
994 3287 1066 3332 terra
1084 3279 1242 3346 perficiebat

138 3359 166 3404 et
183 3361 269 3405 motus
289 3353 370 3404 animi
389 3364 477 3417 neque
500 3365 565 3402 vero
586 3350 734 3417 periculum
754 3352 803 3404 hos
822 3354 929 3404 omnino
950 3352 1086 3403 excitavit.

237 3426 296 3476 Rex
315 3431 403 3474 autem
430 3421 459 3470 iu
480 3421 591 3474 castello
621 3422 672 3474 hoc
691 3425 786 3476 videns
805 3440 865 3475 curn
891 3423 975 3476 multa
992 3423 1160 3490 aegritudine
1178 3423 1241 3472 inde
1288 3481 1291 3486 ¹

136 3511 263 3548 reversus
283 3495 315 3545 ad
335 3491 513 3546 vallum'cun
537 3494 739 3560 Cappadocibus
758 3496 802 3563 qui
823 3497 984 3558 moderant,
1010 3492 1118 3544 multam
1137 3493 1241 3556 etipse

136 3564 277 3618 stultitiam
297 3566 426 3633 cognovit
444 3567 538 3619 borum
559 3574 586 3616 et
597 3565 757 3618 Graecorum
775 3566 863 3618 simul.
902 3564 1071 3634 quamobrem
1090 3564 1168 3613 etium
1186 3576 1241 3611 nox

135 3636 186 3688 illa
206 3649 297 3686 omnes
328 3636 435 3689 tenebat
450 3640 481 3690 ‘in
508 3638 752 3705 exspectationibus
777 3652 832 3690 non
856 3638 949 3700 bonis,
976 3635 1038 3702 quia
1057 3633 1136 3684 etiam
1155 3632 1241 3699 pede.

136 3706 199 3760 stris
221 3708 355 3760 exercitus
378 3711 463 3763 omnis
482 3711 668 3763 Armeniorum
686 3712 775 3762 iussus
794 3716 900 3759 noctem
919 3708 1019 3773 degere
1038 3706 1110 3755 cirea
1131 3704 1240 3767 fossam,

137 3780 166 3828 in
185 3777 375 3830 munitionibus
403 3782 582 3834 anterioribus
602 3780 780 3832 defectionem
809 3779 951 3830 meditatus
970 3784 1019 3841 est,
1038 3791 1093 3827 non
1112 3776 1242 3828 obediens

138 3849 345 3915 imperantibus:
369 3859 448 3920 atque
466 3868 521 3904 nox
539 3853 645 3921 quidem
663 3851 712 3902 illa
730 3860 759 3902 nt
777 3849 874 3902 acerba
892 3847 982 3916 aliqua
1001 3856 1028 3898 et
1045 3849 1136 3915 gravis
1156 3847 1242 3900 Grae-

139 3921 177 3972 cis
197 3929 305 3987 peracta
326 3930 397 3973 erat:
418 3925 534 3976 nondum
559 3931 646 3975 autern
666 3923 724 3974 dies
743 3921 888 3983 oriebatuu
909 3928 936 3970 et
955 3919 1045 3972 hostes
1066 3918 1166 3971 vallum
1185 3924 1241 3966 toto
1280 3930 1285 3942 ’

139 4008 198 4042 cunr
218 3993 339 4043 exercitu
353 3993 510 4047 ¹cinxerunt.
547 4003 688 4062 postquam
708 3994 779 4044 enim
797 3992 901 4043 audivit
916 3990 1029 4058 Chalepi
1046 3991 1173 4058 princeps
1191 4001 1242 4036 au.

138 4070 181 4114 tea
203 4063 298 4115 factam
316 4065 457 4116 victoriam
476 4081 491 4117 a
510 4075 585 4134 parte
605 4081 661 4128 sua,
683 4081 742 4116 curn
761 4070 818 4117 tota
845 4064 921 4115 venit
940 4064 1032 4116 suavi
1052 4069 1082 4111 ut
1098 4058 1173 4112 illico
1194 4072 1242 4127 ca.

138 4143 215 4200 peret
235 4151 326 4204 regern
346 4151 405 4187 cunr
425 4140 545 4189 exercitu
565 4139 611 4206 qui
632 4139 657 4187 ei
676 4138 781 4189 aderat:
802 4144 881 4204 atque
912 4133 954 4186 illi
974 4133 1089 4202 quidem,
1108 4133 1145 4181 ita
1164 4129 1243 4196 equi.

137 4212 196 4256 tare
211 4208 283 4258 circa
301 4223 351 4259 nos
371 4215 399 4257 et
417 4208 532 4262 ferarum
541 4212 625 4262 instar
641 4223 691 4262 uos
705 4215 809 4261 terrere
825 4207 944 4260 barbaris
963 4202 1109 4256 ululatibus
1119 4215 1173 4252 non
1192 4200 1242 4252 de.

211 4303 292 4358 aaut.
312 4303 394 4358 Διιολ
417 4304 484 4357 ittet.
1038 4298 1057 4350 8
