2875 4734
205 263 281 384 νον
400 307 404 318 ,
508 268 725 340 ureniana
753 266 1032 341 amarioris·
1106 325 1109 331 .

111 430 115 433 ⁹
205 461 258 503 σιν
275 438 357 523 πρὸς
379 441 434 506 τὸν
455 437 650 524 βουλόμενον
664 442 719 507 καί
741 438 914 526 α’κοδλοτον,
935 440 989 507 καί
1010 434 1107 519 οίίτιος
1123 436 1228 511 δδειίει
1250 441 1307 513 διὰ

205 538 374 605 πόντωντὸ
393 541 515 624 α’γαθόν
536 548 592 627 τῆς
613 544 786 632 Ιειίθηνίας,
814 542 978 629 φθονήσας
998 547 1052 625 τῆς
1072 543 1238 625 εὐετηρίας
1262 546 1309 635 τρῖ

194 638 311 731 ’κόσμῳ
331 641 499 727 φοίνδακα
520 643 608 717 ε’κτὸς
628 644 687 707 aod
708 636 816 720 ἄστεος
836 640 1075 727 ὄπαγκιίκιοτος
1095 644 1307 725 ἐποικοδομεῖ,

204 742 264 807 κοῖν
285 739 681 832 τοίνρι-σοναθροιῖεσθαι
701 745 759 822 τοὶς
786 742 911 827 οἶμοίξας
938 746 1132 827 ἐπισκήπτει,
1153 746 1308 830 βασιλικῷ

204 838 367 928 μροὶμματι
389 847 484 910 τοῦτο
502 847 740 928 διορισάμενος·
783 849 839 911 καί
851 840 1044 927 μονοπώλιον
1060 846 1185 929 τίθησιν
1204 845 1248 919 είς
1269 843 1334 912 τὸ5

204 942 447 1027 ἀναγκαιότατον
470 950 603 1031 χρῆμα,
630 945 685 1011 τὸν
718 954 823 1031 σῖτον,
854 946 989 1030 μηδενὸς
1010 948 1187 1025 δυναμένου
1212 947 1242 1013 εί
1258 942 1304 1029 μὴ

205 1042 268 1109 dul
291 1048 350 1110 τοῦ
378 1043 555 1132 φούνδακος
577 1044 817 1133 ἐξωνήσασθαι,
841 1046 1020 1132 φοιίνδακος
1047 1050 1109 1121 τοῦ,
1123 1046 1229 1110 δολίου
1252 1047 1309 1111 καί

206 1145 438 1227 δαιμονιώδοος
466 1145 651 1230 πράγματος
681 1142 750 1211 καί
765 1148 924 1229 ὀνόματος.
980 1150 1012 1224 ἐξ
1040 1137 1079 1209 οὗ
1106 1144 1168 1227 μὰρ
1191 1142 1307 1237 ἐκεῖνος

204 1246 324 1329 dudm,
353 1245 374 1327 ἦ
395 1246 528 1333 εδθηνία
551 1250 615 1311 τοῦν
636 1248 757 1313 πόλεων
778 1237 900 1337 ᾤχετο,
921 1246 974 1313 καί
994 1248 1014 1331 ἦ
1036 1249 1091 1311 τοῦ
1112 1248 1202 1311 θείαν
1227 1244 1304 1328 ὀργὴ

203 1344 243 1410 τὰ
264 1343 325 1409 aad
348 1346 530 1429 Ῥωμαίους
557 1345 713 1429 μειζόνως
742 1352 924 1431 κατέλαβεν.
967 1346 1005 1411 od
1034 1346 1118 1430 γάρ,
1141 1339 1246 1429 ὥσπερ
1268 1342 1304 1409 sd
1317 1355 1352 1411 10

204 1443 358 1530 πρότερον
376 1438 426 1530 ἦν,
446 1445 462 1511 o‘
483 1444 672 1530 βουλόμενος
700 1450 844 1527 ε’ξοινεῑτο
866 1448 1040 1512 τόνσῖτον
1070 1446 1125 1522 καί
1147 1442 1225 1525 μετὰ
1248 1444 1306 1510 τοῦ

204 1548 383 1621 πωλοῦντος
401 1543 606 1632 ᾗσννήλλαττε,
627 1552 683 1612 καί
701 1549 808 1630 εἴπερ
839 1547 883 1632 μὴ
907 1545 940 1613 ἐν
961 1551 1041 1635 τῷδε
1062 1550 1105 1633 τῷ
1125 1549 1305 1635 κατατοκίιρ

204 1648 371 1730 ἠρέσκετο,
399 1652 582 1728 μετέβαινεν
608 1650 654 1722 εἰς
683 1648 719 1712 τὸ
743 1642 819 1713 ἄλλο
850 1652 904 1713 καί
931 1644 1029 1724 αὖθις
1049 1650 1094 1723 εἷς
1117 1649 1231 1732 ἕτερον,
1253 1644 1309 1715 καί

204 1745 267 1812 α’πό
300 1750 363 1810 τῶν
391 1746 523 1829 ἁμαξῶν
552 1750 572 1832 ἦ
600 1739 717 1831 πρᾶσις
747 1748 882 1831 ἐγίνετο·
934 1744 1001 1815 ἀλλ’
1030 1748 1235 1835 εἰσιρχόμενα
1265 1747 1305 1812 τὰ

113 1899 116 1902 a
203 1846 343 1931 γεώργια
375 1849 409 1911 ἐν
433 1850 471 1935 τῇ
485 1851 541 1913 τοῦ
557 1838 743 1935 ιςοοιίνδακος
772 1836 878 1937 εἱρκτῇ
905 1849 1039 1923 σιτοόνας
1062 1845 1147 1933 εἶχον
1168 1851 1306 1923 ἐνοίκους
1317 1855 1352 1911 15

204 1951 264 2014 τοῦ
284 1946 462 2035 φοίνδακος
489 1951 545 2015 καί
574 1949 802 2035 σιτοκαπῆλοος
832 1945 979 2028 πολλούς,
1002 1942 1162 2015 καί-οὗτοι
1183 1972 1307 2031 προαρ-

205 2044 358 2125 ιιοίζοοτες
381 2046 433 2113 τὸν
451 2056 537 2116 σῖτον
553 2053 724 2129 ε’ξιονοῦντο
744 2054 801 2115 καί
817 2051 1000 2135 α’πετίθοον,
1020 2054 1074 2115 καί
1087 2050 1306 2135 διηγωνίζοντο

202 2148 383 2232 κερδαίνειν
409 2150 463 2213 ἐπί
499 2154 541 2239 τῷ
568 2152 742 2232 νομίσματι
767 2150 948 2232 νομίσματα
976 2155 1059 2234 τρία.
1109 2145 1307 2234 ἠγόραζε-δὲ

206 2249 269 2313 α’πὸ
291 2253 353 2315 τῶν
376 2246 507 2330 ἁμαξῶν
529 2253 645 2340 ον’δείς,
668 2246 743 2317 οὔτε
759 2251 907 2327 ναντικὸς
923 2247 1057 2334 είσοίμιον
1079 2250 1177 2315 αιίτὸν
1190 2250 1235 2323 εἷς
1249 2245 1307 2331 τὴν

205 2351 440 2433 βασιλεύουσαν
474 2346 548 2418 οὔτε
578 2352 705 2429 α’στικός
736 2344 809 2418 οὔτε
842 2346 986 2437 ἄγροικος
1019 2346 1092 2416 οὔτε
1123 2345 1215 2425 ἄλλος
1246 2348 1306 2413 oo'-
1315 2370 1353 2427 20

124 2493 130 2498 -
208 2454 294 2527 δείς·
336 2452 407 2516 ἀλλ’
437 2448 500 2516 ἀπὸ
521 2456 585 2517 τῶν
605 2454 832 2542 σιτοκαπὴλων
853 2456 909 2518 τοῦ
936 2450 1115 2539 φοιίνδακος
1148 2451 1166 2535 ἦ
1190 2454 1305 2533 πρᾶσις

207 2553 405 2634 προέβαινεν,
426 2552 472 2628 ὥς
493 2556 605 2618 ἐκεῖνον
626 2553 793 2635 ἐβούλοντο
815 2556 870 2618 καί
896 2552 912 2617 o‘
935 2552 1175 2639 προκαθήμενος
1201 2551 1305 2617 adadu

206 2650 332 2732 λομειδν
349 2651 596 2738 φοονδακοίριος,
617 2650 653 2733 ὃς
668 2656 868 2739 Ικαινοτομεῖν
893 2652 966 2729 ιοδς
990 2650 1043 2719 τὸν
1064 2661 1150 2720 σῖτον
1171 2654 1304 2737 καταβι.

277 2814 305 2867 3.
323 2828 416 2883 margo
433 2818 608 2889 κομμέρκιον
631 2818 680 2871 καλ
694 2817 795 2892 φόρον
813 2820 910 2887 εἴτοαν
928 2814 1099 2889 πανήγυριν.

205 2958 319 3012 liberum
337 2959 427 3014 lacere
446 2950 633 3014 commercium
654 2978 713 3014 enm
732 2964 826 3031 quovis
846 2971 873 3015 et
892 2963 1053 3031 expeditum,
1072 2970 1152 3030 atque
1176 2962 1214 3012 ita
1225 2977 1226 2985 ¹
1238 2974 1304 3027 pro.

205 3032 305 3084 cedere
324 3034 429 3085 omnino
449 3034 562 3086 salutem
582 3033 768 3099 abundantiae,
793 3036 917 3087 invidens
937 3036 1042 3103 copiam
1061 3033 1166 3097 mundo,
1179 3032 1305 3085 horreum

206 3112 281 3156 extra
298 3105 391 3156 urbem
409 3107 540 3172 pessimus
567 3105 832 3171 homo‘exaedilicat,
853 3108 924 3159 etin
944 3107 996 3157 lroc
1015 3106 1076 3172 cogi
1096 3118 1190 3156 currus
1215 3102 1303 3167 iubet,

205 3178 289 3243 regiis
308 3175 395 3228 literis
421 3176 471 3228 hoe
491 3177 644 3244 perficiens,
665 3185 691 3228 et
703 3178 886 3245 monopolium
906 3180 1019 3245 imponit
1036 3177 1147 3227 maxime
1174 3188 1303 3226 necessa.

204 3248 262 3300 riae
282 3246 333 3309 rei,
356 3248 498 3311 frumento,
519 3264 577 3298 cum
595 3264 674 3299 nemo
694 3258 791 3315 posset
803 3250 855 3302 nisi
877 3241 1031 3301 ex‘horreo
1054 3262 1162 3309 emere,
1189 3246 1302 3308 horreo,

206 3318 335 3372 insidiosa
354 3327 381 3369 et
399 3320 503 3385 ingenti
524 3316 557 3369 re
573 3328 652 3386 atque
671 3322 888 3388 significatione:
908 3336 942 3371 err
961 3334 1013 3387 quo
1034 3321 1102 3370 enim
1121 3316 1189 3368 illud
1206 3316 1303 3367 induc.

206 3399 261 3441 tum
280 3396 330 3451 est,
350 3389 466 3442 felicitas
488 3390 593 3442 urbium
612 3386 799 3456 evanescebal,
820 3399 847 3445 et
864 3394 904 3443 ira
923 3392 1013 3443 divina
1031 3405 1075 3441 res
1087 3389 1205 3441 Graecas
1218 3387 1303 3453 magis

207 3461 341 3513 obtinuit=
360 3478 449 3529 neque
471 3464 549 3526 enim,
571 3469 601 3513 ut
620 3470 699 3514 antea
718 3463 823 3527 luerat,
843 3464 889 3531 qui
908 3462 1003 3526 vellet,
1024 3462 1127 3512 emebat
1146 3458 1304 3509 frumentum

204 3542 313 3586 etcum
331 3534 466 3586 vendente
486 3535 717 3586 commutationem
736 3535 829 3600 inibat,
849 3543 928 3603 atque
948 3535 970 3586 si
988 3535 1016 3585 in
1035 3533 1087 3584 hoc
1111 3532 1172 3582 loco
1199 3530 1224 3580 ei
1249 3544 1303 3579 non

207 3605 338 3673 placeret,
358 3606 486 3657 transibat
504 3606 537 3657 ad
555 3604 636 3655 alium
655 3621 801 3675 rursusque
821 3608 853 3659 ad
871 3606 968 3669 alium,
996 3612 1022 3655 et
1041 3620 1074 3655 cx
1092 3600 1213 3653 curribus
1232 3614 1301 3652 ran-

206 3678 273 3728 ditio
294 3666 389 3728 tiebat:
411 3677 457 3728 sed
477 3677 568 3745 fruges
587 3693 655 3744 quae
674 3678 882 3744 importabantur
900 3679 927 3728 in
944 3676 1037 3729 ‘borrei
1063 3681 1184 3741 septum,
1210 3671 1303 3723 darda-

205 3748 297 3800 narios
316 3747 449 3799 hebebant
466 3748 645 3800 inhabitantes
665 3749 763 3803 borreo
784 3758 810 3801 et
829 3748 955 3817 propolas
974 3747 1087 3801 multost
1107 3752 1186 3813 atque
1206 3743 1233 3794 hi
1258 3756 1304 3793 ra-

201 3820 312 3887 pientes
332 3818 624 3871 lrumentumemebant
643 3829 669 3871 et
681 3821 847 3889 reponebant
862 3828 889 3872 et
908 3820 1044 3871 certabant
1055 3817 1155 3889 lucrari
1175 3830 1233 3869 asse
1250 3821 1304 3865 tres

132 3948 135 3957 ‚
205 3905 297 3944 asses:
318 3890 423 3943 emebat
441 3900 529 3942 autem
548 3892 814 3957 excursibusnemo,
833 3908 921 3960 neque
948 3898 1028 3943 nauta
1053 3887 1211 3956 importabat
1238 3884 1305 3936 illud
1361 3932 1364 3937 .

204 3964 233 4014 in
250 3962 355 4026 urbem,
377 3978 465 4029 neque
485 3963 599 4015 urbanus
618 3979 706 4031 neque
726 3966 845 4033 agricola
864 3979 952 4031 neque
963 3962 1035 4014 ullus
1055 3960 1124 4012 alius
1135 3978 1142 4010 t
1153 3960 1199 4011 sed
1210 3974 1225 4009 s
1238 3969 1304 4023 pro-

204 4033 277 4101 polis
297 4033 389 4085 horrci
408 4032 528 4085 venditio
543 4034 713 4099 procedebat,
734 4038 803 4087 sicut
815 4036 855 4087 illi
868 4034 1010 4086 volebant:
1030 4040 1111 4099 atque
1129 4044 1237 4097 praeses
1254 4039 1304 4076 co-

205 4120 274 4168 rum,
293 4104 421 4171 perditor,
441 4103 530 4153 lrorrei
552 4106 757 4169 administrator,
778 4109 823 4174 qui
843 4120 915 4158 noro
941 4104 1019 4155 modo
1046 4102 1161 4155 vexabat
1187 4101 1306 4153 frumcn-

206 4179 262 4223 tum
280 4174 443 4227 deducentes
463 4180 492 4223 et
503 4173 662 4228 frumentum
682 4177 723 4231 his
743 4179 856 4245 turpiter
876 4175 1007 4231 adimebat
1027 4183 1054 4229 et
1071 4173 1164 4243 gravia
1184 4168 1307 4243 rectigtt·
