2875 4734
220 289 295 359 σου
527 240 747 354 monearis
777 278 1037 349 ιτιιιισιιιτ

220 452 300 539 γέλῳ
323 440 517 533 προέιιοπτε,
542 452 607 536 θεῷ
625 451 686 529 μὲν
707 446 767 521 τὰς
788 444 887 528 ευχάς
909 442 1058 509 ἐπετέλει.
1069 464 1121 503 και
1144 460 1225 523 προς
1246 433 1329 502 έκεῖ-

223 576 276 617 νον
299 556 469 672 α’νεπτέρρυ
493 550 547 615 τόν
568 553 641 615 νοῦν
650 557 744 645 ,τοῖς
769 552 797 611 δ’
819 544 967 631 οπηκόοις
989 540 1046 620 τιές
1068 540 1253 623 εὐεργεσιας
1274 538 1328 603 κατ’

226 651 351 738 δωρεος
384 653 440 716 καί
459 650 576 734 τιμαῖς,
605 644 788 733 ποταμηδόν
820 648 1043 731 προσεπέχεεν.
1088 636 1155 707 εἶτα
1186 644 1242 705 καί
1270 643 1326 723 τῆς

223 756 440 837 μεσημβρινῆς
464 753 687 833 μυσταγωγίας
709 742 764 813 εἶτ’
777 742 835 812 ουν
849 748 1046 829 λειτουργίας
1068 745 1247 827 α’ρχομένῆς
1260 766 1325 803 πα-

226 856 377 935 ραχρῆμα
393 853 451 915 τοῦ
465 852 521 936 τῆν
537 848 674 934 ὲαθινῆν
688 851 876 931 τελεσθῆναι
891 846 1082 928 ιλοξολογίιιν,
1099 843 1158 907 ocia
1175 840 1348 923 α’πείχετο5

221 957 278 1037 τῆς
289 953 334 1028 είς
347 952 423 1018 θεὸν
436 947 677 1034 παραστάσεως,
689 954 749 1026 ἕως
763 953 817 1013 καί
829 944 908 1033 αὕτη
918 949 1125 1029 συνετελέσθη
1137 947 1235 1026 μέχρι
1247 965 1323 1025 παν.

223 1053 278 1130 τίς
293 1062 361 1129 τοῖς
371 1050 593 1138 ίερατεέουσιν
608 1053 761 1134 εέλαβυῖς.
784 1050 839 1114 καί
853 1050 889 1112 σέ
904 1048 1001 1128 μόνον
1012 1050 1045 1112 έν
1058 1054 1123 1119 τοῖς
1136 1041 1323 1125 α’ναιιτόροις

222 1154 257 1218 τὸ
282 1153 338 1239 τῆς
369 1154 519 1237 τοιαύτης
539 1152 737 1234 ,θεοσεβείας
763 1151 865 1240 τούτῳ
888 1146 1077 1230 ἐπράττετο,
1110 1142 1268 1211 ἀλλὰκαὶ
1290 1140 1323 1205 έν

107 1292 113 1302 ,
223 1265 294 1331 ταῖς
315 1254 491 1338 πανδῆμοις
514 1248 639 1335 ἑορταῖς
654 1276 687 1316 τε
709 1255 762 1316 καί
782 1247 1015 1335 προελεύσεσιν,
1040 1242 1116 1312 ὅταν
1132 1250 1177 1335 τῷ
1198 1243 1323 1330 μεγάλῳ

221 1360 343 1439 τεμένει
366 1358 420 1438 τῆς
444 1358 500 1419 τοῦ
521 1359 600 1417 θεοῦ
621 1352 713 1435 ἁγίας
727 1357 844 1438 σοφίας
867 1354 1038 1436 ἐπιφοιτῶν
1061 1344 1100 1433 ῆν
1120 1345 1201 1430 μετὰ
1226 1348 1323 1427 δορυ·
1332 1362 1366 1417 10

226 1461 341 1544 φοριάς
369 1460 424 1519 κατ’
447 1452 539 1539 δόξης
562 1454 827 1538 ου’ρανοβοίμονος,
854 1446 874 1535 ῆ
896 1455 939 1539 τῷ
963 1453 1159 1537 ιέπσστολιιιρῖ
1180 1450 1235 1513 καί
1262 1470 1323 1526 με-

224 1558 310 1647 γάλῳ
333 1560 407 1643 ναιῆι,
430 1550 649 1643 ῆὲτέριριτῶν
672 1553 800 1633 ἔξωθεν.
844 1557 907 1618 ταῖν
932 1548 993 1636 γὰρ
1016 1550 1076 1633 πρὸ
1098 1553 1154 1615 τοῦ
1166 1553 1323 1632 βασιλέων

224 1658 305 1742 μετὰ
335 1655 392 1739 τῆν
414 1660 472 1719 τοῦ
500 1660 591 1718 θείου
619 1650 804 1738 εὐαγγελίου
827 1649 1000 1735 α’νιίγνιοσιν
1028 1650 1323 1734 1ιι’παναγιυροι5ντιον

226 1763 348 1834 εἰιεῖθεν
378 1756 562 1828 σπουδαίους
591 1756 645 1818 ἐπί
674 1754 845 1840 οἶναιιτῆσει
873 1758 929 1818 τοῦ
960 1750 1056 1817 κόπου
1087 1757 1139 1815 καὶ
1171 1744 1322 1814 ἀποθέσει

226 1860 281 1943 τῆς
301 1855 334 1923 έκ
354 1859 421 1930 ταῖν,
438 1860 538 1928 λίθτον
559 1855 614 1919 καί
631 1858 806 1939 μαρμάρου
828 1855 1009 1940 βαρυτάτης
1022 1856 1135 1935 σκευῆς
1152 1856 1207 1916 καί
1217 1852 1324 1913 duat·
1335 1862 1365 1915 15

227 1962 308 2046 λαγῆ
328 1961 391 2022 τῶν
413 1958 557 2021 α’πλέτοον
579 1955 743 2039 θορύβων,
768 1955 864 2030 αὐτὸς
883 1958 976 2020 ου’δὲν
998 1953 1139 2021 τοιοῦτόν
1161 1976 1234 2017 ποτε
1256 1952 1324 2014 διε-

226 2058 382 2141 πράξατο,
406 2056 481 2121 ου’έέ
503 2060 557 2140 τῆς
578 2057 670 2130 θείας
694 2061 920 2139 μυσταγωγίιις
940 2054 996 2140 τῆν
1025 2058 1142 2121 οἰκείαν
1174 2052 1323 2116 α’νοίπαυ-

226 2183 277 2225 σιν
299 2160 352 2222 καί
371 2156 499 2242 τρυφῆν
519 2161 738 2242 προετίμησεν,
760 2158 829 2221 αλλ’
850 2156 910 2233 ἕως
933 2164 1042 2234 τέλους
1063 2160 1116 2241 τῆς
1138 2153 1227 2237 ἱεροῖς
1257 2159 1325 2216 λει-

174 2343 176 2346 ·
207 2265 374 2344 τσυργίας
394 2258 537 2341 εὐπαγῆς
560 2260 698 2335 ἵστατο,
730 2261 795 2346 θεῷ
817 2262 1022 2341 προσανέχειν
1045 2248 1164 2337 ὄμματι
1186 2254 1323 2332 οἶκλινεῖ,

225 2362 281 2425 ιιοί
300 2360 354 2425 τὸν
376 2362 497 2425 ἐκείνου
518 2358 776 2441 α’πομιμοιίμενος
801 2356 897 2443 ἔλεον,
917 2364 952 2424 έν
974 2351 1020 2433 οἷς
1043 2356 1082 2421 τὰ
1104 2359 1183 2441 γέρα
1199 2358 1252 2419 καί
1264 2351 1366 2429 τάςλθ

224 2459 319 2543 τιμὰς
343 2460 488 2545 έφῆπλσυ
512 2463 591 2525 ποῖσι
614 2470 679 2537 τοῖς
701 2465 818 2537 πιστῶς
839 2457 1098 2544 προσεδρεύουσι.

328 2567 476 2640 Τοιοῦτος
496 2560 558 2645 γοὶρ
579 2556 636 2647 ῆν,
667 2563 897 2645 εὐσεβέστατος
926 2562 982 2627 καί
1007 2560 1193 2637 πιστότατος
1224 2560 1322 2625 arito-
1388 2642 1391 2651 Ι

225 2661 349 2748 ιιροῖτοορ
373 2666 428 2728 καί
446 2665 490 2750 roi
512 2658 577 2728 ὄντι
601 2661 830 2749 φιλόχριστσς,
866 2660 1044 2749 πραότατός
1065 2666 1122 2745 re,
1155 2660 1241 2746 εἴπερ
1272 2686 1321 2737 τις

225 2812 228 2819 ¹
298 2836 340 2891 12.
359 2806 499 2909 βασιλέως
519 2836 564 2937 9.-

226 3002 306 3073 gebat
323 3004 453 3055 animum:
476 3001 604 3055 subiectio
621 3010 709 3054 antem
728 3002 859 3055 beneficia
879 3010 906 3053 et
922 3002 991 3054 dona
1010 3010 1037 3055 et
1050 3001 1166 3056 honoret
1184 3002 1260 3057 fluvii
1278 3005 1324 3057 in.

226 3084 280 3128 star
300 3074 464 3126 effundebat:
486 3074 581 3126 deinde
591 3074 669 3125 etiam
684 3074 806 3125 meridiei
819 3074 970 3125 initiatione
983 3075 1096 3140 mystica
1106 3076 1165 3128 aive
1174 3076 1323 3127 ministerio

226 3147 318 3198 divino
342 3146 490 3212 incipiente
517 3146 605 3196 atatim
630 3152 769 3213 postquam
796 3148 924 3197 matutina
956 3145 1077 3197 absoluta
1102 3155 1141 3199 eat
1166 3146 1323 3210 celebratio,

226 3232 280 3269 non
299 3232 328 3270 se
346 3216 512 3279 removebat,
532 3216 671 3289 quominus
692 3218 742 3268 deo
762 3217 882 3282 adesset,
911 3217 996 3268 donec
1016 3218 1094 3268 etiam
1116 3218 1182 3269 baec
1201 3217 1324 3270 absoluta

227 3295 317 3340 errent
343 3288 451 3338 omnino
472 3304 487 3337 a
505 3281 689 3339 sacerdotibus
707 3289 770 3354 pie:
794 3303 882 3355 neque
910 3288 1022 3339 solam
1015 3303 1043 3339 ιιι
1061 3290 1137 3356 regia
1154 3288 1215 3341 taiis
1234 3290 1324 3341 cultus
1430 3326 1431 3341 ι

227 3359 259 3411 ab
288 3372 320 3410 eo
345 3357 475 3426 agebatur
502 3359 648 3410 sedetiam
675 3360 703 3409 in
722 3358 838 3441 pnblicie
867 3360 941 3410 festis
970 3367 997 3409 et
1015 3362 1140 3426 ροιτιρὶει
1166 3361 1270 3429 quando
1290 3359 1325 3412 ad

225 3445 348 3499 magnam
373 3430 461 3480 fenum
490 3438 597 3481 sanctae
625 3430 668 3481 dei
693 3431 842 3496 capientiae
871 3429 1015 3481 accedebat
1040 3446 1098 3482 cum
1116 3430 1276 3485 satellitibus
1296 3439 1326 3482 et

225 3502 313 3571 gioria
332 3500 437 3552 coelum
450 3509 626 3568 assequente,
648 3508 698 3551 ant
716 3501 748 3552 ad
768 3501 950 3568 apostoloram
974 3517 1096 3570 magnum
1125 3502 1251 3570 tempium
1276 3501 1325 3556 rel

225 3573 298 3626 atiud
317 3580 496 3624 externorum.
540 3587 599 3623 cum
619 3573 688 3622 enim
709 3573 813 3638 priores
841 3588 920 3640 reges
940 3581 1000 3639 post
1019 3573 1103 3626 divini
1123 3574 1259 3643 evangelii
1278 3574 1324 3625 le-

226 3646 342 3697 ctionem
359 3644 519 3695 recederent
537 3644 600 3695 inde
619 3644 739 3695 studiose
751 3644 783 3694 ad
801 3644 970 3695 reficiendam
990 3643 1213 3712 defatigationem·
1228 3654 1255 3697 et
1273 3646 1325 3699 de-

224 3716 375 3783 ponendum
393 3714 509 3781 lepidam
536 3724 562 3766 et
591 3717 719 3766 unionum
740 3717 924 3782 gravissimum
953 3725 1105 3781 apparatum
1126 3726 1152 3770 et
1170 3717 1325 3770 liberandos
1368 3738 1373 3745 ·

224 3801 255 3839 ee
275 3786 332 3837 ab'
325 3800 453 3837 immensa
470 3786 565 3851 turba,
584 3788 643 3854 ipre
663 3786 731 3837 nibil
754 3787 808 3839 tale
828 3786 941 3854 unquam
965 3788 1096 3853 perfecit,
1117 3804 1205 3858 neque
1218 3790 1325 3842 divinia

223 3857 359 3923 mysteriis
381 3872 453 3909 ruam
477 3859 625 3926 requietem
646 3866 673 3909 et
688 3858 828 3910 mollitiem
857 3857 998 3924 praetulit.
1026 3860 1072 3911 red
1092 3875 1175 3929 usqne
1193 3861 1227 3913 ad
1245 3862 1325 3914 finem

225 3929 294 3981 sacri
320 3929 462 3979 ministerii
489 3929 577 3980 iirmur
603 3928 737 3992 adstabat,
756 3928 806 3979 deo
836 3930 953 3981 intentas
972 3930 1051 3981 oculo
1076 3932 1183 4011 immoto
1205 3940 1232 3983 et
1249 3931 1325 3985 iliius

224 4001 330 4050 imitans
347 3999 564 4051 mirericordiam.

323 4096 397 4147 Inter
426 4110 494 4163 quae
519 4097 636 4163 insignia
661 4105 687 4148 et
706 4097 823 4151 honores
854 4099 949 4151 edebat
967 4100 1088 4153 omnibus
1107 4101 1159 4153 fida
1178 4101 1327 4155 arridenti.

225 4164 290 4221 bue:
309 4166 372 4220 talia
392 4168 462 4218 enim
481 4175 539 4218 erat
556 4168 689 4235 piiaeimna
705 4176 732 4219 et
743 4168 885 4225 fidissimus
895 4170 1060 4238 imperatore
1076 4180 1103 4225 et
1119 4188 1227 4241 revere,
1241 4172 1327 4229 chri.
