2875 4734
588 184 796 260 aaroni,
843 272 848 281 ,
911 209 915 215 -
1171 187 1244 263 νει

145 348 210 411 τάν
241 345 379 431 Μιχαῆλ
402 349 496 413 τοῦτο
524 352 707 435 πεποίηκεν·
760 350 828 416 ἀλλ’
874 352 1116 434 increpasse
1147 356 1181 419 ε’ν
1207 356 1247 440 τῇ

146 442 292 536 ἐκκλησίηι
313 450 354 509 ου’
374 444 472 529 μόνον
493 450 703 536 εάχαριστίαν
725 449 782 515 οόκ
803 442 952 535 ἤνεγκεν,
973 449 1054 514 ἀλλὰ
1079 458 1134 517 καί
1153 447 1247 537 όβριν

146 548 232 637 αάτρλ
253 546 333 635 πρός
352 548 478 615 πάντων
499 550 554 615 καί
574 549 807 635 ἀναισχύντους
831 549 940 638 φωνάς
953 555 1157 639 ,προεξένησε
1193 556 1249 619 καί

146 644 357 735 όΒρυίννιος
389 653 425 716 dd
444 656 589 718 ’τοιαῦτα
625 651 724 716 πολλοὶ
762 655 985 734 διεπέμψατο·
1039 655 1108 717 ἀλλ’
1140 656 1247 731 ου’δείς

116 755 320 836 5προσέσχεν
340 753 474 835 latitate,
504 755 608 819 καίτοι
645 758 701 839 τῆς
731 754 849 844 πόλεως
878 757 981 837 ἀγχοῦ
1011 757 1245 836 καθισταμένου

145 850 245 917 αότοό
266 850 299 917 όν
319 853 421 936 ι’σχόι,
444 852 499 920 καί
521 857 699 936 δυναμένου
722 862 786 930 τοῖς
809 850 899 920 ἔνδον
914 859 1165 939 ποραβοηδῆσαι
1186 879 1247 919 τα-

88 981 97 1012 ι
143 955 250 1037 χόας,
282 956 313 1019 εἰ
336 953 413 1037 πρὸς
437 950 536 1021 αότόν
559 956 762 1041 ἀποκλίνοιεν.
821 947 900 1021 ὅπου
924 958 959 1023 δὲ
981 955 1014 1022 τό
1041 963 1129 1021 θεῖον
1151 978 1248 1021 συνε-

145 1057 305 1119 πινόνευκε
327 1055 382 1120 διό
406 1054 464 1140 την
486 1058 601 1121 τοότου
621 1056 738 1140 ἀρετὴν
760 1060 817 1123 καί
842 1059 1050 1143 χρηστότητα,
1072 1054 1173 1123 ἐκεῖσε
1195 1054 1249 1121 καὶ
1329 1099 1332 1105 ‚

146 1153 166 1237 ἦ
189 1158 250 1221 τάν
272 1154 452 1240 ἀνθρώπων
475 1156 558 1241 όρμῆ
583 1160 637 1223 καί
657 1162 787 1242 δίλησις
808 1163 957 1244 βέβηκεν,
979 1159 1133 1233 ἀπλανεῖς
1155 1158 1248 1241 ἓχόν.

100 1271 210 1332 wrcen
237 1252 311 1332 τοός
334 1259 543 1345 χαρακτῆρας
574 1261 631 1343 τῆς
650 1262 705 1324 τοῦ
736 1258 854 1346 ἀνδρός
874 1258 1002 1348 φόσειός
1025 1286 1057 1325 τε
1086 1264 1142 1327 καί
1164 1259 1249 1348 πρό-

146 1362 233 1433 ξενε.
1178 1428 1181 1437 ,

125 1470 128 1473 ’
244 1460 335 1543 Πρός
357 1463 457 1525 ταῦτα
480 1463 595 1545 συνῆκε
616 1465 675 1541 μὲν
706 1462 879 1547 όζκρατιόν
904 1462 1071 1545 σι’δαμῶς,
1096 1462 1173 1526 οόδὲ
1193 1461 1250 1537 τός

148 1564 418 1646 παραδοξοπσιίας
439 1556 560 1639 ταότας
582 1564 629 1638 εἰς
649 1566 725 1626 νοῦν
747 1560 913 1646 ἀνήνεγκεν
945 1562 1172 1647 ἰσχυρότερον,
1195 1563 1249 1627 καί

146 1663 238 1725 θείαν
262 1657 371 1745 όμφην
395 1654 416 1743 η’
439 1666 542 1747 κρίσιν
565 1665 629 1726 τάν
662 1656 745 1726 odra
768 1664 1007 1753 συντρεχόντων
1030 1659 1171 1747 ἡγήσατο
1192 1660 1249 1747 την

101 1771 135 1823 15
145 1764 326 1845 ε’πίρροιαν·
369 1760 449 1824 ἀλλά
471 1760 563 1841 μόων
585 1760 705 1825 ἀσανεί
723 1760 797 1839 τούς
818 1767 872 1847 τῆς
892 1766 1033 1837 διανοίας
1058 1762 1250 1848 όφθαλμοός

57 1895 59 1898 ·
145 1860 336 1944 ίταμυότερός
358 1886 424 1936 ποις
446 1864 566 1944 ἐγίνετο
588 1866 643 1926 καί
658 1860 805 1939 ἀντίξους
828 1871 897 1939 τοῖς
928 1868 1104 1948 πράγμασι,
1127 1867 1250 1953 μᾶλλον

142 1965 183 2034 ,δὲ
203 1970 273 2039 ταῖς
303 1965 338 2025 ἐκ
364 1964 423 2027 τοῦ
457 1965 549 2028 θείου
582 1965 793 2043 συμβολικαίς
816 1964 996 2045 ἐπιδείξεσι.
1049 1968 1104 2029 καί
1125 1960 1164 2029 τό
1188 1966 1248 2043 μὲν

146 2057 225 2128 ἀλλα
249 2057 311 2128 doe
338 2067 558 2146 μειρακιωδῶς
590 2066 807 2147 διεσκέπτετο,
845 2068 1071 2149 συντρέχοντος
1105 2068 1138 2129 όν
1170 2066 1249 2130 πᾶσι

146 2160 332 2250 Νικηφόρον
352 2155 412 2228 τοό
430 2168 600 2247 λυγυδέτου
624 2167 680 2229 τοῦ
710 2166 857 2249 δρόμου,
879 2162 1145 2250 μηχανορράφοις
1165 2164 1248 2229 τισίν

100 2258 167 2347 tbi*
188 2262 397 2349 ἀστρονόμοις
412 2265 467 2330 καί
489 2269 656 2350 διοσημίαις
676 2264 764 2340 τινός
786 2268 1065 2348 ἐπαγγελλομένοις
1090 2265 1144 2329 καί
1167 2268 1249 2352 ἀφι-

146 2365 315 2448 δρομάτιυν
335 2365 556 2453 ’προρρήσεσιν
578 2370 612 2431 όκ
643 2368 777 2430 τελετσόν
807 2368 1013 2452 προσανόχων
1035 2364 1089 2430 καί
1110 2365 1248 2451 δημοκό-

144 2488 215 2540 ποις
234 2459 256 2549 ἢ
276 2469 502 2549 δεισιδαίμοσι,
524 2471 625 2551 λέγειν
648 2470 705 2533 νῦν
719 2463 866 2550 περιττόν
887 2465 943 2531 καί
963 2456 1095 2552 όκαιρον
1117 2457 1267 2552 ἥγημαι(
1305 2454 1313 2469 ’

52 2576 55 2580 ’
145 2561 207 2631 όσα
232 2568 260 2630 δ’
284 2570 318 2631 εἰι
340 2570 398 2633 τοῦ
421 2570 601 2656 προφανοῦς
632 2567 797 2654 ότυράννει
829 2565 885 2633 καί
915 2567 1092 2654 βιαιότερον
1124 2562 1146 2651 ἢ
1168 2569 1246 2635 κατό

148 2888 204 2926 noa
225 2882 281 2927 est:
311 2880 486 2937 praevertens
514 2876 583 2925 enim
602 2876 753 2941 imperator.
766 2872 881 2924 Michael
906 2872 958 2922 hoc
980 2873 1059 2925 lecit:
1082 2875 1130 2924 sed
1146 2890 1248 2935 ranan,

148 2946 231 2997 tiatae
250 2946 279 2994 in
296 2952 430 2995 conventu
447 2961 502 2998 non
520 2945 606 2998 selum
626 2953 729 3012 gratum
749 2944 863 2992 animum
882 2956 936 2992 non
958 2942 1086 3007 tulerunt,
1105 2944 1152 2995 sed
1171 2946 1250 2995 etiam

148 3016 291 3067 ludibrium
316 3016 341 3065 ci
370 3015 403 3068 ab
434 3017 555 3068 omnibus
581 3023 608 3065 et
634 3014 802 3078 impudentes
828 3026 910 3062 voces
937 3012 1123 3064 conciliarunt.
1171 3022 1250 3081 atque

148 3088 300 3153 Bryennius
326 3088 394 3139 tales
422 3087 518 3138 multas
546 3086 632 3135 misitz
666 3082 714 3134 sed
739 3097 817 3133 nemo
851 3098 939 3151 earum
966 3085 1096 3134 rationem
1126 3084 1249 3149 babebat,

149 3174 307 3227 quamquam
334 3172 420 3223 prope
446 3155 537 3205 urbem
567 3153 652 3206 stabat
671 3152 775 3204 validus
797 3161 823 3204 et
840 3161 946 3220 poterat
971 3155 1003 3205 iis
1022 3155 1067 3223 qui
1086 3156 1156 3207 intus
1177 3164 1252 3208 erant

149 3231 250 3281 auxilio
272 3228 366 3281 venire
387 3226 523 3288 celeriter,
543 3226 565 3276 si
584 3226 617 3276 ad
639 3240 698 3275 eum
716 3222 898 3276 deflecterent.
919 3225 965 3275 ubi
982 3235 1070 3277 autem
1088 3242 1185 3278 numen
1207 3228 1251 3279 di.

148 3303 240 3352 vinum
258 3299 350 3350 adnuit
375 3304 486 3363 propter
503 3295 581 3347 buius
600 3298 726 3347 virtutem
754 3302 780 3346 et
800 3295 957 3360 utilitatem,
976 3297 1042 3348 illuc
1063 3299 1141 3350 etiam
1161 3298 1250 3351 hemi.

147 3387 210 3422 num
228 3373 343 3436 impetus
363 3376 390 3419 et
408 3365 531 3419 voluntas
556 3365 622 3417 abiit
639 3367 727 3418 firmas
752 3367 905 3418 habentium
924 3370 1048 3421 notiones
1066 3379 1178 3421 naturae
1197 3362 1250 3423 uiri

149 3451 176 3493 et
193 3441 316 3493 actionis.

248 3535 320 3585 llaec
340 3535 424 3602 igitur
442 3536 628 3587 animadvertit
646 3538 791 3604 imperator
818 3552 984 3604 nequaquam
1003 3551 1092 3602 neque
1110 3535 1177 3586 haec
1195 3539 1248 3587 mi..

149 3605 241 3660 racula
260 3608 292 3657 ad
313 3614 428 3657 mentem
456 3606 549 3657 retulit
574 3606 716 3658 firmiorem
747 3622 835 3673 neque
854 3608 970 3659 divinam
995 3621 1090 3659 vocem
1111 3606 1156 3657 vel
1176 3609 1248 3659 iudi.

151 3682 220 3732 cium
240 3692 344 3742 eorum,
372 3692 439 3745 quae
461 3679 499 3728 ita
527 3679 732 3743 conveniebant,
750 3680 854 3744 putavit
880 3676 1015 3739 effluxum,
1037 3677 1083 3729 sed
1101 3693 1249 3731 muscarum

149 3754 234 3802 instar
250 3752 346 3801 mentis
372 3747 456 3800 oculis
475 3750 559 3817 magis
579 3750 746 3801 inconsultus
774 3749 855 3800 fiebat
881 3756 907 3799 et
927 3750 1065 3814 oppositus
1083 3748 1171 3815 rebus,
1191 3766 1250 3801 ma.

149 3824 246 3889 gisque
271 3822 386 3873 numinis
412 3821 495 3872 diuini
526 3820 681 3885 symbolicis
699 3821 792 3890 signis.
837 3827 917 3885 atque
940 3828 1030 3871 cetera
1049 3820 1163 3887 quidem,
1183 3836 1251 3888 quae

148 3892 307 3945 iuveniliter
328 3891 462 3959 cogitabat
482 3900 659 3959 concurrente
676 3892 703 3941 in
726 3889 846 3942 omnibus
864 3890 1016 3957 Nicephoro
1037 3891 1175 3958 logotheta
1194 3899 1251 3943 sta.

149 3966 202 4029 dii,
222 3980 280 4015 cum
299 3963 487 4029 impostoribus
506 3971 533 4013 et
550 3964 708 4016 astronomis
731 3970 757 4012 et
778 3962 812 4012 iis
836 3962 880 4029 qui
899 3962 975 4030 signa
995 3962 1124 4013 coelestia
1142 3964 1251 4013 nuntia.

149 4046 210 4089 rent
228 4045 255 4087 et
273 4037 408 4103 signorum
429 4034 656 4100 praedictionibus
683 4033 828 4085 secundum
846 4033 1023 4086 initiationem
1043 4048 1072 4085 se
1098 4034 1252 4085 adverteret

152 4115 180 4159 et
196 4106 370 4176 popularibus
389 4105 569 4161 adulatoribus
588 4114 634 4158 aut
652 4106 860 4175 superstitiosis,
881 4121 1006 4158 enarrare
1025 4120 1096 4157 nunc
1116 4097 1250 4171 superva-

239 4204 322 4259 nat.
342 4202 425 4259 εισι.
444 4204 511 4257 σοι.
1034 4201 1065 4271 1⁷.
