2875 4734
562 181 575 208 t

564 324 770 390 fltstoutl.
1145 315 1216 390 111
1313 379 1319 385 .

117 489 219 553 σιίναι
243 483 473 567 κατεσχηκότος
500 487 555 568 τῆς
579 481 778 567 οίκροπάλευς
804 484 947 568 (Πέτρος
981 480 998 568 ἦ
1023 481 1217 566 προσηγορία

116 589 240 653 τουτοολΙ
256 589 299 674 τῷ
319 586 422 670 άνδρί,
446 585 481 649 τά
507 589 634 670 ἐπίκλην
650 586 831 666 Λιβελλίος,
856 588 893 672 τῇ
912 587 947 649 δὲ
963 586 1024 648 τῶν
1036 586 1218 666 μαγίστριιν

117 690 190 776 α’ξίφ
213 689 257 774 τῷ
276 685 347 752 τότε
368 689 603 770 τετιμημένος),
626 679 727 760 οὕτως
749 688 804 768 τῆς
824 692 1006 769 πολιορκίας
1030 684 1218 766 άπδοχοντο,

117 789 243 870 ἐπείπερ
265 787 323 852 καί
343 788 376 852 ἐκ
399 788 542 869 παρόδου
567 787 684 862 πολλάς
715 786 838 866 πόλεις,
860 782 898 860 dr
919 790 979 866 μὲν
999 789 1155 868 βραχείας
1178 779 1218 858 άς

91 891 153 950 ὁδί
175 891 230 952 καί
248 889 396 968 μείζους,
417 888 451 950 εἰι
474 891 612 967 πολέμου
631 889 686 950 καί
705 888 779 967 βίας
800 884 996 969 οἷνὴρπασαν.

221 986 263 1051 Τά
289 989 318 1050 δ’
344 990 493 1051 ἐντεῦθεν
517 981 633 1070 σῖγιδνες
655 985 810 1051 δπλιτινοί
828 984 864 1050 τά
885 984 1054 1068 βασιλικόν
1077 985 1238 1069 στρατδ-’

116 1090 212 1152 πεδον
233 1089 391 1164 ἐδέξαντο.
416 1083 431 1149 ὃ
456 1088 516 1171 γάρ
542 1087 670 1170 α’μηράς
692 1089 750 1152 τοῦ
762 1086 876 1152 Χάλεπ
899 1082 1045 1165 συνάψας
1065 1091 1218 1159 τοϊςιλοι-

116 1197 187 1262 ποῑς
213 1175 275 1252 τῶν
306 1188 482 1271 Ἀραβιτῶν
514 1187 573 1253 σάν
609 1189 651 1272 τῷ
678 1189 838 1274 Ου’ννικρῖ,
869 1185 924 1250 καί
953 1184 1090 1264 δύναμιν
1114 1180 1218 1268 ἁδράν

115 1290 340 1371 ποιησάμενος,
363 1291 407 1363 είς
430 1298 542 1370 χεῖρας
563 1291 668 1351 ἐλθεῖν
683 1291 727 1372 τρῖ
745 1291 877 1366 βασιλεῖ
896 1291 950 1349 κατ’
964 1285 1126 1368 μάχεσθαι
1147 1287 1217 1348 διε-
1325 1367 1328 1372 ¹

71 1391 272 1464 1ooua'rtaero.
318 1393 376 1452 τοῦ
407 1391 442 1453 δὲ
474 1394 629 1468 βασιλέως
662 1385 752 1451 ἔνδον
780 1381 865 1462 ὄντος
899 1391 953 1470 τῆς
977 1389 1217 1468 προαλτοθείσης

108 1489 315 1572 Ἱεραπόλεας
347 1495 401 1555 καί
432 1492 712 1573 πυργομαχοῦντος
745 1490 779 1551 ἐν
807 1492 915 1572 με’ρει,
949 1484 1031 1552 καθά
1066 1487 1217 1566 λείψανον

113 1587 319 1653 ὑπολέλειπτο
342 1595 397 1672 τῆς
416 1593 676 1674 πυργοκριιτείοις,
698 1586 888 1671 παρατάξεις
910 1571 1145 1674 άφιυρίσθησαν
1160 1591 1217 1653 δάο

114 1686 171 1752 τάν
189 1688 309 1769 μεταξδ
333 1684 506 1755 τάποντοά
520 1713 554 1752 τε
570 1687 706 1770 κάστρου
727 1691 780 1752 καί
799 1691 852 1770 τῆς
873 1689 1076 1770 παρεμβολῆς
1098 1690 1133 1752 δν
1155 1692 1217 1753 τοδν

113 1789 262 1853 ἐναντίων
290 1791 553 1872 διατειχίζουσαι.
601 1791 803 1874 διεφαίνοντο
827 1789 990 1871 ράρτινες
1023 1790 1085 1852 τάν
1104 1793 1217 1873 Σαρα-

67 1889 214 1972 15κηνῶν
234 1888 312 1954 κατά
335 1888 368 1953 τά
391 1891 501 1954 πεδίον
523 1894 557 1953 ἐκ
583 1890 795 1970 διαστήματος
818 1885 1038 1968 ἱππαζόμενοι.
1064 1891 1128 1953 εἰσί
1151 1888 1214 1973 γάρ

110 1985 188 2068 περί
203 1985 260 2071 τὴν
273 1984 449 2070 Ἱεράπολιν
467 1986 630 2070 ἱππηλάτα
650 1989 745 2052 πεδία
767 1985 846 2069 πράς
866 1991 964 2071 μῆκος
977 1983 1215 2069 ε’πεκτεινάμενα

109 2091 268 2172 μέγιστον,
291 2090 347 2153 καί
366 2090 445 2174 πλὴν
466 2092 615 2175 γηλόφων
636 2089 731 2154 ου’δίν
746 2092 814 2152 ἐστι
838 2087 872 2152 ad
896 2085 1148 2173 δπερανεστηκὸς
1170 2089 1215 2164 είς

112 2181 188 2270 ὅρος
208 2192 290 2270 μέγα
311 2189 366 2254 καί
385 2188 464 2272 πρὸς
485 2193 566 2273 ἰίίρα
588 2186 834 2269 διατεινόμενον.
877 2189 1045 2270 καυσώδης
1065 2190 1100 2253 δὲ
1123 2184 1138 2249 δ
1160 2187 1216 2252 τά-

105 2311 170 2362 ·πος
191 2290 275 2353 ἐστίν
296 2286 339 2365 οδς
360 2285 400 2354 άν
423 2295 480 2354 τοδ
504 2291 596 2374 ἡλίου
621 2286 815 2372 θερμότερον
843 2286 1216 2372 ἐκεῖοεπροσβάλλοντος

66 2405 102 2458 20
113 2386 168 2452 διὰ
194 2388 229 2453 το“
252 2392 479 2476 μεσημβρινὸν.
526 2391 600 2474 περί
631 2392 665 2454 δὲ
687 2388 726 2454 τά
749 2385 883 2473 ἑσπέρια
908 2390 969 2452 τοῦ
987 2391 1126 2473 κάστρου
1149 2396 1217 2452 λει-

110 2490 216 2569 μῶνες
250 2488 429 2576 πεφύκασιν
461 2491 670 2574 δδροιγωγίοις
702 2490 910 2574 κατάρρυτοι·
952 2487 1089 2572 χλιαρὸν
1114 2491 1150 2554 δὲ
1178 2489 1235 2556 τά

111 2583 201 2672 ὕδωρ
231 2590 314 2670 ἐστί,
345 2593 586 2673 μεταλαμβάνον
610 2595 733 2665 πάντας
756 2595 809 2675 τῆς
838 2588 951 2654 ἑκτοῦ
970 2591 1064 2674 ιίίρος
1085 2596 1140 2656 καί
1158 2595 1214 2676 τῆς

110 2684 460 2774 γεώδουςιφλεγμονῆς
493 2687 675 2766 ἐπιτάσειος.
724 2690 792 2756 τότε
823 2696 882 2772 μὲν
913 2683 1075 2757 οὖνκατὰ
1100 2690 1214 2777 μικρὸν

168 2856 227 2928 tt.
248 2875 449 2945 διατειχίζουοι
469 2865 498 2930 C.
518 2886 636 2945 praestat
655 2879 862 2952 διατειχιοιίσαι
880 2882 926 2955 vel
948 2881 1141 2949 διατειχίζειν.

111 3053 194 3097 nente
213 3048 282 3098 arcio
302 3046 410 3116 (Petrus
429 3064 526 3103 nomon
546 3051 607 3102 huic
626 3052 865 3117 viro‚=cognomen
884 3050 1031 3112 Iubellius,
1052 3057 1214 3102 enatantem

111 3118 300 3184 magistrorum
328 3121 457 3189 dignitate
484 3130 537 3171 tum
558 3122 716 3189 honoratus)
745 3123 783 3170 sic
803 3122 1003 3186 oppugnatione
1021 3121 1214 3186 abstinuerunt,

112 3188 325 3256 quandoquidem
354 3193 433 3247 otiam
456 3190 651 3255 praetereundo
671 3189 766 3242 multas
791 3190 871 3241 urbes
891 3198 919 3242 et
940 3206 1036 3257 parvas
1055 3199 1082 3242 et
1100 3193 1214 3245 maiores

2 3277 7 3300 ι
112 3257 188 3310 bello
209 3268 236 3310 et
255 3263 281 3311 vi
301 3269 454 3329 rapuerunt.
1209 3273 1215 3286 ·

142 3401 144 3407 ,
213 3347 315 3401 Exinde
341 3347 485 3398 certamina
517 3349 608 3416 gravis
632 3358 780 3401 arinaturao
799 3352 902 3419 regium
922 3353 1068 3405 exercitum
1096 3367 1215 3420 excepe.

111 3424 184 3470 runt.
222 3435 324 3471 amenas
345 3419 415 3470 enirn
436 3418 548 3487 Chalopi
568 3434 728 3487 congressus
748 3421 866 3490 reliquia
879 3425 996 3476 Arabitis
1015 3438 1073 3474 cnm
1093 3423 1214 3476 llunuioa

110 3504 192 3540 manu
212 3498 237 3540 ot
257 3493 311 3541 vim
331 3489 437 3555 plenam
463 3505 633 3558 comparant,
660 3492 692 3544 ad
720 3509 811 3546 manue
836 3496 931 3547 venire
957 3497 1016 3562 regi
1042 3501 1069 3544 ot
1094 3509 1239 3561 pugnare.

110 3559 255 3613 statuebat.
293 3575 358 3628 rege
376 3566 463 3612 autem
478 3571 602 3614 versante
620 3563 648 3614 in
662 3561 800 3632 Hierapoli
819 3574 898 3617 antea
912 3574 988 3632 capta
1007 3573 1034 3615 et
1052 3565 1143 3615 turrim
1162 3579 1213 3632 ag.

109 3631 254 3700 gradiente
273 3631 300 3680 in
320 3639 394 3698 parte
413 3632 457 3684 ubi
477 3633 600 3685 relictum
620 3643 677 3686 erat
700 3636 801 3704 aliquid
820 3639 930 3689 turrium
950 3635 1145 3698 dominationis,
1166 3651 1213 3686 or-

108 3703 189 3755 dines
209 3702 417 3755 secernebantur
445 3706 520 3770 dno,
543 3705 647 3769 locum,
674 3710 719 3773 qui
740 3709 810 3759 inter
838 3707 978 3760 castellum
998 3714 1024 3755 et
1042 3713 1128 3757 cantra
1147 3717 1213 3772 orat,

108 3774 145 3826 ab
165 3771 284 3824 hostibus
302 3784 483 3828 secernentes.
521 3777 683 3843 apparebant
704 3781 782 3843 enim,
793 3778 915 3830 nonnulli
931 3777 1058 3829 Saraceni
1073 3779 1100 3828 in
1120 3795 1213 3847 campo

4 3887 7 3904 ‚
112 3862 127 3894 ο
148 3844 233 3910 spatio
253 3846 412 3913 equitantes.
450 3857 511 3901 sunt
531 3851 600 3901 anim
621 3853 692 3903 cirea
711 3849 868 3917 llierapolin
889 3851 973 3915 campi
992 3851 1024 3901 ad
1045 3849 1213 3916 equitandum

112 3916 168 3982 apti
188 3915 232 3982 qui
258 3917 284 3968 in
305 3916 498 3985 longitudinem
516 3922 693 3974 extenduntur
712 3922 866 3984 maximam,
894 3930 921 3972 et
938 3929 1045 3988 praetor
1064 3922 1149 3974 colles
1167 3923 1212 3972 ui.

114 3986 152 4036 hil
173 3993 214 4037 eat
232 3989 302 4053 quod
321 4000 442 4057 assurgat
460 3993 493 4043 ad
512 4002 627 4044 montem
648 4007 771 4060 magnum
791 3994 862 4043 etin
881 3997 942 4044 atra
962 3994 1128 4046 extendatur.
1166 4006 1212 4043 ar-

114 4057 285 4122 densiores,
307 4075 365 4110 cum
383 4060 423 4111 sol
449 4063 551 4117 calidus
569 4064 606 4115 ibi
632 4066 732 4116 incidat
756 4074 865 4132 propter
888 4066 1034 4117 meridiem.
1072 4065 1143 4114 cirea
1162 4077 1212 4113 ⁰⁰-

115 4127 273 4210 cidontalom
300 4140 386 4184 autom
414 4142 514 4198 partem
542 4137 646 4187 castelli
673 4144 749 4204 prata
774 4145 835 4189 aunt
861 4138 1068 4205 aquaeductibus
1093 4135 1212 4201 irrigata,

114 4199 205 4268 tepida
224 4210 309 4254 autem
331 4210 371 4255 eat
389 4217 465 4271 aqua,
485 4207 618 4276 particeps
637 4210 746 4260 omnino
771 4211 943 4272 accersionis,
963 4222 1031 4277 quae
1051 4221 1084 4258 ex
1104 4210 1167 4258 atra
1186 4214 1213 4259 et
