2875 4734
232 248 307 319 288
518 240 738 317 unanimis
770 239 1029 317 ammonia

231 406 360 497 ὅτιπερ
384 405 532 482 δουκικᾶς
561 406 665 493 δρχοὶς
693 407 830 491 ἑχόντων
860 412 924 474 τῶν
952 407 1176 474 Βοτανειστῶν
1208 405 1267 471 κείν
1297 408 1338 494 τή

231 507 322 577 odires
342 514 396 576 καί
419 506 596 593 διαβοήτων
618 503 716 575 ὄντων
735 514 810 595 περί
829 505 867 574 τιί
887 512 1052 593 κροίτιστα,
1076 504 1104 571 οἱ
1125 506 1240 571 τούτου
1255 506 1336 589 πρό-

233 635 308 696 γονα
329 613 405 675 odet
434 614 633 693 παραστῆναι
652 610 776 687 τούτοις
807 609 962 694 ἠδύναντο
986 610 1041 672 καί
1058 606 1145 685 τάξιν
1166 608 1335 690 πληρῶσαι

236 712 422 796 ὑπηρετῶν,
453 712 587 797 οίφανεῖς
619 701 704 785 ὅντες
736 712 790 775 καί
819 713 903 794 μηδὲ
937 717 1001 783 τοῖς
1023 708 1253 791 ειίτελεστίροις
1272 710 1336 772 τῶν

233 796 424 893 α’ξιωμοίτοον
446 810 637 898 ε’κτοὶγματι
660 813 876 898 στρατιωτικῷ
906 808 1168 889 συνταττόμενοι,
1192 802 1361 879 οὐδ”δτισ

149 910 151 913 ⁴
232 917 266 979 ἐκ
289 916 344 997 τῆς
368 906 449 989 ἓῶας
471 913 664 997 εὐπατρίδης
687 913 704 974 c‘
726 908 878 994 βασιλεῦς
899 914 1052 997 πέφυκεν,
1073 902 1168 983 αὖτδς
1191 911 1218 972 δ’
1237 905 1334 975 ἑσπέ-

232 1014 376 1100 ριοςκαί
395 1008 545 1097 δυσγενής
567 1015 632 1079 οότι
657 1011 735 1078 κατὰ
759 1010 944 1098 σύγκρισιν·
999 1014 1054 1077 καί
1075 1007 1128 1074 διδ
1152 1012 1247 1074 τοῦτο
1269 1034 1332 1075 κοι.

234 1120 296 1193 νῶς
318 1110 417 1183 αὐτόν
442 1112 659 1198 ἀπεκήρυττον
682 1108 830 1195 ἅπαντας,
857 1118 912 1179 καί
933 1108 1014 1203 ὅρκῳ
1038 1111 1333 1199 πληροφορήσαντες

232 1222 347 1302 μέχρις
369 1216 502 1296 αἵματος
521 1213 786 1299 ίδιοιγοινιίνασδαι
814 1221 882 1281 κατ’
904 1215 1005 1280 αιίτοῦ
1027 1211 1064 1279 τοὶ
1090 1207 1205 1299 εὔορκα
1227 1218 1335 1299 ψηφί-

233 1322 356 1383 σασθαι
378 1318 421 1404 τιή
446 1316 622 1405 ἐπουρανίῳ
642 1319 775 1397 βασιλεῖ
795 1316 1008 1401 καθικέτευον.
1345 1329 1377 1382 10

205 1410 216 1427 ”
331 1419 413 1486 Ἀλλ’
437 1416 453 1482 ὅ
476 1414 626 1498 βασιλευς
656 1413 694 1479 aa*
722 1415 802 1499 πρὸς
832 1417 885 1480 τὸν
913 1420 1051 1497 πόλεμον
1082 1416 1259 1500 ἐξαρτῶσιν,
1281 1419 1337 1479 καί

232 1517 335 1585 πάντα
365 1516 445 1584 κατὰ
476 1516 568 1600 λόγον
601 1514 655 1580 καί
683 1516 798 1600 τρόπον
826 1520 982 1593 συνέσεως
1013 1518 1205 1601 καταρτιζοιν
1233 1518 1267 1580 ἐν
1293 1519 1336 1603 τῷ

234 1615 384 1706 οἷσφαλεῖ,
405 1618 460 1683 καί
478 1617 630 1698 δυνάμεις
648 1616 829 1698 Ῥωμαϊκῶς
849 1618 883 1681 ἐκ
899 1617 1030 1703 Κρήτης
1050 1622 1269 1700 συναθροίσας
1290 1618 1335 1692 εἰς

232 1719 268 1785 τὸ
289 1716 351 1803 πρὸ
372 1722 428 1802 τῆς
448 1717 569 1792 πόλεως
595 1718 723 1797 πεδίον,
750 1720 805 1781 καί
830 1718 990 1801 Τούρκους
1021 1716 1335 1800 διαπεραιωσιίμενος

233 1818 290 1885 καί
306 1818 552 1903 καταριθμήσας
574 1826 638 1893 τοῖς
658 1813 777 1883 ἑαυτοῦ
797 1820 1016 1903 στρατιώταις,
1039 1816 1095 1893 οδς
1117 1818 1133 1881 ὃ
1156 1816 1215 1902 πρὸ
1237 1820 1337 1883 αὐτοῦ
1348 1834 1380 1887 15

233 1920 384 2003 βασιλεὺς
398 1920 413 1983 δ
425 1918 564 2003 Μιχαὴλ
574 1927 703 1993 πολλοῖς
717 1921 918 2003 ἐπαγγελίαις
930 1920 984 1985 καί
994 1917 1109 2004 δῶροις
1121 1920 1268 2003 α’μίτροις
1280 1920 1337 1985 οὐκ

236 2019 382 2105 ἠδυνήθη
395 2029 571 2105 συμπεῖσαι
593 2023 648 2083 καί
662 2023 839 2105 περαιῶσαι
857 2018 937 2103 πρὸς
958 2019 998 2085 τοὶ
1011 2016 1142 2105 ἑσπέρια
1160 2023 1339 2104 (ἐπείθοντο

240 2120 300 2205 γὰρ
325 2123 380 2186 καί
399 2121 578 2187 ὑπέκυπτον
602 2124 646 2207 τῷ
666 2117 860 2209 Βοτανειοίτῃ
887 2124 1008 2203 μᾶλλον
1031 2112 1050 2204 ή
1071 2117 1199 2196 ἑαυτοῖς
1219 2119 1263 2196 ῶς
1284 2121 1341 2183 et·
1427 2186 1428 2193 ¹

235 2246 321 2288 κοντι
344 2222 463 2297 πιίντας
484 2218 564 2305 πρδς
594 2219 650 2286 τόν
680 2219 781 2286 πίθου
803 2223 938 2306 adseri),
959 2217 1098 2305 α’ρχηγόν
1118 2224 1176 2285 sod
1197 2222 1337 2301 πολέμου
1427 2216 1428 2247 ¹

178 2350 182 2364 ¹
234 2326 505 2408 προχειρίσασθαι
539 2325 747 2388 διεσκέπτετο.
798 2313 991 2397 ἱκανώτατος
1020 2324 1059 2403 δὲ1
1086 2316 1131 2385 ῶν
1160 2324 1382 2403 συμβαλείνλθ

231 2423 267 2491 τὰ
288 2425 358 2489 δίον
379 2421 434 2488 καί
453 2423 717 2508 κατανοήσασδαι
739 2413 910 2507 ῶνδριοπον
931 2422 948 2485 δ
969 2420 1180 2507 Βοτανειιίτης
1197 2418 1253 2487 ’τδν
1272 2447 1339 2485 νοσ-

231 2530 416 2608 βελλίσιμον
450 2525 589 2602 Ἀλδξιον
608 2520 664 2588 τδν
686 2521 876 2608 Κομνηνδν,
900 2520 934 2599 δς
957 2524 1012 2589 τόν
1030 2523 1208 2589 Ῥουσέλιον
1238 2526 1271 2588 ἐν
1292 2526 1338 2611 τῷ
1426 2558 1427 2573 1

232 2629 350 2708 δίματι
364 2627 427 2691 τῶν
448 2627 665 2711 Ἀρμενιακῶν
688 2623 879 2709 εδμηχιίνας
901 2626 1094 2711 ἐχειρώσατο
1106 2624 1161 2688 καί
1182 2624 1334 2691 διέσωσεν

234 2851 384 2920 guntionis,
402 2850 543 2915 nimirum,
561 2850 627 2902 licet
653 2852 728 2903 ducis
752 2852 864 2918 imperia
881 2850 1018 2913 ,haberent
1035 2852 1193 2905 Bataniatae
1211 2851 1239 2903 in
1258 2852 1337 2904 occi.

234 2924 314 2975 dente
338 2930 365 2974 et
388 2921 453 2975 clari
482 2929 571 2976 essent
593 2923 621 2973 in
640 2923 775 2986 maximis,
805 2922 884 2973 buius
912 2925 1027 2976 maiores
1053 2940 1088 2975 ne
1111 2931 1198 2976 astare
1229 2924 1337 2991 quidem

149 3060 153 3065 .
234 2993 275 3046 his
295 2994 415 3061 potuisse
430 3001 456 3046 et
477 2995 595 3046 ordinem
615 2994 725 3062 explere
745 2994 940 3059 ministrorum,
960 2997 1066 3064 ignotos
1085 3012 1173 3063 neque
1192 2994 1336 3047 vilioribus

234 3066 338 3135 quidem
364 3065 588 3133 dignitatibusin
614 3066 707 3129 ordine
732 3065 841 3116 militari
861 3068 1041 3133 compositos,
1059 3081 1147 3134 neque
1167 3080 1336 3136 cognoscens

235 3153 269 3189 ex
287 3138 391 3187 oriente
407 3136 525 3187 nobilem
542 3152 634 3205 regem
656 3153 731 3201 esse,
757 3138 842 3203 ipsum
861 3145 949 3189 autem
969 3137 1161 3189 occidentalem
1181 3146 1207 3189 et
1224 3137 1337 3206 ignobi.

233 3207 287 3259 lem
311 3208 521 3273 comparatione:
551 3215 633 3274 atque
652 3216 794 3274 propterea
818 3207 896 3260 simul
923 3225 981 3259 eum
999 3209 1173 3276 repudiabant
1199 3222 1291 3260 omnes
1309 3213 1338 3258 et

234 3278 405 3328 iureiurando
424 3279 609 3344 promittentes
634 3294 664 3329 se
683 3278 758 3332 velle
784 3294 870 3347 usqne
889 3282 921 3332 ad
946 3282 1101 3348 sanguinem
1121 3288 1225 3346 certare
1244 3286 1338 3331 cantra

235 3363 305 3413 eum,
331 3347 477 3399 coelestem
495 3364 588 3417 regem
608 3350 845 3416 implorabant‚‘ut
869 3367 937 3418 quae
957 3353 989 3403 ad
1010 3352 1189 3406 iusiurandum
1208 3359 1269 3417 apta
1289 3366 1337 3403 es-

234 3427 295 3473 sent
312 3426 449 3472 statueret.

333 3505 386 3559 Sed
404 3522 453 3558 rex
472 3505 573 3558 bellum
592 3522 688 3574 parans
709 3517 736 3560 et
755 3511 842 3561 omnia
858 3527 891 3562 ex
908 3512 1012 3561 ratione
1028 3511 1183 3579 prudentiae
1202 3510 1339 3560 instruens

160 3599 164 3606 ·
233 3586 291 3630 tute
311 3586 338 3629 et
355 3594 447 3630 manus
466 3578 598 3629 Romanas
618 3596 633 3629 e
653 3579 733 3649 Creta
759 3594 859 3649 cogens
883 3583 910 3632 in
931 3578 1130 3649 campum'ante
1149 3581 1240 3633 urbem
1259 3581 1340 3633 situm

234 3658 261 3700 et
279 3650 377 3701 Tuscae
396 3651 571 3703 transducens
596 3656 622 3700 et
641 3666 818 3704 annumerans
844 3654 898 3705 suis
916 3652 1062 3718 militibus,
1082 3668 1148 3720 quos
1168 3653 1273 3720 quidem
1292 3651 1340 3719 qui

233 3727 295 3771 ante
321 3735 380 3770 enm
405 3721 530 3788 regnavit
554 3720 669 3772 biichael
693 3721 783 3775 multis
809 3724 946 3790 promissis
972 3734 998 3776 et
1028 3726 1103 3777 donis
1127 3724 1262 3775 immensis
1281 3736 1341 3773 non

233 3797 359 3857 potuerat
379 3793 496 3842 excitare
517 3798 544 3841 et
561 3792 735 3844 transducere
763 3795 796 3845 ad
815 3795 982 3847 occidentem
1012 3796 1154 3864 (parebant
1174 3795 1242 3845 enim
1263 3801 1341 3845 etse

232 3859 411 3913 subiiciebant
429 3861 588 3913 Botaniatae
607 3866 693 3932 magis
721 3880 797 3932 quam
816 3866 892 3932 ipsis,
917 3867 1080 3918 attrahenti
1100 3881 1190 3917 omnes
1210 3865 1242 3915 ad
1263 3864 1342 3915 desi-

232 3932 335 3982 derium
355 3933 422 4000 sui),
446 3932 540 3984 ducem
560 3932 627 3984 belli
650 3951 743 3986 creare
763 3937 903 3988 statuebat.
940 3939 1093 4004 aptissimus
1113 3945 1200 3988 autem
1220 3936 1252 3986 ad
1270 3950 1343 3987 con-

231 4000 382 4054 stituendas
402 4007 447 4053 re's
467 4005 632 4055 necessarias
652 4014 678 4058 et
698 4008 912 4074 cognoscendum
932 4007 1065 4060 hominem
1084 4009 1236 4060 Botaniates
1255 4005 1343 4057 nobi-

231 4072 365 4124 lissimum
382 4071 509 4125 Alex‘ium
529 4074 710 4141 Gomnmnm,
737 4078 945 4145 quissltuselium
975 4082 1003 4131 in
1022 4080 1162 4147 provincia
1178 4077 1344 4131 Armeniaca

231 4145 378 4211 prudenter
396 4143 504 4213 subegit
523 4151 550 4197 et
568 4148 688 4200 servavit
705 4150 735 4199 in
762 4151 883 4217 regiam,
903 4150 1011 4219 dignum
1029 4153 1079 4205 tali
1096 4150 1210 4219 imperio
1228 4147 1342 4203 iudica.
