<?xml version="1.0" encoding="UTF-8"?>
<!DOCTYPE html PUBLIC "-//W3C//DTD XHTML 1.0 Transitional//EN"
    "http://www.w3.org/TR/xhtml1/DTD/xhtml1-transitional.dtd">
<html xmlns="http://www.w3.org/1999/xhtml" xml:lang="en" lang="en">
 <head>
  <title>
</title>
<meta http-equiv="Content-Type" content="text/html;charset=utf-8" />
  <meta name='ocr-system' content='tesseract 3.04.00' />
  <meta name='ocr-capabilities' content='ocr_page ocr_carea ocr_par ocr_line ocrx_word'/>
</head>
<body>
  <div class='ocr_page' id='page_1' title='image "./corpusscriptoru05theogoog/corpusscriptoru05theogoog_0247.png"; bbox 0 0 2875 4734; ppageno 0'>
   <div class='ocr_carea' id='block_1_1' title="bbox 594 209 1246 319">
    <p class='ocr_par' dir='ltr' id='par_1_1' title="bbox 594 209 1246 319">
     <span class='ocr_line' id='line_1_1' title="bbox 594 209 1246 319; baseline 0.005 -37"><span class='ocrx_word' id='word_1_1' title='bbox 594 209 805 284; x_wconf 71' lang='lat' dir='ltr'>merome.</span> <span class='ocrx_word' id='word_1_2' title='bbox 1070 285 1073 293; x_wconf 76' lang='grc'>,</span> <span class='ocrx_word' id='word_1_3' title='bbox 1172 209 1246 319; x_wconf 77' lang='grc' dir='ltr'><strong><em>σου</em></strong></span> 
     </span>
    </p>
   </div>
   <div class='ocr_carea' id='block_1_2' title="bbox 2 372 1279 2685">
    <p class='ocr_par' dir='ltr' id='par_1_2' title="bbox 2 372 1279 2685">
     <span class='ocr_line' id='line_1_2' title="bbox 134 372 1248 463; baseline 0.002 -23"><span class='ocrx_word' id='word_1_4' title='bbox 134 377 207 440; x_wconf 68' lang='lat' dir='ltr'>rodi</span> <span class='ocrx_word' id='word_1_5' title='bbox 227 375 394 459; x_wconf 80' lang='grc' dir='ltr'><strong><em>λογοθίτου</em></strong></span> <span class='ocrx_word' id='word_1_6' title='bbox 416 374 520 460; x_wconf 82' lang='grc' dir='ltr'><strong><em>α’ρχῆς</em></strong></span> <span class='ocrx_word' id='word_1_7' title='bbox 548 374 602 441; x_wconf 79' lang='grc' dir='ltr'><strong><em>καί</em></strong></span> <span class='ocrx_word' id='word_1_8' title='bbox 624 377 813 443; x_wconf 69' lang='grc' dir='ltr'><strong><em>ἰδιωτεῦσαι</em></strong></span> <span class='ocrx_word' id='word_1_9' title='bbox 836 379 891 441; x_wconf 80' lang='grc' dir='ltr'><strong><em>καί</em></strong></span> <span class='ocrx_word' id='word_1_10' title='bbox 923 372 1030 441; x_wconf 79' lang='grc' dir='ltr'><strong><em>οἴκαδε</em></strong></span> <span class='ocrx_word' id='word_1_11' title='bbox 1052 380 1248 463; x_wconf 79' lang='grc' dir='ltr'><strong><em>καταστῆναι</em></strong></span> 
     </span>
     <span class='ocr_line' id='line_1_3' title="bbox 135 471 1246 564; baseline 0.005 -24"><span class='ocrx_word' id='word_1_12' title='bbox 135 476 189 549; x_wconf 74' lang='grc' dir='ltr'><strong><em>αἷς</em></strong></span> <span class='ocrx_word' id='word_1_13' title='bbox 217 471 376 559; x_wconf 84' lang='grc' dir='ltr'><strong><em>άπρακτον</em></strong></span> <span class='ocrx_word' id='word_1_14' title='bbox 399 472 499 564; x_wconf 75' lang='grc' dir='ltr'><strong><em>πάντῃ</em></strong></span> <span class='ocrx_word' id='word_1_15' title='bbox 521 477 577 543; x_wconf 79' lang='grc' dir='ltr'><strong><em>καί</em></strong></span> <span class='ocrx_word' id='word_1_16' title='bbox 596 481 695 542; x_wconf 78' lang='grc' dir='ltr'><strong><em>πᾶσιν</em></strong></span> <span class='ocrx_word' id='word_1_17' title='bbox 718 476 906 564; x_wconf 74' lang='grc' dir='ltr'><strong><em>άπόβλητον,</em></strong></span> <span class='ocrx_word' id='word_1_18' title='bbox 929 480 981 543; x_wconf 80' lang='grc' dir='ltr'><strong><em>ἵνα</em></strong></span> <span class='ocrx_word' id='word_1_19' title='bbox 1000 483 1054 543; x_wconf 79' lang='grc' dir='ltr'><strong><em>καί</em></strong></span> <span class='ocrx_word' id='word_1_20' title='bbox 1077 484 1172 544; x_wconf 76' lang='grc' dir='ltr'><strong><em>τοῦτο</em></strong></span> <span class='ocrx_word' id='word_1_21' title='bbox 1185 479 1246 564; x_wconf 88' lang='grc' dir='ltr'><strong><em>άρ-</em></strong></span> 
     </span>
     <span class='ocr_line' id='line_1_4' title="bbox 133 572 1246 671; baseline 0 -31"><span class='ocrx_word' id='word_1_22' title='bbox 133 581 221 653; x_wconf 69' lang='grc' dir='ltr'><strong><em>τανῦν</em></strong></span> <span class='ocrx_word' id='word_1_23' title='bbox 241 575 435 662; x_wconf 72' lang='grc' dir='ltr'><em>ἡγησάμενοι</em></span> <span class='ocrx_word' id='word_1_24' title='bbox 455 576 536 660; x_wconf 75' lang='grc' dir='ltr'><strong><em>πρὸς</em></strong></span> <span class='ocrx_word' id='word_1_25' title='bbox 555 572 712 661; x_wconf 87' lang='grc' dir='ltr'><strong><em>τιμωρίαν</em></strong></span> <span class='ocrx_word' id='word_1_26' title='bbox 737 578 838 644; x_wconf 72' lang='grc' dir='ltr'><strong><em>αὐτοῦ</em></strong></span> <span class='ocrx_word' id='word_1_27' title='bbox 858 576 888 643; x_wconf 77' lang='grc' dir='ltr'><strong><em>οἱ</em></strong></span> <span class='ocrx_word' id='word_1_28' title='bbox 909 582 1055 671; x_wconf 70' lang='grc' dir='ltr'><strong><em>πολέμιοι</em></strong></span> <span class='ocrx_word' id='word_1_29' title='bbox 1077 584 1129 662; x_wconf 81' lang='grc' dir='ltr'><strong><em>τῆς</em></strong></span> <span class='ocrx_word' id='word_1_30' title='bbox 1149 605 1246 664; x_wconf 91' lang='grc' dir='ltr'><strong><em>στρα.</em></strong></span> 
     </span>
     <span class='ocr_line' id='line_1_5' title="bbox 132 675 1247 762; baseline 0.001 -18"><span class='ocrx_word' id='word_1_31' title='bbox 132 680 309 751; x_wconf 82' lang='grc' dir='ltr'><strong><em>τοπεδείας</em></strong></span> <span class='ocrx_word' id='word_1_32' title='bbox 331 675 547 762; x_wconf 74' lang='grc' dir='ltr'><strong><em>ἀπόσχωνται.</em></strong></span> <span class='ocrx_word' id='word_1_33' title='bbox 591 678 662 745; x_wconf 85' lang='grc' dir='ltr'><strong><em>ε’πεί</em></strong></span> <span class='ocrx_word' id='word_1_34' title='bbox 682 681 717 743; x_wconf 78' lang='grc' dir='ltr'><strong><em>δὲ</em></strong></span> <span class='ocrx_word' id='word_1_35' title='bbox 741 680 809 743; x_wconf 79' lang='lat' dir='ltr'>oc&#39;d’</span> <span class='ocrx_word' id='word_1_36' title='bbox 835 682 880 757; x_wconf 86' lang='grc' dir='ltr'><strong><em>τίς</em></strong></span> <span class='ocrx_word' id='word_1_37' title='bbox 900 682 992 746; x_wconf 72' lang='grc' dir='ltr'><strong><em>τοῦτο</em></strong></span> <span class='ocrx_word' id='word_1_38' title='bbox 1021 679 1204 746; x_wconf 76' lang='grc' dir='ltr'><strong><em>κατανεύων</em></strong></span> <span class='ocrx_word' id='word_1_39' title='bbox 1229 681 1247 745; x_wconf 76' lang='grc' dir='ltr'><em>ὅ</em></span> 
     </span>
     <span class='ocr_line' id='line_1_6' title="bbox 101 776 1247 869; baseline 0.003 -26"><span class='ocrx_word' id='word_1_40' title='bbox 101 777 295 863; x_wconf 83' lang='grc' dir='ltr'><strong><em>5βασιλείις</em></strong></span> <span class='ocrx_word' id='word_1_41' title='bbox 313 776 491 865; x_wconf 81' lang='grc' dir='ltr'><strong><em>ε’τάγχανεν,</em></strong></span> <span class='ocrx_word' id='word_1_42' title='bbox 514 781 583 845; x_wconf 77' lang='lat' dir='ltr'>odd&#39;</span> <span class='ocrx_word' id='word_1_43' title='bbox 600 776 670 856; x_wconf 76' lang='grc' dir='ltr'><strong><em>ἒνός</em></strong></span> <span class='ocrx_word' id='word_1_44' title='bbox 690 778 809 864; x_wconf 71' lang='grc' dir='ltr'><strong><em>ἀνδρὸς</em></strong></span> <span class='ocrx_word' id='word_1_45' title='bbox 831 782 990 868; x_wconf 84' lang='grc' dir='ltr'><strong><em>α’πραξίσς</em></strong></span> <span class='ocrx_word' id='word_1_46' title='bbox 1008 782 1167 869; x_wconf 83' lang='grc' dir='ltr'><strong><em>σωτηρίαν</em></strong></span> <span class='ocrx_word' id='word_1_47' title='bbox 1190 785 1247 847; x_wconf 75' lang='grc' dir='ltr'><strong><em>τοῦ</em></strong></span> 
     </span>
     <span class='ocr_line' id='line_1_7' title="bbox 131 875 1246 969; baseline 0.002 -24"><span class='ocrx_word' id='word_1_48' title='bbox 131 881 256 965; x_wconf 76' lang='grc' dir='ltr'><strong><em>γένους</em></strong></span> <span class='ocrx_word' id='word_1_49' title='bbox 285 876 401 953; x_wconf 84' lang='grc' dir='ltr'><strong><em>παντὸς</em></strong></span> <span class='ocrx_word' id='word_1_50' title='bbox 422 883 484 945; x_wconf 73' lang='grc' dir='ltr'><strong><em>τοῖν</em></strong></span> <span class='ocrx_word' id='word_1_51' title='bbox 510 882 678 963; x_wconf 88' lang='grc' dir='ltr'><strong><em>Ῥωμαίων</em></strong></span> <span class='ocrx_word' id='word_1_52' title='bbox 708 882 968 961; x_wconf 86' lang='grc' dir='ltr'><strong><em>α’νταλλάξασθαι</em></strong></span> <span class='ocrx_word' id='word_1_53' title='bbox 1000 885 1164 969; x_wconf 83' lang='grc' dir='ltr'><strong><em>πρόθυμος</em></strong></span> <span class='ocrx_word' id='word_1_54' title='bbox 1197 875 1246 965; x_wconf 78' lang='grc' dir='ltr'><strong><em>ἦν,</em></strong></span> 
     </span>
     <span class='ocr_line' id='line_1_8' title="bbox 128 973 1246 1071; baseline 0.005 -26"><span class='ocrx_word' id='word_1_55' title='bbox 128 987 262 1066; x_wconf 78' lang='grc' dir='ltr'><strong><em>βοηθεῖ</em></strong></span> <span class='ocrx_word' id='word_1_56' title='bbox 279 977 401 1057; x_wconf 85' lang='grc' dir='ltr'><strong><em>τοάτοις</em></strong></span> <span class='ocrx_word' id='word_1_57' title='bbox 420 973 545 1047; x_wconf 84' lang='grc' dir='ltr'><strong><em>άνωθεν</em></strong></span> <span class='ocrx_word' id='word_1_58' title='bbox 569 982 587 1066; x_wconf 76' lang='grc' dir='ltr'><em>ἦ</em></span> <span class='ocrx_word' id='word_1_59' title='bbox 607 985 680 1048; x_wconf 87' lang='grc' dir='ltr'><strong><em>θεία</em></strong></span> <span class='ocrx_word' id='word_1_60' title='bbox 702 982 872 1068; x_wconf 75' lang='grc' dir='ltr'><strong><em>ἀντίληψις</em></strong></span> <span class='ocrx_word' id='word_1_61' title='bbox 893 993 962 1060; x_wconf 84' lang='grc' dir='ltr'><strong><em>ταῖς</em></strong></span> <span class='ocrx_word' id='word_1_62' title='bbox 985 986 1125 1051; x_wconf 79' lang='grc' dir='ltr'><strong><em>α’κλινέσι</em></strong></span> <span class='ocrx_word' id='word_1_63' title='bbox 1146 1008 1246 1071; x_wconf 84' lang='grc' dir='ltr'><strong><em>πρεσ-</em></strong></span> 
     </span>
     <span class='ocr_line' id='line_1_9' title="bbox 83 1078 1243 1171; baseline -0.001 -21"><span class='ocrx_word' id='word_1_64' title='bbox 83 1147 86 1150; x_wconf 13' lang='lat' dir='ltr'>r</span> <span class='ocrx_word' id='word_1_65' title='bbox 129 1087 247 1165; x_wconf 77' lang='grc' dir='ltr'><strong><em>βειάις</em></strong></span> <span class='ocrx_word' id='word_1_66' title='bbox 267 1084 322 1164; x_wconf 79' lang='grc' dir='ltr'><strong><em>τῆς</em></strong></span> <span class='ocrx_word' id='word_1_67' title='bbox 345 1078 767 1170; x_wconf 73' lang='grc' dir='ltr'><strong><em>παναχράντουθεσποίνης</em></strong></span> <span class='ocrx_word' id='word_1_68' title='bbox 799 1082 887 1166; x_wconf 76' lang='grc' dir='ltr'><strong><em>ἡμῶν</em></strong></span> <span class='ocrx_word' id='word_1_69' title='bbox 917 1086 1078 1151; x_wconf 83' lang='grc' dir='ltr'><strong><em>θεοτόαου.</em></strong></span> <span class='ocrx_word' id='word_1_70' title='bbox 1132 1084 1163 1149; x_wconf 83' lang='grc' dir='ltr'><strong><em>οἱ</em></strong></span> <span class='ocrx_word' id='word_1_71' title='bbox 1183 1082 1243 1171; x_wconf 89' lang='grc' dir='ltr'><strong><em>γάρ</em></strong></span> 
     </span>
     <span class='ocr_line' id='line_1_10' title="bbox 130 1182 1245 1272; baseline 0.003 -24"><span class='ocrx_word' id='word_1_72' title='bbox 130 1183 374 1259; x_wconf 77' lang='grc' dir='ltr'><strong><em>ἀποσταλέντες</em></strong></span> <span class='ocrx_word' id='word_1_73' title='bbox 398 1186 548 1265; x_wconf 80' lang='grc' dir='ltr'><strong><em>πρέσβεις</em></strong></span> <span class='ocrx_word' id='word_1_74' title='bbox 569 1182 653 1267; x_wconf 88' lang='grc' dir='ltr'><strong><em>παρά</em></strong></span> <span class='ocrx_word' id='word_1_75' title='bbox 673 1182 962 1264; x_wconf 78' lang='grc' dir='ltr'><strong><em>τάνΠατζινάιιων</em></strong></span> <span class='ocrx_word' id='word_1_76' title='bbox 983 1188 1245 1272; x_wconf 73' lang='grc' dir='ltr'><strong><em>ἀναπεμφθέντες</em></strong></span> 
     </span>
     <span class='ocr_line' id='line_1_11' title="bbox 84 1279 1245 1371; baseline 0.003 -24"><span class='ocrx_word' id='word_1_77' title='bbox 84 1296 122 1350; x_wconf 84' lang='grc'><strong><em>10</em></strong></span> <span class='ocrx_word' id='word_1_78' title='bbox 132 1280 237 1350; x_wconf 91' lang='grc' dir='ltr'><strong><em>πάλιν</em></strong></span> <span class='ocrx_word' id='word_1_79' title='bbox 257 1284 304 1358; x_wconf 80' lang='grc' dir='ltr'><strong><em>εἰς</em></strong></span> <span class='ocrx_word' id='word_1_80' title='bbox 329 1279 447 1361; x_wconf 80' lang='grc' dir='ltr'><strong><em>σάτοάς</em></strong></span> <span class='ocrx_word' id='word_1_81' title='bbox 475 1280 734 1369; x_wconf 74' lang='grc' dir='ltr'><strong><em>ὑπωπτεύθησαν</em></strong></span> <span class='ocrx_word' id='word_1_82' title='bbox 763 1282 797 1349; x_wconf 81' lang='grc' dir='ltr'><strong><em>ἔν</em></strong></span> <span class='ocrx_word' id='word_1_83' title='bbox 819 1310 902 1361; x_wconf 85' lang='grc' dir='ltr'><strong><em>τινος</em></strong></span> <span class='ocrx_word' id='word_1_84' title='bbox 932 1287 1111 1371; x_wconf 87' lang='grc' dir='ltr'><strong><em>α’προάπτσυ</em></strong></span> <span class='ocrx_word' id='word_1_85' title='bbox 1139 1288 1245 1363; x_wconf 81' lang='grc' dir='ltr'><strong><em>αἰτίας</em></strong></span> 
     </span>
     <span class='ocr_line' id='line_1_12' title="bbox 132 1383 1244 1473; baseline -0.001 -21"><span class='ocrx_word' id='word_1_86' title='bbox 132 1385 184 1460; x_wconf 73' lang='grc' dir='ltr'><strong><em>αἷς</em></strong></span> <span class='ocrx_word' id='word_1_87' title='bbox 205 1384 312 1473; x_wconf 81' lang='grc' dir='ltr'><strong><em>λάθρρ</em></strong></span> <span class='ocrx_word' id='word_1_88' title='bbox 332 1385 600 1469; x_wconf 83' lang='grc' dir='ltr'><strong><em>διαχειρίσασθαι</em></strong></span> <span class='ocrx_word' id='word_1_89' title='bbox 611 1387 779 1464; x_wconf 81' lang='grc' dir='ltr'><strong><em>μέλλοντες</em></strong></span> <span class='ocrx_word' id='word_1_90' title='bbox 797 1383 853 1449; x_wconf 86' lang='grc' dir='ltr'><strong><em>τὸν</em></strong></span> <span class='ocrx_word' id='word_1_91' title='bbox 869 1385 1159 1471; x_wconf 83' lang='grc' dir='ltr'><strong><em>πρωτοσάμβουλον</em></strong></span> <span class='ocrx_word' id='word_1_92' title='bbox 1182 1390 1244 1451; x_wconf 76' lang='grc' dir='ltr'><strong><em>αὕ-</em></strong></span> 
     </span>
     <span class='ocr_line' id='line_1_13' title="bbox 130 1483 1243 1572; baseline -0.001 -19"><span class='ocrx_word' id='word_1_93' title='bbox 130 1490 205 1553; x_wconf 80' lang='grc' dir='ltr'><strong><em>τσόν</em></strong></span> <span class='ocrx_word' id='word_1_94' title='bbox 228 1485 284 1550; x_wconf 81' lang='grc' dir='ltr'><strong><em>καί</em></strong></span> <span class='ocrx_word' id='word_1_95' title='bbox 308 1483 527 1569; x_wconf 69' lang='grc' dir='ltr'><strong><em>συστράτηγον</em></strong></span> <span class='ocrx_word' id='word_1_96' title='bbox 557 1488 727 1568; x_wconf 83' lang='grc' dir='ltr'><strong><em>Νέστορα·</em></strong></span> <span class='ocrx_word' id='word_1_97' title='bbox 782 1488 838 1550; x_wconf 88' lang='grc' dir='ltr'><strong><em>καί</em></strong></span> <span class='ocrx_word' id='word_1_98' title='bbox 869 1490 1025 1572; x_wconf 76' lang='grc' dir='ltr'><strong><em>φοβηθείς</em></strong></span> <span class='ocrx_word' id='word_1_99' title='bbox 1054 1490 1171 1562; x_wconf 81' lang='grc' dir='ltr'><strong><em>ε’κεῖνος</em></strong></span> <span class='ocrx_word' id='word_1_100' title='bbox 1189 1484 1243 1553; x_wconf 87' lang='grc' dir='ltr'><strong><em>τάν</em></strong></span> 
     </span>
     <span class='ocr_line' id='line_1_14' title="bbox 132 1584 1242 1672; baseline 0.002 -21"><span class='ocrx_word' id='word_1_101' title='bbox 132 1586 204 1652; x_wconf 77' lang='grc' dir='ltr'><strong><em>ἀπὸ</em></strong></span> <span class='ocrx_word' id='word_1_102' title='bbox 226 1590 370 1671; x_wconf 77' lang='grc' dir='ltr'><strong><em>μηχανῆς</em></strong></span> <span class='ocrx_word' id='word_1_103' title='bbox 389 1586 544 1668; x_wconf 83' lang='grc' dir='ltr'><strong><em>κίνδυνον,</em></strong></span> <span class='ocrx_word' id='word_1_104' title='bbox 566 1587 688 1667; x_wconf 75' lang='grc' dir='ltr'><strong><em>ταχέως</em></strong></span> <span class='ocrx_word' id='word_1_105' title='bbox 712 1584 835 1653; x_wconf 76' lang='grc' dir='ltr'><strong><em>ἐκεῖθεν</em></strong></span> <span class='ocrx_word' id='word_1_106' title='bbox 857 1589 1038 1671; x_wconf 79' lang='grc' dir='ltr'><strong><em>α’ναστήσας</em></strong></span> <span class='ocrx_word' id='word_1_107' title='bbox 1059 1587 1116 1671; x_wconf 71' lang='grc' dir='ltr'><strong><em>τὴν</em></strong></span> <span class='ocrx_word' id='word_1_108' title='bbox 1141 1613 1242 1672; x_wconf 85' lang='grc' dir='ltr'><strong><em>στρα-</em></strong></span> 
     </span>
     <span class='ocr_line' id='line_1_15' title="bbox 100 1677 1241 1777; baseline 0.001 -25"><span class='ocrx_word' id='word_1_109' title='bbox 100 1757 102 1760; x_wconf 65' lang='grc'><strong>,</strong></span> <span class='ocrx_word' id='word_1_110' title='bbox 131 1684 213 1753; x_wconf 86' lang='grc' dir='ltr'><strong><em>τιάν</em></strong></span> <span class='ocrx_word' id='word_1_111' title='bbox 234 1684 468 1769; x_wconf 82' lang='grc' dir='ltr'><strong><em>ὄπιοθόρμητος</em></strong></span> <span class='ocrx_word' id='word_1_112' title='bbox 500 1677 625 1768; x_wconf 74' lang='grc' dir='ltr'><strong><em>ἤλαυνε.</em></strong></span> <span class='ocrx_word' id='word_1_113' title='bbox 678 1692 734 1751; x_wconf 84' lang='grc' dir='ltr'><strong><em>καί</em></strong></span> <span class='ocrx_word' id='word_1_114' title='bbox 754 1687 890 1753; x_wconf 74' lang='grc' dir='ltr'><strong><em>διελθών</em></strong></span> <span class='ocrx_word' id='word_1_115' title='bbox 917 1686 973 1772; x_wconf 75' lang='grc' dir='ltr'><strong><em>τήν</em></strong></span> <span class='ocrx_word' id='word_1_116' title='bbox 1006 1691 1241 1777; x_wconf 75' lang='grc' dir='ltr'><strong><em>Μακεδονικήν,</em></strong></span> 
     </span>
     <span class='ocr_line' id='line_1_16' title="bbox 2 1778 1242 1871; baseline 0.001 -16"><span class='ocrx_word' id='word_1_117' title='bbox 2 1858 4 1870; x_wconf 19' lang='lat'>5</span> <span class='ocrx_word' id='word_1_118' title='bbox 86 1805 122 1858; x_wconf 87' lang='grc'><strong><em>15</em></strong></span> <span class='ocrx_word' id='word_1_119' title='bbox 132 1792 196 1854; x_wconf 82' lang='grc' dir='ltr'><strong><em>καί</em></strong></span> <span class='ocrx_word' id='word_1_120' title='bbox 215 1796 280 1863; x_wconf 82' lang='grc' dir='ltr'><strong><em>τοῖς</em></strong></span> <span class='ocrx_word' id='word_1_121' title='bbox 302 1778 409 1861; x_wconf 84' lang='grc' dir='ltr'><strong><em>άλλοις</em></strong></span> <span class='ocrx_word' id='word_1_122' title='bbox 432 1786 649 1864; x_wconf 80' lang='grc' dir='ltr'><strong><em>Πατζινάκοις</em></strong></span> <span class='ocrx_word' id='word_1_123' title='bbox 671 1791 850 1871; x_wconf 83' lang='grc' dir='ltr'><strong><em>συμμίξας,</em></strong></span> <span class='ocrx_word' id='word_1_124' title='bbox 873 1786 905 1852; x_wconf 80' lang='lat' dir='ltr'><strong><em>ol</em></strong></span> <span class='ocrx_word' id='word_1_125' title='bbox 925 1786 981 1871; x_wconf 77' lang='grc' dir='ltr'><strong><em>τὴν</em></strong></span> <span class='ocrx_word' id='word_1_126' title='bbox 1003 1788 1113 1871; x_wconf 83' lang='grc' dir='ltr'><strong><em>χάραν</em></strong></span> <span class='ocrx_word' id='word_1_127' title='bbox 1136 1792 1242 1856; x_wconf 85' lang='grc' dir='ltr'><strong><em>πάσαν</em></strong></span> 
     </span>
     <span class='ocr_line' id='line_1_17' title="bbox 135 1881 1241 1975; baseline -0.004 -16"><span class='ocrx_word' id='word_1_128' title='bbox 135 1895 333 1975; x_wconf 76' lang='grc' dir='ltr'><strong><em>κατέτρεχον</em></strong></span> <span class='ocrx_word' id='word_1_129' title='bbox 365 1887 420 1951; x_wconf 79' lang='grc' dir='ltr'><strong><em>καί</em></strong></span> <span class='ocrx_word' id='word_1_130' title='bbox 439 1889 674 1971; x_wconf 80' lang='grc' dir='ltr'><strong><em>κατεληίζονεο,</em></strong></span> <span class='ocrx_word' id='word_1_131' title='bbox 706 1881 806 1963; x_wconf 72' lang='grc' dir='ltr'><strong><em>οὕτως</em></strong></span> <span class='ocrx_word' id='word_1_132' title='bbox 828 1889 872 1965; x_wconf 80' lang='grc' dir='ltr'><strong><em>εἰς</em></strong></span> <span class='ocrx_word' id='word_1_133' title='bbox 893 1886 932 1953; x_wconf 86' lang='grc' dir='ltr'><strong><em>τά</em></strong></span> <span class='ocrx_word' id='word_1_134' title='bbox 950 1892 1026 1971; x_wconf 84' lang='grc' dir='ltr'><strong><em>περί</em></strong></span> <span class='ocrx_word' id='word_1_135' title='bbox 1046 1888 1102 1952; x_wconf 85' lang='grc' dir='ltr'><strong><em>τὸν</em></strong></span> <span class='ocrx_word' id='word_1_136' title='bbox 1115 1881 1241 1975; x_wconf 78' lang='grc' dir='ltr'><strong><em>Ἴστρον</em></strong></span> 
     </span>
     <span class='ocr_line' id='line_1_18' title="bbox 131 1986 1240 2079; baseline -0.001 -20"><span class='ocrx_word' id='word_1_137' title='bbox 131 1997 250 2079; x_wconf 87' lang='grc' dir='ltr'><strong><em>χωρία</em></strong></span> <span class='ocrx_word' id='word_1_138' title='bbox 265 1987 319 2054; x_wconf 82' lang='grc' dir='ltr'><strong><em>καί</em></strong></span> <span class='ocrx_word' id='word_1_139' title='bbox 336 1986 401 2062; x_wconf 71' lang='grc' dir='ltr'><strong><em>1τοὶς</em></strong></span> <span class='ocrx_word' id='word_1_140' title='bbox 432 1986 580 2062; x_wconf 71' lang='grc' dir='ltr'><strong><em>ἐπαύλεις</em></strong></span> <span class='ocrx_word' id='word_1_141' title='bbox 602 1988 776 2074; x_wconf 72' lang='grc' dir='ltr'><strong><em>ἀνέδραμε,</em></strong></span> <span class='ocrx_word' id='word_1_142' title='bbox 798 1987 916 2073; x_wconf 75' lang='grc' dir='ltr'><strong><em>πολλὴν</em></strong></span> <span class='ocrx_word' id='word_1_143' title='bbox 940 1989 1131 2072; x_wconf 80' lang='grc' dir='ltr'><strong><em>ἐπαγόμενος</em></strong></span> <span class='ocrx_word' id='word_1_144' title='bbox 1151 1993 1240 2057; x_wconf 87' lang='grc' dir='ltr'><strong><em>λείαν</em></strong></span> 
     </span>
     <span class='ocr_line' id='line_1_19' title="bbox 43 2075 1238 2175; baseline -0.004 -17"><span class='ocrx_word' id='word_1_145' title='bbox 43 2075 59 2091; x_wconf 57' lang='grc'><strong><em>’</em></strong></span> <span class='ocrx_word' id='word_1_146' title='bbox 131 2090 321 2175; x_wconf 80' lang='grc' dir='ltr'><strong><em>α’νθράπων</em></strong></span> <span class='ocrx_word' id='word_1_147' title='bbox 340 2112 373 2153; x_wconf 91' lang='grc' dir='ltr'><strong><em>τε</em></strong></span> <span class='ocrx_word' id='word_1_148' title='bbox 393 2092 449 2153; x_wconf 84' lang='grc' dir='ltr'><em>καί</em></span> <span class='ocrx_word' id='word_1_149' title='bbox 471 2090 591 2173; x_wconf 76' lang='grc' dir='ltr'><strong><em>κτηνῶν</em></strong></span> <span class='ocrx_word' id='word_1_150' title='bbox 614 2088 669 2153; x_wconf 84' lang='grc' dir='ltr'><strong><em>καί</em></strong></span> <span class='ocrx_word' id='word_1_151' title='bbox 689 2091 744 2173; x_wconf 80' lang='grc' dir='ltr'><strong><em>τῆς</em></strong></span> <span class='ocrx_word' id='word_1_152' title='bbox 769 2083 865 2174; x_wconf 72' lang='grc' dir='ltr'><strong><em>άλλης</em></strong></span> <span class='ocrx_word' id='word_1_153' title='bbox 889 2084 1076 2173; x_wconf 84' lang='grc' dir='ltr'><strong><em>α’ποσκευῆς.</em></strong></span> <span class='ocrx_word' id='word_1_154' title='bbox 1119 2093 1238 2156; x_wconf 76' lang='grc' dir='ltr'><strong><em>ἐκείνου</em></strong></span> 
     </span>
     <span class='ocr_line' id='line_1_20' title="bbox 131 2187 1238 2275; baseline -0.005 -14"><span class='ocrx_word' id='word_1_155' title='bbox 131 2198 171 2261; x_wconf 78' lang='grc' dir='ltr'><strong><em>δὲ</em></strong></span> <span class='ocrx_word' id='word_1_156' title='bbox 196 2195 318 2275; x_wconf 77' lang='grc' dir='ltr'><strong><em>ταχέως</em></strong></span> <span class='ocrx_word' id='word_1_157' title='bbox 348 2189 612 2273; x_wconf 74' lang='grc' dir='ltr'><strong><em>ἀναχωρήσαντος</em></strong></span> <span class='ocrx_word' id='word_1_158' title='bbox 644 2188 813 2273; x_wconf 76' lang='grc' dir='ltr'><strong><em>άνακωχὴν</em></strong></span> <span class='ocrx_word' id='word_1_159' title='bbox 842 2189 881 2255; x_wconf 88' lang='grc' dir='ltr'><strong><em>τά</em></strong></span> <span class='ocrx_word' id='word_1_160' title='bbox 912 2190 1082 2274; x_wconf 87' lang='grc' dir='ltr'><strong><em>πράγματα</em></strong></span> <span class='ocrx_word' id='word_1_161' title='bbox 1111 2187 1238 2273; x_wconf 76' lang='grc' dir='ltr'><strong><em>ἔλαβον,</em></strong></span> 
     </span>
     <span class='ocr_line' id='line_1_21' title="bbox 84 2284 1279 2377; baseline -0.004 -14"><span class='ocrx_word' id='word_1_162' title='bbox 84 2298 194 2365; x_wconf 72' lang='grc' dir='ltr'><strong><em>2ονιαί</em></strong></span> <span class='ocrx_word' id='word_1_163' title='bbox 224 2298 285 2360; x_wconf 80' lang='grc' dir='ltr'><strong><em>τάν</em></strong></span> <span class='ocrx_word' id='word_1_164' title='bbox 313 2286 544 2377; x_wconf 75' lang='grc' dir='ltr'><strong><em>γεωργημάτων</em></strong></span> <span class='ocrx_word' id='word_1_165' title='bbox 577 2292 631 2356; x_wconf 83' lang='grc' dir='ltr'>καί</span> <span class='ocrx_word' id='word_1_166' title='bbox 662 2293 725 2355; x_wconf 78' lang='grc' dir='ltr'><strong><em>τῶν</em></strong></span> <span class='ocrx_word' id='word_1_167' title='bbox 746 2284 851 2354; x_wconf 88' lang='grc' dir='ltr'><strong><em>άλλων</em></strong></span> <span class='ocrx_word' id='word_1_168' title='bbox 879 2290 1112 2375; x_wconf 77' lang='grc' dir='ltr'><strong><em>χορτασμάτων</em></strong></span> <span class='ocrx_word' id='word_1_169' title='bbox 1135 2290 1238 2369; x_wconf 80' lang='grc' dir='ltr'><strong><em>α’δεοὸς</em></strong></span> <span class='ocrx_word' id='word_1_170' title='bbox 1276 2351 1279 2359; x_wconf 93' lang='grc'>,</span> 
     </span>
     <span class='ocr_line' id='line_1_22' title="bbox 3 2388 1237 2477; baseline -0.004 -13"><span class='ocrx_word' id='word_1_171' title='bbox 3 2452 25 2470; x_wconf 39' lang='lat'><em>2</em></span> <span class='ocrx_word' id='word_1_172' title='bbox 117 2401 266 2465; x_wconf 80' lang='grc' dir='ltr'><strong><em>’ἐποίουν</em></strong></span> <span class='ocrx_word' id='word_1_173' title='bbox 286 2394 316 2459; x_wconf 78' lang='grc' dir='ltr'><strong><em>οἱ</em></strong></span> <span class='ocrx_word' id='word_1_174' title='bbox 338 2389 417 2476; x_wconf 82' lang='grc' dir='ltr'><strong><em>πρὸς</em></strong></span> <span class='ocrx_word' id='word_1_175' title='bbox 439 2391 542 2456; x_wconf 79' lang='grc' dir='ltr'><strong><em>ταῦτα</em></strong></span> <span class='ocrx_word' id='word_1_176' title='bbox 555 2395 736 2474; x_wconf 75' lang='grc' dir='ltr'><strong><em>τεταγμένοι</em></strong></span> <span class='ocrx_word' id='word_1_177' title='bbox 756 2390 813 2476; x_wconf 75' lang='grc' dir='ltr'><strong><em>τὴν</em></strong></span> <span class='ocrx_word' id='word_1_178' title='bbox 827 2388 960 2469; x_wconf 77' lang='grc' dir='ltr'><strong><em>εἴσοδον,</em></strong></span> <span class='ocrx_word' id='word_1_179' title='bbox 984 2393 1039 2456; x_wconf 81' lang='grc' dir='ltr'><strong><em>καί</em></strong></span> <span class='ocrx_word' id='word_1_180' title='bbox 1058 2389 1115 2477; x_wconf 75' lang='grc' dir='ltr'><strong><em>τήν</em></strong></span> <span class='ocrx_word' id='word_1_181' title='bbox 1131 2393 1237 2459; x_wconf 85' lang='grc' dir='ltr'><strong><em>α’παλ·</em></strong></span> 
     </span>
     <span class='ocr_line' id='line_1_23' title="bbox 131 2488 1236 2584; baseline -0.009 -18"><span class='ocrx_word' id='word_1_182' title='bbox 131 2495 239 2584; x_wconf 74' lang='grc' dir='ltr'><strong><em>λαγὴν</em></strong></span> <span class='ocrx_word' id='word_1_183' title='bbox 260 2493 290 2561; x_wconf 80' lang='grc' dir='ltr'><strong><em>οἷ</em></strong></span> <span class='ocrx_word' id='word_1_184' title='bbox 312 2500 452 2559; x_wconf 79' lang='grc' dir='ltr'><strong><em>πλεῖστοι</em></strong></span> <span class='ocrx_word' id='word_1_185' title='bbox 475 2497 667 2581; x_wconf 75' lang='grc' dir='ltr'><strong><em>θαυμασίως</em></strong></span> <span class='ocrx_word' id='word_1_186' title='bbox 688 2488 857 2575; x_wconf 71' lang='grc' dir='ltr'><strong><em>ἑώρταζον,</em></strong></span> <span class='ocrx_word' id='word_1_187' title='bbox 880 2496 925 2581; x_wconf 76' lang='grc' dir='ltr'><strong><em>τῷ</em></strong></span> <span class='ocrx_word' id='word_1_188' title='bbox 944 2497 1011 2580; x_wconf 75' lang='grc' dir='ltr'><strong><em>θεῷ</em></strong></span> <span class='ocrx_word' id='word_1_189' title='bbox 1031 2490 1085 2559; x_wconf 79' lang='grc' dir='ltr'><strong><em>καί</em></strong></span> <span class='ocrx_word' id='word_1_190' title='bbox 1104 2494 1142 2581; x_wconf 81' lang='grc' dir='ltr'><strong><em>τῇ</em></strong></span> <span class='ocrx_word' id='word_1_191' title='bbox 1162 2493 1236 2559; x_wconf 84' lang='grc' dir='ltr'><strong><em>τοά.</em></strong></span> 
     </span>
     <span class='ocr_line' id='line_1_24' title="bbox 129 2592 1018 2685; baseline -0.009 -15"><span class='ocrx_word' id='word_1_192' title='bbox 129 2626 191 2670; x_wconf 92' lang='grc' dir='ltr'><strong><em>του</em></strong></span> <span class='ocrx_word' id='word_1_193' title='bbox 213 2599 440 2685; x_wconf 82' lang='grc' dir='ltr'><strong><em>πανυπερτίμιρ</em></strong></span> <span class='ocrx_word' id='word_1_194' title='bbox 460 2596 559 2681; x_wconf 78' lang='grc' dir='ltr'><strong><em>μητρὶ</em></strong></span> <span class='ocrx_word' id='word_1_195' title='bbox 578 2592 618 2661; x_wconf 87' lang='grc' dir='ltr'><strong><em>τά</em></strong></span> <span class='ocrx_word' id='word_1_196' title='bbox 641 2592 837 2682; x_wconf 76' lang='grc' dir='ltr'><strong><em>χαριστήρια</em></strong></span> <span class='ocrx_word' id='word_1_197' title='bbox 862 2600 1018 2679; x_wconf 80' lang='grc' dir='ltr'><strong><em>νέμοντες.</em></strong></span> 
     </span>
    </p>
   </div>
   <div class='ocr_carea' id='block_1_3' title="bbox 132 2917 1235 3133">
    <p class='ocr_par' dir='ltr' id='par_1_3' title="bbox 132 2917 1235 3133">
     <span class='ocr_line' id='line_1_25' title="bbox 132 2917 1235 2999; baseline -0.005 -20"><span class='ocrx_word' id='word_1_198' title='bbox 132 2922 263 2997; x_wconf 75' lang='lat' dir='ltr'>quamdiu</span> <span class='ocrx_word' id='word_1_199' title='bbox 281 2918 433 2975; x_wconf 77' lang='lat' dir='ltr'>solveretur</span> <span class='ocrx_word' id='word_1_200' title='bbox 452 2917 608 2989; x_wconf 71' lang='lat' dir='ltr'><strong>logothetae</strong></span> <span class='ocrx_word' id='word_1_201' title='bbox 626 2919 751 2985; x_wconf 89' lang='lat' dir='ltr'>imperio,</span> <span class='ocrx_word' id='word_1_202' title='bbox 781 2926 808 2968; x_wconf 91' lang='lat' dir='ltr'><strong><em>et</em></strong></span> <span class='ocrx_word' id='word_1_203' title='bbox 825 2918 959 2999; x_wconf 84' lang='lat' dir='ltr'>hominem</span> <span class='ocrx_word' id='word_1_204' title='bbox 983 2918 1115 2984; x_wconf 85' lang='lat' dir='ltr'>privatum</span> <span class='ocrx_word' id='word_1_205' title='bbox 1140 2931 1235 2987; x_wconf 82' lang='lat' dir='ltr'>egeret</span> 
     </span>
     <span class='ocr_line' id='line_1_26' title="bbox 134 2988 1233 3059; baseline -0.011 -9"><span class='ocrx_word' id='word_1_206' title='bbox 134 3007 163 3051; x_wconf 87' lang='lat' dir='ltr'><strong><em>et</em></strong></span> <span class='ocrx_word' id='word_1_207' title='bbox 182 2996 254 3051; x_wconf 89' lang='lat' dir='ltr'>domi</span> <span class='ocrx_word' id='word_1_208' title='bbox 272 3009 302 3047; x_wconf 81' lang='lat' dir='ltr'><strong><em>ee</em></strong></span> <span class='ocrx_word' id='word_1_209' title='bbox 320 3001 436 3056; x_wconf 88' lang='lat' dir='ltr'>teneret,</span> <span class='ocrx_word' id='word_1_210' title='bbox 453 3000 577 3059; x_wconf 87' lang='lat' dir='ltr'>tanquam</span> <span class='ocrx_word' id='word_1_211' title='bbox 594 2989 662 3040; x_wconf 89' lang='lat' dir='ltr'>nibil</span> <span class='ocrx_word' id='word_1_212' title='bbox 690 3002 775 3055; x_wconf 82' lang='lat' dir='ltr'>agens</span> <span class='ocrx_word' id='word_1_213' title='bbox 803 3000 910 3036; x_wconf 89' lang='lat' dir='ltr'>omnmo</span> <span class='ocrx_word' id='word_1_214' title='bbox 936 2997 963 3038; x_wconf 87' lang='lat' dir='ltr'><strong><em>et</em></strong></span> <span class='ocrx_word' id='word_1_215' title='bbox 986 2988 1107 3039; x_wconf 84' lang='lat' dir='ltr'>omnibus</span> <span class='ocrx_word' id='word_1_216' title='bbox 1135 2989 1233 3055; x_wconf 76' lang='lat' dir='ltr'>negle-</span> 
     </span>
     <span class='ocr_line' id='line_1_27' title="bbox 134 3056 1231 3133; baseline -0.014 -11"><span class='ocrx_word' id='word_1_217' title='bbox 134 3078 205 3133; x_wconf 84' lang='lat' dir='ltr'>ctuc,</span> <span class='ocrx_word' id='word_1_218' title='bbox 224 3076 253 3119; x_wconf 90' lang='lat' dir='ltr'><strong><em>ut</em></strong></span> <span class='ocrx_word' id='word_1_219' title='bbox 265 3064 310 3119; x_wconf 88' lang='lat' dir='ltr'><strong><em>rel</em></strong></span> <span class='ocrx_word' id='word_1_220' title='bbox 329 3065 380 3116; x_wconf 90' lang='lat' dir='ltr'><strong><em>hoc</em></strong></span> <span class='ocrx_word' id='word_1_221' title='bbox 399 3064 526 3116; x_wconf 76' lang='lat' dir='ltr'>sufficere</span> <span class='ocrx_word' id='word_1_222' title='bbox 543 3061 595 3112; x_wconf 83' lang='lat' dir='ltr'>rati</span> <span class='ocrx_word' id='word_1_223' title='bbox 614 3059 646 3109; x_wconf 88' lang='lat' dir='ltr'><strong><em>ad</em></strong></span> <span class='ocrx_word' id='word_1_224' title='bbox 659 3057 789 3107; x_wconf 89' lang='lat' dir='ltr'>ultionem</span> <span class='ocrx_word' id='word_1_225' title='bbox 810 3057 867 3106; x_wconf 83' lang='lat' dir='ltr'>eins</span> <span class='ocrx_word' id='word_1_226' title='bbox 879 3056 971 3108; x_wconf 81' lang='lat' dir='ltr'>hostes</span> <span class='ocrx_word' id='word_1_227' title='bbox 991 3057 1162 3121; x_wconf 77' lang='lat' dir='ltr'>expeditione</span> <span class='ocrx_word' id='word_1_228' title='bbox 1182 3059 1231 3111; x_wconf 90' lang='lat' dir='ltr'><strong><em>ab.</em></strong></span> 
     </span>
    </p>
   </div>
   <div class='ocr_carea' id='block_1_4' title="bbox 59 3127 1256 4122">
    <p class='ocr_par' dir='ltr' id='par_1_4' title="bbox 66 3127 1256 4050">
     <span class='ocr_line' id='line_1_28' title="bbox 66 3127 1232 3195; baseline -0.013 -2"><span class='ocrx_word' id='word_1_229' title='bbox 66 3158 69 3164; x_wconf 85' lang='grc'>’</span> <span class='ocrx_word' id='word_1_230' title='bbox 133 3143 276 3192; x_wconf 72' lang='lat' dir='ltr'>coicerent.</span> <span class='ocrx_word' id='word_1_231' title='bbox 313 3153 371 3189; x_wconf 91' lang='lat' dir='ltr'><strong><em>cum</em></strong></span> <span class='ocrx_word' id='word_1_232' title='bbox 390 3142 479 3184; x_wconf 87' lang='lat' dir='ltr'>autem</span> <span class='ocrx_word' id='word_1_233' title='bbox 497 3146 532 3180; x_wconf 86' lang='lat' dir='ltr'><strong><em>ne</em></strong></span> <span class='ocrx_word' id='word_1_234' title='bbox 550 3129 602 3179; x_wconf 90' lang='lat' dir='ltr'><strong><em>boe</em></strong></span> <span class='ocrx_word' id='word_1_235' title='bbox 621 3127 727 3195; x_wconf 91' lang='lat' dir='ltr'>quidem</span> <span class='ocrx_word' id='word_1_236' title='bbox 747 3133 877 3177; x_wconf 76' lang='lat' dir='ltr'><strong>annueret</strong></span> <span class='ocrx_word' id='word_1_237' title='bbox 894 3141 943 3176; x_wconf 85' lang='lat' dir='ltr'><strong><em>rex</em></strong></span> <span class='ocrx_word' id='word_1_238' title='bbox 967 3140 1056 3192; x_wconf 88' lang='lat' dir='ltr'>neque</span> <span class='ocrx_word' id='word_1_239' title='bbox 1083 3128 1161 3180; x_wconf 83' lang='lat' dir='ltr'>uulua</span> <span class='ocrx_word' id='word_1_240' title='bbox 1179 3129 1232 3181; x_wconf 92' lang='lat' dir='ltr'><strong><em>bo.</em></strong></span> 
     </span>
     <span class='ocr_line' id='line_1_29' title="bbox 132 3197 1231 3267; baseline -0.009 -4"><span class='ocrx_word' id='word_1_241' title='bbox 132 3212 214 3263; x_wconf 79' lang='lat' dir='ltr'>minio</span> <span class='ocrx_word' id='word_1_242' title='bbox 235 3209 335 3261; x_wconf 75' lang='lat' dir='ltr'>desidia</span> <span class='ocrx_word' id='word_1_243' title='bbox 358 3203 471 3257; x_wconf 79' lang='lat' dir='ltr'>salutem</span> <span class='ocrx_word' id='word_1_244' title='bbox 490 3200 571 3249; x_wconf 87' lang='lat' dir='ltr'>totius</span> <span class='ocrx_word' id='word_1_245' title='bbox 589 3199 678 3267; x_wconf 76' lang='lat' dir='ltr'>gentio</span> <span class='ocrx_word' id='word_1_246' title='bbox 697 3197 859 3249; x_wconf 87' lang='lat' dir='ltr'>Graecorum</span> <span class='ocrx_word' id='word_1_247' title='bbox 877 3204 979 3248; x_wconf 87' lang='lat' dir='ltr'>mutare</span> <span class='ocrx_word' id='word_1_248' title='bbox 998 3197 1102 3263; x_wconf 87' lang='lat' dir='ltr'>vellet,</span> <span class='ocrx_word' id='word_1_249' title='bbox 1130 3201 1231 3253; x_wconf 80' lang='lat' dir='ltr'>auxilio</span> 
     </span>
     <span class='ocr_line' id='line_1_30' title="bbox 134 3269 1232 3343; baseline -0.008 -9"><span class='ocrx_word' id='word_1_250' title='bbox 134 3283 212 3335; x_wconf 84' lang='lat' dir='ltr'>venit</span> <span class='ocrx_word' id='word_1_251' title='bbox 230 3281 271 3332; x_wconf 82' lang='lat' dir='ltr'><strong><em>bio</em></strong></span> <span class='ocrx_word' id='word_1_252' title='bbox 290 3288 406 3343; x_wconf 79' lang='lat' dir='ltr'>superne</span> <span class='ocrx_word' id='word_1_253' title='bbox 425 3272 543 3322; x_wconf 80' lang='lat' dir='ltr'>divinum</span> <span class='ocrx_word' id='word_1_254' title='bbox 561 3269 723 3335; x_wconf 83' lang='lat' dir='ltr'>praesidium</span> <span class='ocrx_word' id='word_1_255' title='bbox 741 3269 823 3321; x_wconf 79' lang='lat' dir='ltr'>firmio</span> <span class='ocrx_word' id='word_1_256' title='bbox 846 3270 946 3323; x_wconf 73' lang='lat' dir='ltr'>nuntiis</span> <span class='ocrx_word' id='word_1_257' title='bbox 971 3270 1085 3321; x_wconf 85' lang='lat' dir='ltr'>maxime</span> <span class='ocrx_word' id='word_1_258' title='bbox 1108 3270 1232 3343; x_wconf 77' lang='lat' dir='ltr'>integrae</span> 
     </span>
     <span class='ocr_line' id='line_1_31' title="bbox 132 3339 1234 3415; baseline -0.01 -9"><span class='ocrx_word' id='word_1_259' title='bbox 132 3354 259 3406; x_wconf 90' lang='lat' dir='ltr'>dominae</span> <span class='ocrx_word' id='word_1_260' title='bbox 277 3356 395 3407; x_wconf 77' lang='lat' dir='ltr'>nostrae,</span> <span class='ocrx_word' id='word_1_261' title='bbox 415 3342 458 3393; x_wconf 89' lang='lat' dir='ltr'><strong><em>del</em></strong></span> <span class='ocrx_word' id='word_1_262' title='bbox 478 3342 577 3394; x_wconf 77' lang='lat' dir='ltr'>matria.</span> <span class='ocrx_word' id='word_1_263' title='bbox 614 3339 698 3411; x_wconf 79' lang='lat' dir='ltr'>legati</span> <span class='ocrx_word' id='word_1_264' title='bbox 725 3344 813 3404; x_wconf 90' lang='lat' dir='ltr'>enim,</span> <span class='ocrx_word' id='word_1_265' title='bbox 833 3342 878 3411; x_wconf 89' lang='lat' dir='ltr'><strong><em>qui</em></strong></span> <span class='ocrx_word' id='word_1_266' title='bbox 906 3356 921 3393; x_wconf 92' lang='lat' dir='ltr'>a</span> <span class='ocrx_word' id='word_1_267' title='bbox 945 3339 1095 3395; x_wconf 77' lang='lat' dir='ltr'>Petrinacic</span> <span class='ocrx_word' id='word_1_268' title='bbox 1120 3344 1234 3415; x_wconf 76' lang='lat' dir='ltr'>allegati</span> 
     </span>
     <span class='ocr_line' id='line_1_32' title="bbox 135 3415 1233 3485; baseline -0.01 -8"><span class='ocrx_word' id='word_1_269' title='bbox 135 3432 223 3485; x_wconf 88' lang='lat' dir='ltr'>crant,</span> <span class='ocrx_word' id='word_1_270' title='bbox 242 3418 347 3473; x_wconf 76' lang='lat' dir='ltr'>remissi</span> <span class='ocrx_word' id='word_1_271' title='bbox 365 3430 457 3466; x_wconf 75' lang='lat' dir='ltr'>rursus</span> <span class='ocrx_word' id='word_1_272' title='bbox 474 3415 508 3466; x_wconf 88' lang='lat' dir='ltr'><strong><em>ad</em></strong></span> <span class='ocrx_word' id='word_1_273' title='bbox 519 3428 585 3483; x_wconf 67' lang='lat' dir='ltr'><strong><em>xeos,</em></strong></span> <span class='ocrx_word' id='word_1_274' title='bbox 603 3415 721 3481; x_wconf 76' lang='lat' dir='ltr'>suspecti</span> <span class='ocrx_word' id='word_1_275' title='bbox 741 3420 816 3466; x_wconf 89' lang='lat' dir='ltr'>erant</span> <span class='ocrx_word' id='word_1_276' title='bbox 841 3428 921 3467; x_wconf 81' lang='lat' dir='ltr'>cauta</span> <span class='ocrx_word' id='word_1_277' title='bbox 948 3415 1059 3482; x_wconf 87' lang='lat' dir='ltr'>quadam</span> <span class='ocrx_word' id='word_1_278' title='bbox 1086 3415 1233 3480; x_wconf 80' lang='lat' dir='ltr'>improvisa</span> 
     </span>
     <span class='ocr_line' id='line_1_33' title="bbox 134 3482 1233 3563; baseline -0.007 -18"><span class='ocrx_word' id='word_1_279' title='bbox 134 3495 213 3563; x_wconf 76' lang='lat' dir='ltr'>quasi</span> <span class='ocrx_word' id='word_1_280' title='bbox 232 3491 299 3542; x_wconf 87' lang='lat' dir='ltr'>clam</span> <span class='ocrx_word' id='word_1_281' title='bbox 320 3486 418 3540; x_wconf 87' lang='lat' dir='ltr'>tollere</span> <span class='ocrx_word' id='word_1_282' title='bbox 437 3484 542 3538; x_wconf 86' lang='lat' dir='ltr'>vellent</span> <span class='ocrx_word' id='word_1_283' title='bbox 559 3486 706 3552; x_wconf 90' lang='lat' dir='ltr'>principem</span> <span class='ocrx_word' id='word_1_284' title='bbox 727 3485 833 3537; x_wconf 85' lang='lat' dir='ltr'>consilii</span> <span class='ocrx_word' id='word_1_285' title='bbox 853 3486 894 3539; x_wconf 77' lang='lat' dir='ltr'><strong><em>sui</em></strong></span> <span class='ocrx_word' id='word_1_286' title='bbox 915 3493 941 3535; x_wconf 88' lang='lat' dir='ltr'><strong><em>et</em></strong></span> <span class='ocrx_word' id='word_1_287' title='bbox 964 3485 1072 3550; x_wconf 90' lang='lat' dir='ltr'>imperii</span> <span class='ocrx_word' id='word_1_288' title='bbox 1099 3482 1233 3552; x_wconf 75' lang='lat' dir='ltr'><strong>collegam</strong></span> 
     </span>
     <span class='ocr_line' id='line_1_34' title="bbox 132 3554 1233 3626; baseline -0.012 -7"><span class='ocrx_word' id='word_1_289' title='bbox 132 3568 295 3620; x_wconf 68' lang='lat' dir='ltr'>llettoremt</span> <span class='ocrx_word' id='word_1_290' title='bbox 316 3568 343 3610; x_wconf 90' lang='lat' dir='ltr'><strong><em>et</em></strong></span> <span class='ocrx_word' id='word_1_291' title='bbox 363 3559 421 3623; x_wconf 90' lang='lat' dir='ltr'>ille,</span> <span class='ocrx_word' id='word_1_292' title='bbox 441 3560 485 3626; x_wconf 92' lang='lat' dir='ltr'><strong><em>qui</em></strong></span> <span class='ocrx_word' id='word_1_293' title='bbox 504 3564 637 3609; x_wconf 74' lang='lat' dir='ltr'>metueret</span> <span class='ocrx_word' id='word_1_294' title='bbox 654 3558 809 3608; x_wconf 82' lang='lat' dir='ltr'>insidiosum</span> <span class='ocrx_word' id='word_1_295' title='bbox 830 3555 989 3623; x_wconf 89' lang='lat' dir='ltr'>periculum,</span> <span class='ocrx_word' id='word_1_296' title='bbox 1016 3554 1144 3605; x_wconf 84' lang='lat' dir='ltr'>celeriter</span> <span class='ocrx_word' id='word_1_297' title='bbox 1169 3557 1233 3608; x_wconf 88' lang='lat' dir='ltr'>inde</span> 
     </span>
     <span class='ocr_line' id='line_1_35' title="bbox 134 3619 1232 3705; baseline -0.007 -17"><span class='ocrx_word' id='word_1_298' title='bbox 134 3619 280 3705; x_wconf 77' lang='lat' dir='ltr'>prolectua&#39;</span> <span class='ocrx_word' id='word_1_299' title='bbox 293 3632 437 3683; x_wconf 86' lang='lat' dir='ltr'>exercitum</span> <span class='ocrx_word' id='word_1_300' title='bbox 455 3637 527 3682; x_wconf 90' lang='lat' dir='ltr'>retro</span> <span class='ocrx_word' id='word_1_301' title='bbox 547 3629 635 3680; x_wconf 82' lang='lat' dir='ltr'>duxit:</span> <span class='ocrx_word' id='word_1_302' title='bbox 651 3636 678 3679; x_wconf 89' lang='lat' dir='ltr'><strong><em>et</em></strong></span> <span class='ocrx_word' id='word_1_303' title='bbox 695 3641 855 3695; x_wconf 83' lang='lat' dir='ltr'>percurrens</span> <span class='ocrx_word' id='word_1_304' title='bbox 874 3626 1054 3679; x_wconf 79' lang='lat' dir='ltr'>Macedoniam</span> <span class='ocrx_word' id='word_1_305' title='bbox 1083 3632 1110 3675; x_wconf 84' lang='lat' dir='ltr'><strong><em>et</em></strong></span> <span class='ocrx_word' id='word_1_306' title='bbox 1135 3628 1232 3680; x_wconf 79' lang='lat' dir='ltr'>ceteris</span> 
     </span>
     <span class='ocr_line' id='line_1_36' title="bbox 133 3695 1231 3770; baseline -0.014 -9"><span class='ocrx_word' id='word_1_307' title='bbox 133 3706 286 3761; x_wconf 78' lang='lat' dir='ltr'>Petrinacis</span> <span class='ocrx_word' id='word_1_308' title='bbox 305 3718 335 3756; x_wconf 84' lang='lat' dir='ltr'><strong><em>ae</em></strong></span> <span class='ocrx_word' id='word_1_309' title='bbox 353 3704 529 3770; x_wconf 76' lang='lat' dir='ltr'>coniungens,</span> <span class='ocrx_word' id='word_1_310' title='bbox 549 3701 594 3768; x_wconf 89' lang='lat' dir='ltr'><strong><em>qui</em></strong></span> <span class='ocrx_word' id='word_1_311' title='bbox 613 3714 716 3750; x_wconf 89' lang='lat' dir='ltr'>omnem</span> <span class='ocrx_word' id='word_1_312' title='bbox 735 3706 831 3749; x_wconf 87' lang='lat' dir='ltr'>terram</span> <span class='ocrx_word' id='word_1_313' title='bbox 850 3695 1041 3763; x_wconf 80' lang='lat' dir='ltr'>percursabant</span> <span class='ocrx_word' id='word_1_314' title='bbox 1068 3702 1094 3747; x_wconf 87' lang='lat' dir='ltr'><strong><em>et</em></strong></span> <span class='ocrx_word' id='word_1_315' title='bbox 1118 3698 1231 3766; x_wconf 90' lang='lat' dir='ltr'>diripie.</span> 
     </span>
     <span class='ocr_line' id='line_1_37' title="bbox 133 3766 1231 3842; baseline -0.007 -11"><span class='ocrx_word' id='word_1_316' title='bbox 133 3779 218 3842; x_wconf 88' lang='lat' dir='ltr'>baut,</span> <span class='ocrx_word' id='word_1_317' title='bbox 238 3777 278 3830; x_wconf 80' lang='lat' dir='ltr'><strong><em>tic</em></strong></span> <span class='ocrx_word' id='word_1_318' title='bbox 296 3777 323 3826; x_wconf 87' lang='lat' dir='ltr'><strong><em>in</em></strong></span> <span class='ocrx_word' id='word_1_319' title='bbox 342 3774 402 3826; x_wconf 75' lang='lat' dir='ltr'>lutri</span> <span class='ocrx_word' id='word_1_320' title='bbox 426 3774 487 3825; x_wconf 86' lang='lat' dir='ltr'>loca</span> <span class='ocrx_word' id='word_1_321' title='bbox 515 3780 542 3823; x_wconf 89' lang='lat' dir='ltr'><strong><em>et</em></strong></span> <span class='ocrx_word' id='word_1_322' title='bbox 569 3770 677 3838; x_wconf 88' lang='lat' dir='ltr'>praedia</span> <span class='ocrx_word' id='word_1_323' title='bbox 707 3784 810 3820; x_wconf 83' lang='lat' dir='ltr'>rursum</span> <span class='ocrx_word' id='word_1_324' title='bbox 840 3766 986 3836; x_wconf 77' lang='lat' dir='ltr'>migrabat,</span> <span class='ocrx_word' id='word_1_325' title='bbox 1013 3767 1121 3820; x_wconf 86' lang='lat' dir='ltr'>multam</span> <span class='ocrx_word' id='word_1_326' title='bbox 1146 3786 1231 3839; x_wconf 81' lang='lat' dir='ltr'>agene</span> 
     </span>
     <span class='ocr_line' id='line_1_38' title="bbox 135 3833 1256 3917; baseline -0.011 -15"><span class='ocrx_word' id='word_1_327' title='bbox 135 3850 259 3917; x_wconf 87' lang='lat' dir='ltr'>praedam</span> <span class='ocrx_word' id='word_1_328' title='bbox 278 3833 460 3898; x_wconf 72' lang='lat' dir='ltr'>bominum&#39;ct</span> <span class='ocrx_word' id='word_1_329' title='bbox 478 3844 607 3911; x_wconf 81' lang='lat' dir='ltr'>pecudum</span> <span class='ocrx_word' id='word_1_330' title='bbox 632 3850 712 3909; x_wconf 83' lang='lat' dir='ltr'>atque</span> <span class='ocrx_word' id='word_1_331' title='bbox 739 3838 838 3907; x_wconf 89' lang='lat' dir='ltr'>reliqui</span> <span class='ocrx_word' id='word_1_332' title='bbox 864 3845 1014 3904; x_wconf 85' lang='lat' dir='ltr'>apparatus.</span> <span class='ocrx_word' id='word_1_333' title='bbox 1064 3839 1114 3892; x_wconf 91' lang='lat' dir='ltr'>illo</span> <span class='ocrx_word' id='word_1_334' title='bbox 1142 3850 1256 3892; x_wconf 88' lang='lat' dir='ltr'>eutem·</span> 
     </span>
     <span class='ocr_line' id='line_1_39' title="bbox 136 3909 1231 3979; baseline -0.016 -6"><span class='ocrx_word' id='word_1_335' title='bbox 136 3922 263 3973; x_wconf 85' lang='lat' dir='ltr'>celeriter</span> <span class='ocrx_word' id='word_1_336' title='bbox 280 3918 411 3971; x_wconf 85' lang='lat' dir='ltr'>redeunte</span> <span class='ocrx_word' id='word_1_337' title='bbox 431 3917 551 3969; x_wconf 82' lang='lat' dir='ltr'>induciat</span> <span class='ocrx_word' id='word_1_338' title='bbox 570 3914 710 3979; x_wconf 85' lang='lat' dir='ltr'>imperinm</span> <span class='ocrx_word' id='word_1_339' title='bbox 728 3909 860 3961; x_wconf 88' lang='lat' dir='ltr'>babebat:</span> <span class='ocrx_word' id='word_1_340' title='bbox 882 3918 909 3961; x_wconf 88' lang='lat' dir='ltr'><strong><em>et</em></strong></span> <span class='ocrx_word' id='word_1_341' title='bbox 927 3909 1031 3978; x_wconf 78' lang='lat' dir='ltr'>frugum</span> <span class='ocrx_word' id='word_1_342' title='bbox 1050 3918 1130 3979; x_wconf 89' lang='lat' dir='ltr'>atque</span> <span class='ocrx_word' id='word_1_343' title='bbox 1152 3918 1231 3962; x_wconf 87' lang='lat' dir='ltr'>cete..</span> 
     </span>
     <span class='ocr_line' id='line_1_40' title="bbox 135 3980 1229 4050; baseline -0.013 -6"><span class='ocrx_word' id='word_1_344' title='bbox 135 4008 224 4044; x_wconf 88' lang='lat' dir='ltr'>rorum</span> <span class='ocrx_word' id='word_1_345' title='bbox 243 3991 428 4043; x_wconf 80' lang='lat' dir='ltr'>alimentorum</span> <span class='ocrx_word' id='word_1_346' title='bbox 445 3995 503 4039; x_wconf 87' lang='lat' dir='ltr'>tuto</span> <span class='ocrx_word' id='word_1_347' title='bbox 524 3984 667 4047; x_wconf 83' lang='lat' dir='ltr'>iaciebant,</span> <span class='ocrx_word' id='word_1_348' title='bbox 687 3983 733 4050; x_wconf 85' lang='lat' dir='ltr'><strong><em>qut</em></strong></span> <span class='ocrx_word' id='word_1_349' title='bbox 751 3982 784 4032; x_wconf 85' lang='lat' dir='ltr'><strong><em>ad</em></strong></span> <span class='ocrx_word' id='word_1_350' title='bbox 802 3980 869 4033; x_wconf 88' lang='lat' dir='ltr'>haee</span> <span class='ocrx_word' id='word_1_351' title='bbox 887 3982 1010 4035; x_wconf 72' lang='lat' dir='ltr'>instituti</span> <span class='ocrx_word' id='word_1_352' title='bbox 1029 3990 1122 4045; x_wconf 88' lang='lat' dir='ltr'>erant,</span> <span class='ocrx_word' id='word_1_353' title='bbox 1148 3983 1229 4032; x_wconf 90' lang='lat' dir='ltr'>inve..</span> 
     </span>
    </p>

    <p class='ocr_par' dir='ltr' id='par_1_5' title="bbox 59 4051 1228 4122">
     <span class='ocr_line' id='line_1_41' title="bbox 59 4051 1228 4122; baseline -0.014 -6"><span class='ocrx_word' id='word_1_354' title='bbox 59 4094 67 4109; x_wconf 85' lang='lat'><strong>·</strong></span> <span class='ocrx_word' id='word_1_355' title='bbox 135 4066 269 4117; x_wconf 75' lang='lat' dir='ltr'>ctionemz</span> <span class='ocrx_word' id='word_1_356' title='bbox 291 4070 317 4113; x_wconf 88' lang='lat' dir='ltr'><strong><em>et</em></strong></span> <span class='ocrx_word' id='word_1_357' title='bbox 334 4057 519 4111; x_wconf 87' lang='lat' dir='ltr'>liberationem</span> <span class='ocrx_word' id='word_1_358' title='bbox 538 4056 645 4122; x_wconf 83' lang='lat' dir='ltr'>plurimi</span> <span class='ocrx_word' id='word_1_359' title='bbox 664 4055 732 4104; x_wconf 86' lang='lat' dir='ltr'>mire</span> <span class='ocrx_word' id='word_1_360' title='bbox 751 4052 931 4118; x_wconf 84' lang='lat' dir='ltr'>celebrabant,</span> <span class='ocrx_word' id='word_1_361' title='bbox 950 4055 1001 4106; x_wconf 92' lang='lat' dir='ltr'><strong><em>deo</em></strong></span> <span class='ocrx_word' id='word_1_362' title='bbox 1023 4062 1049 4104; x_wconf 92' lang='lat' dir='ltr'><strong><em>et</em></strong></span> <span class='ocrx_word' id='word_1_363' title='bbox 1068 4052 1145 4102; x_wconf 81' lang='lat' dir='ltr'>buius</span> <span class='ocrx_word' id='word_1_364' title='bbox 1176 4051 1228 4104; x_wconf 89' lang='lat' dir='ltr'><strong><em>bo.</em></strong></span> 
     </span>
    </p>
   </div>
   <div class='ocr_carea' id='block_1_5' title="bbox 133 4127 1113 4287">
    <p class='ocr_par' dir='ltr' id='par_1_6' title="bbox 133 4127 1113 4287">
     <span class='ocr_line' id='line_1_42' title="bbox 133 4127 788 4199; baseline -0.014 -14"><span class='ocrx_word' id='word_1_365' title='bbox 133 4136 317 4191; x_wconf 72' lang='lat' dir='ltr'>notatissimee</span> <span class='ocrx_word' id='word_1_366' title='bbox 335 4130 413 4182; x_wconf 89' lang='lat' dir='ltr'>matri</span> <span class='ocrx_word' id='word_1_367' title='bbox 430 4136 526 4199; x_wconf 64' lang='lat' dir='ltr'>grates</span> <span class='ocrx_word' id='word_1_368' title='bbox 537 4127 693 4180; x_wconf 74' lang='lat' dir='ltr'>tribuentes.</span> <span class='ocrx_word' id='word_1_369' title='bbox 781 4154 788 4165; x_wconf 92' lang='lat'><strong>·</strong></span> 
     </span>
     <span class='ocr_line' id='line_1_43' title="bbox 207 4221 1113 4287; baseline -0.023 0"><span class='ocrx_word' id='word_1_370' title='bbox 207 4232 290 4287; x_wconf 66' lang='lat' dir='ltr'><strong><em>tub.</em></strong></span> <span class='ocrx_word' id='word_1_371' title='bbox 309 4226 393 4284; x_wconf 70' lang='lat' dir='ltr'>auat.</span> <span class='ocrx_word' id='word_1_372' title='bbox 413 4226 484 4280; x_wconf 75' lang='lat' dir='ltr'>net.</span> <span class='ocrx_word' id='word_1_373' title='bbox 1006 4221 1040 4274; x_wconf 84' lang='lat'><strong><em>14</em></strong></span> <span class='ocrx_word' id='word_1_374' title='bbox 1111 4258 1113 4266; x_wconf 80' lang='grc'>,</span> 
     </span>
    </p>
   </div>
   <div class='ocr_carea' id='block_1_6' title="bbox 0 0 1442 4734">
    <p class='ocr_par' dir='ltr' id='par_1_7' title="bbox 0 0 1442 4734">
     <span class='ocr_line' id='line_1_44' title="bbox 0 0 1442 4734; baseline 0 5"><span class='ocrx_word' id='word_1_375' title='bbox 0 0 1442 4734; x_wconf 95' lang='lat' dir='ltr'><strong><em> </em></strong></span> 
     </span>
    </p>
   </div>
  </div>
 </body>
</html>
