2875 4734
237 229 286 304 62
439 165 442 172 ι
537 221 757 298 ldlClldEblS
786 213 1045 288 harmonia

237 391 479 482 peripateticis
502 395 699 470 emittens,
733 385 767 452 εἴ
783 409 855 450 ποτε
890 377 970 464 πρὸς
1000 376 1090 462 δίκην
1112 376 1225 451 αὐτοῖς
1246 397 1341 440 οντε-

237 495 424 580 πλιέκησοιν,
449 492 503 559 διδ
537 497 594 576 τῆς
617 493 679 556 τῶν
703 485 870 574 κτημάτων
898 481 954 546 καί
983 474 1156 564 χρημάτων
1187 474 1340 560 ἐπιρροῆς
1434 536 1435 539 ,

238 595 292 662 καί
312 599 367 660 τοῦ
391 599 443 660 ε’πί
465 595 591 671 τούτοις
615 585 863 676 α’λογσθετὴτσνς
895 584 1114 649 καθίστασθαι
1143 581 1204 641 καί.
1222 578 1340 640 οἰκοδο-
1434 654 1435 665 ρ

237 701 297 782 χῆς
321 691 489 775 α’ξιοῦσθαι
512 697 663 769 νικῶντας
684 688 760 765 roric
789 690 1033 770 ἀντιβαίνοντας.
1077 684 1132 744 καί
1151 677 1167 743 ὃ
1188 676 1341 761 δημόσιος
1434 705 1436 716 ·

151 823 184 862 ·,
239 803 368 870 πολλοῖς
387 799 498 880 χερσίν
520 793 692 880 ἐπαφιέναι
714 789 754 856 τοὶ
782 784 899 854 ἑαυτοῦ
922 783 1110 864 πολυμερῶς
1131 775 1364 872 epembasim-5
1434 820 1435 823 ,

238 921 291 974 νος
307 895 491 981 προσθήκην
522 898 652 974 ἐδέξατο
686 890 741 957 καί
760 884 959 972 παραψυχὴν
988 884 1026 944 oo’
1063 879 1212 962 μετρίον,
1238 879 1272 940 ἐν
1293 867 1340 951 οἷς

239 991 366 1081 ἓτίρονς
387 999 494 1071 ποσοῖς
514 995 582 1058 oo'd’
605 993 797 1076 ἒλώβὴσατο.

340 1090 417 1180 Εἶχε
446 1100 505 1178 μὲν
538 1090 619 1159 οὕτω
642 1091 689 1170 τὰ,
716 1094 856 1174 πρακτέα
891 1091 935 1174 τῷ
954 1090 1086 1168 βασιλεῖ
1092 1133 1101 1164 ,
1132 1082 1186 1146 καί
1214 1087 1340 1161 συνεῖχε

239 1201 346 1266 τοῦτον
367 1202 406 1285 τῇ
424 1199 567 1280 βασιλίδι
595 1197 659 1258 τῶν
681 1193 804 1257 πόλεων
825 1187 877 1254 διὰ
900 1186 957 1271 τὴν
987 1190 1051 1252 vais
1072 1183 1260 1266 οἷγχιθύροον
1282 1205 1341 1243 κα-
1434 1206 1435 1233 ³

242 1299 407 1365 τάσταοιν.
435 1295 515 1363 acroi
537 1299 572 1360 dd
593 1292 654 1360 cdo
672 1292 773 1359 αιίτόν
793 1289 907 1372 καιρὸν
927 1287 1082 1370 ἐπαρθείς
1104 1284 1120 1349 ὅ
1144 1279 1342 1379 πατριάρχης
1351 1300 1381 1352 10

243 1393 578 1482 οἷςπεπροτερηκέναι
605 1397 768 1476 ὑπέλαβε,
799 1393 853 1454 καί
872 1392 981 1470 μεῖζον
1013 1382 1035 1469 ἢ
1056 1383 1137 1450 κατοὶ
1162 1381 1221 1466 τὴν
1244 1377 1343 1446 αὑτοῦ

214 1505 215 1509 ’
243 1498 336 1578 α’ξίαν
370 1497 424 1562 ἐπί
451 1501 513 1562 τῶν
544 1491 626 1562 ὅλων
657 1497 807 1578 γενέσθαι
840 1491 1009 1570 οἰόμενος,
1033 1487 1088 1550 καί
1116 1485 1283 1568 θαρρήσας
1305 1483 1344 1568 τῇ
1433 1472 1436 1488 ’

198 1677 206 1691 ,
243 1601 301 1666 τοῦ
329 1601 516 1683 κρατοῦντος
550 1599 674 1683 ον’νοίρι,
707 1590 856 1665 πολλάκις
877 1594 990 1656 τοῦτον
1019 1592 1113 1653 τιναῑν
1134 1582 1345 1668 ἐπιχειρημά-

243 1723 304 1766 των
337 1697 381 1781 μὴ
412 1697 586 1761 δοκούντων
609 1694 702 1782 αὐτῷ,
722 1693 921 1774 α’νεχαίτιζε,
942 1694 1017 1755 ποτὲ
1045 1693 1106 1771 μὲν
1126 1683 1278 1769 πατρικήν
1299 1685 1346 1748 ον’-

244 1799 350 1880 σιίγων
379 1796 524 1862 διάθεσιν
554 1793 609 1860 καί
643 1797 845 1880 παραίνεσιν,
874 1794 947 1864 ποτὲ
986 1793 1014 1856 δ’
1036 1783 1255 1872 ε’πιτιμητικὴν
1284 1811 1344 1849 πα·
1356 1797 1385 1849 15

246 1901 414 1984 ρογγελίαν
447 1893 502 1960 καί
539 1892 740 1980 catalaunio
778 1893 886 1968 ἀκοαῖς
930 1889 1206 1979 ἐκδεδιῃτημένοις
1251 1887 1347 1951 ἑπαί-
1434 1929 1436 1963 7

246 2023 311 2073 νοις
334 1997 389 2064 καί
410 2002 578 2084 προσηνέσι
607 1996 711 2078 λόγοις
734 2000 789 2059 καί
814 1995 1055 2077 inanescens,
1077 1991 1119 2067 nic
1141 1993 1195 2054 καί
1212 1986 1265 2053 τὸν
1285 1992 1346 2069 βα.

248 2091 338 2166 σίλία
364 2100 439 2164 κατὰ
463 2097 579 2183 μικρὸν
610 2099 892 2176 ἐκπεπολεμῶσθαι
924 2093 979 2158 καί
1010 2095 1177 2177 παροινίαν
1199 2089 1349 2174 ἡγεῖσθαι
1434 2146 1435 2175 1

247 2199 402 2285 τὴντέως
424 2186 621 2284 παραίνεσικ
676 2198 713 2260 ov'
741 2193 841 2259 πολίιν
864 2197 899 2260 δὲ
921 2190 1037 2276 χρόνον
1063 2180 1178 2257 τοίσδε
1197 2188 1275 2264 τούς
1294 2187 1350 2251 ti-

249 2323 324 2386 γους
345 2300 531 2382 ὑπενεγκαίν,
554 2296 634 2381 ἔγνω
655 2301 767 2361 τοῦτον
799 2291 841 2369 αἷς
873 2289 1137 2376 κατεπαιρόμενσν
1154 2285 1265 2354 τούτου
1290 2302 1392 2357 aot-20

248 2407 402 2488 ταβαλεῖν
428 2400 626 2485 δβασιλειλς,
651 2401 706 2462 καί
739 2400 800 2462 τῶν
832 2393 998 2479 ἱερατικῶν
1017 2393 1060 2469 οὖς
1082 2387 1292 2474 ὑπεροπτικὴν
1315 2394 1351 2455 ἐκ
1434 2438 1435 2465 ι

248 2506 348 2585 μέσον
370 2503 520 2579 καθάπαξ
555 2503 721 2586 περιελεῖν,
742 2499 797 2562 καί
817 2503 927 2563 τοῦτον
955 2494 1011 2560 τὸν
1034 2490 1153 2578 τρίπον
1180 2493 1353 2576 διαδρᾶναι
1434 2532 1435 2545 t

323 2688 367 2741 21.
386 2701 420 2738 an
440 2667 625 2760 ὑπερόπτηνλ

254 2839 382 2924 tunitate,
409 2873 467 2910 cum
491 2859 616 2926 pretiosis
642 2865 668 2909 et
685 2857 828 2909 multorum
846 2856 1007 2908 talentorum
1025 2853 1239 2924 possessionibus
1257 2861 1288 2905 nt
1305 2868 1354 2905 sua

254 2930 439 2998 relinquerent
457 2928 519 2982 illos
539 2929 662 2981 monachi
682 2938 829 2997 cogerent,
848 2927 1048 2978 insatiabilitate
1067 2929 1119 2978 iam
1135 2933 1307 2993 aegrotantes
1327 2932 1355 2975 et

255 3003 283 3054 in
302 3001 419 3054 habiturn
440 3002 648 3068 perturbationis
664 3001 731 3056 lacti
752 3008 778 3050 et
796 3001 949 3066 superiores
969 3000 1119 3061 contrariis,
1139 2997 1285 3065 siquando
1304 2997 1355 3048 lite

253 3075 287 3128 iis
305 3073 429 3141 impliciti
444 3081 542 3136 essent,
562 3074 760 3140 possessionum
780 3079 807 3122 et
825 3071 976 3123 divitiarum
995 3069 1119 3120 confluxu
1139 3078 1166 3118 ct
1185 3069 1247 3136 quia
1265 3069 1294 3118 in
1311 3068 1355 3118 his

253 3146 434 3198 arationibus
460 3145 601 3196 reddendis
626 3146 755 3195 immunes
781 3152 856 3194 erant
874 3151 901 3193 et
919 3150 1030 3208 accepto
1050 3141 1194 3210 dignabunt
1212 3141 1355 3190 vincentes

254 3217 411 3268 contrarios.
450 3225 529 3283 atque
548 3216 627 3267 fiscus
638 3216 761 3282 publicus
784 3213 873 3264 multis
891 3214 1010 3265 manibus
1029 3215 1216 3264 emitteresne
1235 3211 1263 3261 iu
1281 3210 1355 3260 mul.

254 3290 289 3339 tis
309 3287 427 3352 partibas
447 3295 557 3338 coactus
576 3289 758 3338 accessionem
777 3286 929 3352 accepit‘et
946 3285 1063 3336 lenimen
1082 3299 1136 3334 non
1156 3283 1306 3347 modicum,
1327 3283 1356 3332 in

257 3357 351 3426 quibus
370 3357 429 3408 aliis
448 3373 482 3408 ne
507 3358 615 3408 minimo
635 3359 740 3424 quidem
759 3357 837 3408 modo
855 3358 955 3407 nocuit.

356 3428 475 3478 Habebat
493 3430 530 3478 ita
549 3444 618 3495 quae
637 3444 652 3478 a
670 3443 735 3496 rege
755 3437 813 3479 acta
833 3435 925 3492 erant,
953 3437 979 3479 et
998 3422 1151 3480 continebat
1170 3426 1240 3477 hunc
1259 3426 1287 3477 in
1305 3441 1354 3494 re.
1434 3425 1436 3435 '

256 3498 319 3570 gina
331 3499 435 3550 urbium
453 3507 562 3566 propter
581 3500 750 3550 finitimorum
769 3501 947 3566 positionem:
967 3502 1038 3551 circa
1057 3501 1126 3550 idem
1145 3506 1233 3549 autem
1252 3505 1358 3563 tempus

257 3573 344 3625 elatus
364 3571 514 3638 patriarcha
533 3570 627 3638 quibus
647 3572 770 3636 superior
788 3571 873 3622 lactus
893 3586 952 3623 esse
971 3571 1021 3623 sibi
1042 3571 1197 3634 videbatur,
1226 3577 1253 3620 et
1270 3571 1359 3637 magis

259 3660 334 3713 quam
352 3658 400 3710 pro
420 3659 468 3695 sna
486 3643 615 3710 dignitate
634 3643 740 3694 summis
761 3658 790 3693 se
808 3657 934 3708 praeesse
960 3650 1054 3709 putans
1074 3650 1101 3693 et
1119 3644 1252 3693 animosus
1268 3642 1359 3706 impe.

260 3717 354 3766 catoris
373 3713 565 3766 benevolentia
583 3729 664 3781 saepe
684 3713 754 3763 hunc
774 3714 808 3764 ab
826 3715 954 3781 inceptis,
975 3729 1043 3780 quae
1062 3715 1111 3766 sibi
1129 3729 1184 3765 non
1202 3711 1360 3779 placerent,

239 3835 241 3838 .
260 3785 400 3846 retinebat,
420 3786 551 3836 interdum
570 3794 706 3852 paternam
725 3784 852 3836 adhibens
872 3786 1072 3850 dispositionem
1092 3794 1118 3836 et
1133 3784 1361 3846 exhortationem,

260 3855 389 3906 interdum
414 3856 632 3922 reprehensionis
653 3857 774 3907 nuntium
794 3865 821 3908 et
837 3858 965 3907 minarum
984 3857 1091 3908 auribus
1111 3856 1242 3922 corruptis
1261 3854 1362 3906 landa-

260 3925 376 3978 tionibus
397 3934 423 3976 et
436 3927 525 3978 verbis
537 3928 641 3980 blandis
655 3937 735 3996 atque
755 3927 906 3991 humilibus,
926 3929 963 3977 ita
981 3935 1009 3978 ut
1029 3929 1106 3979 etiam
1118 3937 1173 3978 'rex
1191 3941 1277 3994 paene
1295 3925 1361 3976 bel-

260 3998 314 4049 lum
334 4005 469 4064 pateretur
489 4005 515 4048 et
534 3999 744 4050 exhortationem
763 4001 948 4064 sempiternam
966 3999 1076 4050 baberet
1085 3999 1275 4065 turpitudinem
1286 4015 1293 4047 ο
1304 4011 1362 4046 non

260 4069 370 4122 multum
389 4077 475 4120 autem
494 4076 597 4135 tempus
616 4070 818 4122 has‘oratioues
837 4070 941 4132 ferens,
968 4072 1058 4121 statuit
1076 4086 1125 4122 rex
1143 4070 1213 4120 huuc
1231 4077 1363 4134 utsupra

262 4157 291 4197 se
311 4149 428 4194 erectum
446 4141 582 4206 deiicere,
612 4149 638 4193 et
656 4143 821 4193 sacerdotum
847 4141 922 4211 quasi
941 4141 1092 4209 superbiam
1111 4158 1126 4194 e
1144 4141 1233 4192 medio
1250 4140 1362 4192 omnino

595 4229 612 4256 0
