2875 4734
558 222 772 328 'morona
1152 261 1219 372 or

110 425 224 506 τικιὸν,
247 421 329 489 οἳ
296 447 352 507 την
369 421 509 509 Ἰβηρίαν
533 451 585 491 και
582 431 861 514 Μεσοποταμίαν
882 459 935 499 και
951 429 1029 519 ύχρι
1046 440 1222 504 Λυκανιλού

121 547 173 587 και
170 524 374 641 ΙΜελιτηνῆς
391 528 447 590 καί
465 531 527 590 τοῦν
546 533 791 613 παρακειμένων
812 537 953 601 οἰκοῦσιν
977 539 1147 621 Ἀρμένιοι,
1171 563 1223 602 και

121 619 151 686 οἱ
172 622 228 706 τήν
251 621 427 708 Ἰουδαϊκην
443 649 498 690 του
487 631 687 714 Νεστορίου
711 632 765 696 καί
785 632 841 717 την
861 639 922 700 τῶν
948 630 1118 724 ἀκεφάλων
1139 644 1223 724 θρη-

119 721 280 798 σκεύοντες
300 723 440 805 αἵρεσιν·
464 730 517 792 κοί
534 729 594 812 γὰρ
619 730 852 814 πλήθουσιν
818 760 852 799 οι
870 741 976 821 χῶραι
1001 741 1055 822 τῆς
1076 739 1224 823 τοιαύτης

94 821 312 900 5κοκούοξίας.
365 823 445 891 έπάν
480 829 546 894 δὲ
537 855 588 894 και
621 833 682 895 τιύν
700 829 931 917 ύρθοδύξων“
910 853 1018 921 ηψατο
1051 836 1085 904 τὸ
1107 841 1222 922 δεινόν,

120 925 166 1000 είς
190 921 374 1016 α’μηχονιάν
396 952 477 1008 ησαν
500 930 615 1006 πάντες
637 931 666 995 οἱ
684 929 724 997 τύ
742 929 909 1017 Ῥωμαίων
932 936 1169 1022 θρησκεύοντες.

212 1017 372 1106 Όμοτςδ’
393 1018 448 1092 σύν
471 1029 642 1096 ανίσταταί
659 1057 707 1109 τις
738 1034 803 1099 τῶν
825 1038 1041 1122 εὐπατριδῶν,
1059 1038 1223 1122 Ῥωμανύς

119 1119 378 1211 βεστύρχης;
354 1131 434 1216 nrt
470 1133 597 1248 ἐπίκλην
617 1135 781 1220 Διογένης.
824 1128 917 1213 ούτος
947 1137 1008 1220 γοὶρ
1031 1141 1087 1205 καί
1109 1142 1223 1224 πρύτε-
1243 1180 1259 1228 q

122 1246 179 1310 ρον
200 1229 259 1310 μέν
289 1225 372 1311 teate
398 1232 433 1294 a'u
457 1233 511 1314 τῆς
531 1234 592 1295 τοόν
615 1234 816 1317 κρατούντων
844 1236 947 1312 οίτίας
968 1230 1043 1303 καί
1052 1240 1115 1303 τῶν
1140 1243 1222 1305 ε’κεῖ-

79 1341 111 1394 10
121 1326 224 1390 θεν
204 1325 431 1412 υστερημοὶτων
453 1330 721 1415 ἀναπληρούμενα
750 1337 813 1399 τοῖν
835 1334 963 1422 ἐχθροῖν
991 1335 1031 1403 τύ
1056 1341 1223 1422 θελήματα

121 1451 175 1491 και
203 1428 361 1510 μεγάλους
398 1431 581 1513 γινομένους
616 1440 685 1508 τοις
718 1437 934 1519 μικρολογίαις
967 1463 1029 1501 τοον
1046 1438 1223 1520 Ῥωμαίων,

121 1527 285 1632 έσοτνιοῖτο
301 1530 356 1592 καί
373 1524 524 1614 ησχαλλε,
544 1558 595 1597 και
617 1530 813 1599 ἀποστασίαν
832 1541 893 1618 μὲν
908 1529 1032 1618 ὤδινεν,
1052 1542 1109 1603 ου’κ
1131 1539 1232 1625 ἔρωτι·

119 1621 194 1710 μέν,
217 1628 259 1704 ὥς
281 1629 541 1713 διεβεβαιοῦτο“
519 1655 671 1716 υοτερον,
693 1660 745 1698 και
773 1635 945 1701 ἀπολαύσει
970 1663 1033 1703 τοον
1055 1641 1224 1722 ἐξαιρέτως

121 1730 231 1811 ου’τῆς,
256 1728 324 1795 ἀλλ’
347 1729 390 1806 ὥς
412 1729 468 1806 τὰς
489 1734 589 1815 τύχας
606 1732 791 1818 α’νορθιύσαι
807 1738 871 1799 τῶν
895 1731 954 1820 ἤδη
970 1728 1127 1803 nao6sroos
1143 1737 1225 1803 ‘Poo-

78 1837 110 1888 15
120 1854 239 1912 μαντον,
263 1823 313 1894 ὅτι
335 1857 378 1914 μη
403 1829 598 1914 κατὰλόγον
623 1828 688 1915 εἶχε
710 1835 749 1898 τύ
773 1835 954 1955 πράγματα
998 1840 1224 1918 ε’μπιοτευθεις

122 1922 181 1994 ουν
202 1930 256 1996 έπι
276 1935 356 1996 τέλει
378 1935 435 1996 τοῦ
455 1935 614 2013 βασιλέως
627 1955 684 1998 του
670 1930 811 2000 Δούκα
835 1960 892 2018 την
908 1962 962 2021 της
982 1940 1186 2021 Σαρδικῆς’
1163 1963 1226 2021 ορ-

122 2028 198 2114 χήν,
218 2028 430 2148 ἐβουλεύσατο
452 2028 526 2108 τούς
548 2032 764 2117 Σαυρομάτας
787 2039 1029 2119 προσλαβέσθαι
1052 2034 1225 2122 συνεργούς

121 2136 170 2206 εἰς
197 2127 232 2195 τύ
266 2126 484 2249 μελετώμενον
513 2157 565 2197 και
590 2133 634 2210 εἷς
657 2139 816 2218 προύπτον
847 2131 924 2200 αύτύ
956 2136 1093 2219 α’γαγεῖν.
1136 2139 1226 2201 έπεί-

121 2238 217 2298 θοντο
239 2229 300 2315 γύρ
323 2234 435 2296 ἐκεῖνοι
461 2236 503 2320 τηῖ
526 2233 621 2317 ἄνδρα
640 2233 740 2324 τούτῳ
768 2233 822 2300 ύιύ
845 2235 878 2300 τὸ
904 2238 938 2299 ἐκ
967 2240 1032 2320 τῆς
1041 2233 1224 2319 α’γχιθύρου

77 2345 112 2399 20
121 2335 314 2419 στρατηγίας
336 2332 661 2419 προεπιγινούσκεσθαι
684 2338 796 2400 τούτου
817 2334 939 2415 αὐτοῖς,
956 2333 1048 2402 ὁπότε
1068 2340 1131 2414 τῶν
1152 2341 1227 2422 περὶ

122 2431 181 2499 τὸν
201 2425 325 2517 Ἴστρον
343 2425 455 2517 ἅρχων
489 2435 609 2498 πύλεοον
628 2437 750 2515 τούτοις
779 2439 1009 2523 α’ντεπολέμησε
1040 2439 1095 2502 καί
1115 2445 1222 2505 πεσεῖν
1233 2443 1252 2499 f.
1275 2443 1325 2500 186
1341 2459 1372 2501 r.

122 2531 357 2616 ἐκινδύνευσεν,
379 2536 409 2599 εἰ
432 2534 478 2620 μη
501 2538 635 2614 ἐξειλετο
655 2539 768 2602 τοῦτον
791 2535 1035 2627 ἀκατογοονίστην
1063 2534 1150 2626 ῥύμη
1172 2541 1228 2605 καί

123 2633 218 2722 ῥύμη
242 2634 426 2722 Νικηφόρος
456 2635 629 2722 μύγιστρος
651 2637 667 2702 ὅ
690 2636 915 2725 Βοτανειύτης·
965 2642 1057 2704 τούτο
1079 2637 1139 2724 γὰρ
1164 2637 1224 2724 έγοί
1268 2643 1276 2653 ’

197 2805 239 2859 13
258 2805 324 2878 μέν]
344 2805 399 2879 μέν
414 2803 579 2875 inermos?
680 2808 831 2880 ἐξαιρέτοιν
849 2809 992 2877 interpres.

123 2961 283 3013 ieotornm
275 2976 316 3012 rra
334 2968 425 3015 contra
444 2962 605 3028 haereticos,
626 2965 670 3032 qui
689 2945 803 3015 Iberiorn
823 2970 850 3012 et
868 2963 1082 3028 Mesopotamiam
1096 2970 1123 3012 et
1139 2977 1225 3030 usqne

122 3033 159 3084 ad
183 3032 333 3098 Lyoandum
359 3042 385 3085 et
408 3033 560 3088 Melitenen
586 3042 613 3083 et
637 3033 786 3085 adiacentia
815 3031 875 3082 loca
893 3031 1031 3094 incolunt,
1059 3033 1179 3084 Armenii
1199 3041 1225 3083 et

124 3104 172 3171 qui
202 3103 330 3155 iudaicam
355 3104 472 3158 Nestorii
501 3113 529 3154 et
547 3104 627 3169 capiti
655 3101 852 3171 (patriarchae)
874 3068 1084 3152 inobedien6ium
1104 3101 1225 3153 colentes

123 3173 266 3227 haeresim.
305 3177 401 3228 etenim
420 3174 500 3241 plena
513 3181 574 3225 sunt
591 3172 652 3222 loca
670 3171 717 3223 tali
737 3172 805 3223 falsa
817 3172 877 3223 fide.
916 3173 1019 3239 quando
1037 3180 1125 3224 autern
1146 3174 1225 3224 etiem

124 3245 288 3298 orthodoxos
314 3247 404 3314 tetigit
422 3241 589 3310 perieulum,
618 3245 646 3294 iu
674 3242 831 3295 difficultate
858 3251 933 3295 erant
951 3258 1043 3296 ornnes
1064 3243 1225 3296 Graecorum

122 3316 203 3368 iidem
223 3315 352 3368 colentes.

232 3387 328 3440 Tamen
355 3387 437 3453 igitur
468 3386 553 3453 surgit
572 3386 677 3454 quidam
695 3385 825 3438 nobilium
845 3386 960 3440 Graecus
979 3387 1223 3453 protovestiarius,

123 3459 170 3510 oui
187 3474 285 3510 nomeu
305 3457 458 3525 Βίορειιὶετ
477 3456 521 3508 bio
541 3458 610 3508 enim
631 3458 708 3508 otiam
728 3465 805 3509 antea
818 3457 912 3509 videns
937 3459 1125 3524 imperatorum
1145 3457 1226 3524 eulpa

123 3538 154 3580 et
172 3530 234 3580 inde
254 3527 357 3578 effectis
375 3529 505 3601 angustiis
524 3536 633 3596 peraeta
652 3528 766 3580 bostium
787 3528 901 3580 oonsilio
914 3536 941 3580 et
949 3544 1061 3596 magnos
1072 3542 1119 3578 eos
1138 3527 1224 3578 iactos

121 3599 287 3668 parsimonie
311 3590 489 3662 Graecorum,
517 3614 598 3666 aegre
619 3599 723 3650 ferebat
742 3608 769 3650 et
786 3599 973 3667 indignabatur
993 3607 1021 3649 et
1045 3598 1224 3649 deiectionem

120 3668 300 3724 meditabatur
323 3683 375 3721 non
402 3671 545 3738 eupiditate
575 3671 680 3736 quidem
706 3677 736 3720 ut
763 3669 911 3722 affirmabat
938 3676 1056 3734 postea,
1083 3676 1110 3718 et
1136 3668 1224 3719 fructu

122 3739 323 3794 commodorum
343 3741 409 3805 eius,
430 3743 476 3793 sod
495 3748 524 3792 ut
543 3740 661 3791 fortunas
683 3741 839 3792 restitueret
859 3740 1033 3790 cadentium
1027 3754 1079 3791 ram
1104 3737 1223 3791 Graeco-

121 3827 203 3874 rum,
224 3827 283 3862 enm
300 3826 353 3862 non
373 3778 518 3864 secundum
535 3812 665 3862 rationem
684 3827 715 3863 se
735 3811 866 3861 haberent
883 3825 936 3861 res.
975 3825 1033 3861 eum
1059 3811 1141 3878 igitur
1160 3826 1222 3861 ere.

123 3884 180 3933 dita
199 3890 271 3933 esset
290 3883 315 3932 ei
335 3884 446 3949 imperio
465 3884 538 3951 regis
558 3883 649 3934 orcae
669 3882 773 3934 sardica
791 3882 924 3946 satrapia‚
943 3883 1035 3932 statuit
1055 3881 1222 3934 Sauromatas

93 4011 99 4016 ,
123 3954 250 4018 accipere
276 3953 365 4004 socios
392 3954 424 4003 ad
449 3953 590 4004 eonsilium
618 3960 645 4003 et
664 3953 691 4002 in
711 3952 879 4003 manifestum
897 3951 923 4002 id
945 3951 1102 4017 producere.
1136 3966 1222 4017 ’ρεισ-

122 4025 189 4075 bant
214 4024 283 4073 eninr
308 4023 350 4074 illi
370 4025 428 4074 viro
450 4025 529 4087 huic,
552 4024 614 4091 quia
632 4023 724 4074 vicino
745 4024 857 4090 imperio
876 4021 920 4073 bio
939 4024 972 4074 iis
992 4032 1070 4074 autea
1089 4029 1223 4088 spectatus

126 4102 198 4158 eret,
224 4109 283 4146 enm
308 4096 433 4161 princeps
455 4094 558 4147 urbium
579 4096 649 4146 circa
667 4094 763 4146 Istrum
783 4095 891 4146 siturum
910 4093 952 4145 bis
970 4094 1070 4145 bellum
1095 4091 1223 4154 inferret,

126 4172 154 4215 et
171 4167 267 4218 eadere
285 4165 498 4234 periclitaretur,
523 4168 577 4219 nisi
602 4167 746 4218 exemisset
764 4166 834 4218 buno
854 4167 954 4235 impetu
974 4173 1001 4215 et
1019 4162 1117 4215 robore
1139 4161 1222 4216 Nice.

183 4263 264 4316 uet.
281 4261 364 4330 εντα.
385 4261 451 4318 σεο.
1018 4258 1033 4313 ν
