2875 4734
204 228 279 326 oro
497 245 715 320 nrcmmrs
747 240 1007 317 ammaonte

202 419 297 511 βόλρι.
341 354 585 499 διαλάμπουσαν
607 415 669 500 γάρ
687 411 771 497 ἔχων
793 411 849 497 τὴν
871 402 948 493 ipo
969 399 1120 494 αἰιράτοις
1141 404 1243 480 τοῖς’
1227 426 1309 493 apo-

203 521 342 606 θὴμασι,
363 516 437 593 τοός
458 514 650 641 όφθαλμρός
673 512 799 580 ἐδείκνυ
820 517 964 598 χαριτονν
984 504 1132 590 μεστοός,
1148 531 1181 572 το
1202 508 1307 587 μόλον

95 634 106 655 “
203 614 340 705 άιιρατον
359 617 512 697 ἕξωθεν’
497 619 663 702 επιτρόχον
683 606 947 688 όποδειιινόουτας
964 636 1016 676 και
1012 605 1153 685 κάλλος
1168 599 1307 691 άρρητον

190 714 334 789 ἔνδοθεν
366 721 637 803 άποστιλβοντας,
673 715 730 803 τήν
750 742 785 783 τε
809 713 912 803 όφρόν
941 711 1193 797 όπεραιρομόνην
1215 710 1306 791 tatas

203 823 357 905 άψῖδος
343 847 376 887 εν
397 817 492 907 όμοόρ
511 843 565 883 και
561 814 776 906 α’ψευδοόσιγ
797 817 900 905 βαφῇ,
921 837 974 877 και
998 808 1031 877 τό
1055 814 1200 894 μέτωπον
1222 831 1306 893 φεγ-
1316 830 1334 883 5
1352 869 1357 877 ,

202 923 347 1008 γοβόλυις
372 919 553 1010 προσεοικὸς
585 926 655 994 ταῖς
686 924 935 1013 μαρμαρυγαῖς,
967 917 1022 980 καί
1050 910 1108 996 τὴν
1128 901 1226 992 άλλην
1247 910 1307 972 τοῦ

203 1023 374 1110 προσώπου
406 1026 601 1089 κατάστασιν
622 1015 840 1105 ἀναλογοῦσαν
870 1020 913 1106 τῷ
941 1013 1050 1081 κάλλει
1080 1014 1135 1077 κατ’
1157 1010 1306 1094 δεότερον

177 1102 181 1124 ¹
204 1119 293 1212 η’λιον
314 1148 559 1210 χειροτονουσαν
579 1125 723 1207 ἐπίγειον.
767 1145 822 1186 και
818 1120 1000 1202 θεαθῆναι
1020 1118 1078 1198 μὲν
1098 1114 1237 1187 τοιοῦτος
1255 1102 1306 1194 ἦν,

73 1211 261 1299 attonsum
283 1236 421 1313 κρεῖττον
444 1219 522 1310 ἤπερ
547 1227 785 1311 εἀπόφρασται·
837 1220 986 1304 όμιλησαι
1016 1219 1051 1281 δὲ
1070 1215 1221 1280 τοσοῦτον
1241 1236 1305 1295 χα-

207 1333 286 1413 ρίεις
308 1353 362 1392 ναι
358 1320 524 1407 εόθομος
558 1350 611 1391 και
607 1323 852 1409 περιδέξιος’
836 1347 868 1397 ες
900 1320 938 1385 τά
960 1315 1101 1402 μάλιστα
1122 1314 1164 1391 τός
1187 1313 1305 1396 Σειρῆ-
1286 1340 1350 1393 -10

204 1453 261 1505 νας
279 1432 452 1511 μιμεῖσθαι
474 1426 548 1503 τοός
571 1427 735 1514 φθόγγους
768 1424 891 1504 ednod,
913 1420 1034 1493 πάντας
1057 1418 1204 1490 ἕλκοντας
1224 1412 1306 1533 πρός

203 1528 369 1612 ἀκρόασιν,
393 1533 447 1594 καί
468 1532 531 1594 τεόν
553 1525 633 1593 οἴκοι
654 1529 823 1599 ποιοῦντας
852 1471 1126 1589 όνόιλανθάνὲσθαι
1147 1542 1200 1581 και
1219 1510 1305 1605 μόνῳ

203 1631 412 1712 προσανέχειν
432 1622 529 1717 αότῷ
573 1622 675 1701 οότονς
696 1626 731 1689 ἐκ
752 1620 876 1709 πραότης
906 1618 1073 1699 ἐντεύξεως
1104 1614 1203 1683 ἅπασι
1226 1640 1323 1700 σχε-

203 1728 262 1794 δόν
283 1731 382 1804 πόθος
403 1731 460 1793 τοό
481 1729 668 1811 βασιλέως’
652 1729 835 1810 artusque,
858 1722 897 1787 ου’
919 1720 1016 1805 μόνον
1033 1717 1202 1803 ΗΡωμαιοις
1223 1716 1304 1781 α’λλά

203 1853 257 1894 ιιαι
277 1828 385 1905 αυτοῖς
410 1838 477 1906 τοῖς
499 1832 651 1903 ἐναντίοις
672 1850 725 1892 και
736 1822 994 1909 μαχιμωτάτοις
1018 1818 1165 1906 άνδρόσι,
1188 1844 1240 1883 και
1263 1842 1307 1882 mc
1317 1847 1351 1901 15

202 1959 222 2016 η
211 1927 357 2016 “πρι”ιξις
378 1936 440 1996 τοῖν
463 1927 668 2016 α’γριιοτάτονν
691 1932 815 2015 θηρίων
837 1926 894 1991 oda
914 1920 1044 1995 dandal:
1070 1926 1211 2005 αἰδεῖται
1231 1918 1305 2005 γάρ,

200 2037 309 2119 φησίν,
332 2029 446 2154 άρετὴν
479 2036 535 2097 ιιαί
563 2035 722 2112 πολέμιος.
768 2027 796 2094 οἱ
822 2031 856 2093 δὲ
878 2032 935 2110 oda
964 2029 1048 2093 αι’δοό
1078 2028 1175 2108 μόνον
1199 2019 1306 2105 ἔσχον,

202 2131 285 2196 άλλοὶ
306 2132 361 2197 καί
384 2130 483 2220 φόβον
517 2135 572 2199 ναὶ
593 2130 691 2197 πόθον
722 2135 777 2215 τῆς
808 2133 866 2196 τοῦ
898 2126 1120 2212 βασιλεύοντος
1143 2124 1307 2200 θεοειδοός

202 2230 401 2317 ἀναβάσεως.

298 2334 385 2401 Ἀλλ’
407 2334 503 2417 ὃμὲν
523 2359 597 2418 περι
612 2331 683 2401 τοῦ
704 2332 838 2419 κρότους
868 2330 970 2398 αότοῦ
989 2332 1080 2415 λόγος
1101 2326 1349 2411 α’ναμεινάτονςρ

201 2436 335 2521 μικρόν·
389 2439 459 2501 ε’πεί
491 2439 526 2501 δὲ
548 2442 623 2522 περό
649 2440 704 2519 τῆς
737 2438 794 2502 τοῦ
815 2440 924 2519 γόνους
944 2432 1047 2498 ου’τοό
1067 2427 1304 2515 μεγαλειότητος

201 2535 456 2621 ἐπεμνήσθημεν,
476 2538 583 2623 βραχύ
603 2562 633 2603 τι
656 2538 732 2623 περό
749 2535 861 2602 τούτου
884 2533 1116 2617 διαλεξόμεθα,
1131 2534 1183 2595 ἵνα
1205 2533 1301 2613 γντόσι

202 2639 315 2713 πάντες
337 2640 412 2704 οἵαν
433 2641 519 2728 αυτῷ
541 2644 605 2706 τάν
629 2641 796 2726 προγόνων.
815 2632 915 2705 όντων
943 2637 989 2713 εἶς
1014 2634 1225 2721 περιφάνειαν
1245 2630 1304 2696 άν-

201 2943 297 2996 tiarnm
317 2942 423 3009 plenos,
440 2942 570 3011 integram
591 2941 727 3012 nigritiam
745 2942 912 2996 extrinsecus
932 2943 1137 2996 circumductam
1156 2942 1307 2997 ostendan-

200 3024 252 3078 tes‚
273 3022 300 3065 et
317 3013 541 3080 pulchritudinem
559 3013 766 3066 inenarrabilem
791 3015 862 3067 intus
882 3013 1056 3084 effulgentes,
1082 3022 1162 3083 atqua
1181 3016 1305 3082 superci-

201 3086 266 3139 lium
285 3101 442 3152 suspensum
458 3100 579 3137 camerae
595 3087 703 3138 instar'
696 3102 724 3136 m
741 3086 847 3155 aequali
863 3095 889 3138 et
906 3085 1024 3138 infucata
1036 3086 1161 3150 tinctura,
1181 3095 1208 3138 et
1227 3087 1304 3139 iron-

201 3167 255 3209 tem
274 3157 420 3224 splendidis
440 3156 569 3207 similem
575 3155 735 3241 luminibus,
763 3165 789 3208 et
816 3158 951 3227 reliquum
976 3159 1030 3211 oris
1051 3157 1169 3209 habitum
1188 3173 1303 3225 respon.

202 3230 309 3281 dentem
327 3226 518 3293 pulchritudini
538 3235 565 3278 et
584 3231 629 3295 qni
648 3228 760 3279 alterum
779 3228 864 3281 solem
882 3238 1016 3282 terrenum
1035 3230 1201 3281 extenderet.
1224 3239 1303 3298 atqua

201 3300 330 3365 adspectu
356 3298 462 3365 quidem
485 3297 547 3350 talis
574 3308 645 3363 erat,
667 3308 694 3351 et
717 3299 831 3352 meliore
848 3303 953 3353 ratione
981 3316 1058 3369 quam
1079 3308 1227 3353 enarratum
1248 3309 1305 3353 est.

202 3385 253 3421 usu
273 3376 361 3420 autem
382 3377 434 3419 tam
453 3370 542 3423 suavis
562 3379 589 3421 ct
605 3371 756 3424 benevolus
776 3380 802 3423 et
814 3371 914 3423 dexter
933 3372 1055 3436 maxime,
1075 3382 1104 3426 nt
1119 3374 1221 3424 sirenes
1240 3373 1305 3423 imi.

201 3449 322 3495 tarentur
342 3442 399 3492 eius
417 3455 516 3505 voces,
535 3444 673 3494 trabentes
698 3458 790 3494 omnes
816 3444 849 3496 ad
869 3442 1043 3507 audiendum,
1064 3452 1091 3495 et
1108 3443 1256 3495 allicientes
1275 3450 1306 3494 ut

203 3513 430 3565 obliviscerentur
448 3513 489 3563 rei
507 3514 671 3566 domesticae
697 3521 725 3563 et
742 3513 794 3566 soli
814 3516 906 3566 attenti
928 3522 1018 3566 essent
1035 3516 1077 3566 ei:
1103 3517 1140 3567 ita
1160 3529 1193 3565 ex
1218 3516 1304 3581 primo

203 3600 335 3638 concursu
363 3584 484 3637 omnibus
514 3586 573 3635 lere
602 3585 761 3637 desiderium
780 3587 853 3653 regis
879 3586 991 3638 obvenit
1008 3586 1062 3637 non
1080 3586 1166 3640 solum
1186 3586 1304 3649 Graecia,

202 3657 249 3709 sed
276 3658 354 3708 etiam
383 3658 449 3724 ipsis
474 3656 634 3708 adversariis
663 3664 690 3707 et
708 3658 911 3722 pugnacissimis
935 3657 1018 3721 viria,
1047 3666 1075 3711 et
1104 3672 1215 3726 qnorum
1234 3658 1304 3710 actio

201 3741 257 3777 non
278 3727 354 3779 abest
374 3743 390 3779 a
408 3727 502 3779 bestiis
529 3728 721 3780 ferocissimis:
748 3735 858 3780 veretur
882 3730 965 3792 enim,
990 3736 1020 3780 ut
1038 3729 1088 3781 ille
1106 3731 1159 3793 ait,
1179 3729 1304 3781 virtutem

201 3796 248 3849 vel
271 3796 374 3848 hostis.
401 3797 444 3849 illi
469 3808 557 3851 autem
581 3813 636 3850 non
661 3798 849 3851 verecundiam
877 3801 964 3852 solum
991 3800 1133 3865 habebant,
1160 3801 1305 3855 sedetiam

201 3876 300 3921 metum
320 3876 347 3919 ct
364 3868 525 3922 desiderium
544 3872 630 3923 divini
647 3886 776 3925 ascensus
794 3874 949 3940 regnantis:
975 3872 1022 3925 sod
1046 3888 1134 3925 sermo
1154 3873 1187 3926 de
1205 3872 1305 3940 potan-‘

201 3942 240 3993 tia
259 3942 318 3993 eiua
334 3938 442 4007 paulum
461 3941 579 3995 desistat

303 4027 368 4082 Cum
387 4034 475 4078 autem
491 4030 699 4097 magnitudinem
717 4034 825 4101 generis
847 4034 904 4085 eius
923 4034 1200 4097 commemoravimus,
1219 4046 1305 4099 pauca

204 4102 331 4185 quaedam
349 4101 382 4151 de
402 4098 454 4150 hoc
474 4100 600 4165 dicamus,
621 4112 650 4154 ut
670 4114 834 4172 cognoscant
852 4120 963 4169 omnes,
984 4113 1125 4173 quantum,
1145 4120 1204 4157 cnm
1233 4102 1304 4155 tales

205 4174 230 4223 ci
249 4182 339 4227 assent
356 4173 482 4238 maiores,
500 4172 534 4224 de
552 4172 697 4240 splendore
715 4178 821 4231 virtutis
837 4184 864 4229 ct
880 4175 985 4244 gloriae
1005 4176 1049 4231 hic
1069 4191 1115 4231 cos
1135 4176 1307 4245 superauerit
