<?xml version="1.0" encoding="UTF-8"?>
<!DOCTYPE html PUBLIC "-//W3C//DTD XHTML 1.0 Transitional//EN"
    "http://www.w3.org/TR/xhtml1/DTD/xhtml1-transitional.dtd">
<html xmlns="http://www.w3.org/1999/xhtml" xml:lang="en" lang="en">
 <head>
  <title>
</title>
<meta http-equiv="Content-Type" content="text/html;charset=utf-8" />
  <meta name='ocr-system' content='tesseract 3.04.00' />
  <meta name='ocr-capabilities' content='ocr_page ocr_carea ocr_par ocr_line ocrx_word'/>
</head>
<body>
  <div class='ocr_page' id='page_1' title='image "./corpusscriptoru05theogoog/corpusscriptoru05theogoog_0203.png"; bbox 0 0 2875 4734; ppageno 0'>
   <div class='ocr_carea' id='block_1_1' title="bbox 577 290 1226 365">
    <p class='ocr_par' dir='ltr' id='par_1_1' title="bbox 577 290 1226 365">
     <span class='ocr_line' id='line_1_1' title="bbox 577 290 1226 365; baseline -0.002 1"><span class='ocrx_word' id='word_1_1' title='bbox 577 294 784 365; x_wconf 77' lang='lat' dir='ltr'>HISTORIA.</span> <span class='ocrx_word' id='word_1_2' title='bbox 910 323 917 333; x_wconf 61' lang='lat'><strong><em>¹</em></strong></span> <span class='ocrx_word' id='word_1_3' title='bbox 1157 290 1226 365; x_wconf 83' lang='lat'>165</span> 
     </span>
    </p>
   </div>
   <div class='ocr_carea' id='block_1_2' title="bbox 79 454 1279 2753">
    <p class='ocr_par' dir='ltr' id='par_1_2' title="bbox 79 454 1279 2753">
     <span class='ocr_line' id='line_1_2' title="bbox 130 454 1230 545; baseline -0.003 -19"><span class='ocrx_word' id='word_1_4' title='bbox 130 459 246 545; x_wconf 85' lang='grc' dir='ltr'><strong><em>σκηνήν</em></strong></span> <span class='ocrx_word' id='word_1_5' title='bbox 268 458 509 540; x_wconf 87' lang='grc' dir='ltr'><strong><em>άποτευχθήναι</em></strong></span> <span class='ocrx_word' id='word_1_6' title='bbox 529 459 590 522; x_wconf 86' lang='grc' dir='ltr'>καί</span> <span class='ocrx_word' id='word_1_7' title='bbox 605 460 782 541; x_wconf 75' lang='grc' dir='ltr'><strong><em>θεραπείαν</em></strong></span> <span class='ocrx_word' id='word_1_8' title='bbox 807 454 1020 541; x_wconf 77' lang='grc' dir='ltr'><strong><em>ἁρμόζουσαν,</em></strong></span> <span class='ocrx_word' id='word_1_9' title='bbox 1042 457 1230 524; x_wconf 76' lang='grc' dir='ltr'><strong><em>σύνδειπνον</em></strong></span> 
     </span>
     <span class='ocr_line' id='line_1_3' title="bbox 90 558 1230 643; baseline 0 -22"><span class='ocrx_word' id='word_1_10' title='bbox 90 613 94 621; x_wconf 94' lang='grc'><em>.</em></span> <span class='ocrx_word' id='word_1_11' title='bbox 130 558 229 627; x_wconf 86' lang='grc' dir='ltr'><strong><em>αύτόν</em></strong></span> <span class='ocrx_word' id='word_1_12' title='bbox 263 559 376 625; x_wconf 85' lang='grc' dir='ltr'><strong><em>αύτίκα</em></strong></span> <span class='ocrx_word' id='word_1_13' title='bbox 398 561 454 623; x_wconf 82' lang='grc' dir='ltr'>καί</span> <span class='ocrx_word' id='word_1_14' title='bbox 481 558 665 639; x_wconf 76' lang='grc' dir='ltr'><strong><em>ὁμοδίαιτον</em></strong></span> <span class='ocrx_word' id='word_1_15' title='bbox 697 559 929 642; x_wconf 74' lang='grc' dir='ltr'><strong><em>ἀπειργάσατο,</em></strong></span> <span class='ocrx_word' id='word_1_16' title='bbox 955 560 1000 642; x_wconf 90' lang='grc' dir='ltr'><strong><em>μή</em></strong></span> <span class='ocrx_word' id='word_1_17' title='bbox 1023 559 1111 643; x_wconf 90' lang='grc' dir='ltr'><strong><em>παρά</em></strong></span> <span class='ocrx_word' id='word_1_18' title='bbox 1132 560 1230 642; x_wconf 81' lang='grc' dir='ltr'><strong><em>μέρος</em></strong></span> 
     </span>
     <span class='ocr_line' id='line_1_4' title="bbox 129 657 1231 745; baseline -0.001 -22"><span class='ocrx_word' id='word_1_19' title='bbox 129 664 264 735; x_wconf 92' lang='grc' dir='ltr'><strong><em>καθίσας</em></strong></span> <span class='ocrx_word' id='word_1_20' title='bbox 286 659 395 741; x_wconf 83' lang='grc' dir='ltr'><strong><em>αύτόν,</em></strong></span> <span class='ocrx_word' id='word_1_21' title='bbox 407 657 497 736; x_wconf 83' lang='grc' dir='ltr'>Ιιιῖλλά</span> <span class='ocrx_word' id='word_1_22' title='bbox 518 659 691 743; x_wconf 74' lang='grc' dir='ltr'><strong><em>σύνθρονον</em></strong></span> <span class='ocrx_word' id='word_1_23' title='bbox 709 662 742 724; x_wconf 80' lang='grc' dir='ltr'>όν</span> <span class='ocrx_word' id='word_1_24' title='bbox 760 657 908 743; x_wconf 88' lang='grc' dir='ltr'><strong><em>εύθύτητι</em></strong></span> <span class='ocrx_word' id='word_1_25' title='bbox 926 664 982 743; x_wconf 81' lang='grc' dir='ltr'>τῆς</span> <span class='ocrx_word' id='word_1_26' title='bbox 1004 658 1148 745; x_wconf 79' lang='grc' dir='ltr'><strong><em>ἐκκρίτου</em></strong></span> <span class='ocrx_word' id='word_1_27' title='bbox 1169 657 1231 722; x_wconf 90' lang='grc' dir='ltr'>τά-</span> 
     </span>
     <span class='ocr_line' id='line_1_5' title="bbox 129 752 1229 843; baseline -0.002 -20"><span class='ocrx_word' id='word_1_28' title='bbox 129 765 205 839; x_wconf 85' lang='grc' dir='ltr'><strong><em>ξεως</em></strong></span> <span class='ocrx_word' id='word_1_29' title='bbox 226 761 281 824; x_wconf 87' lang='grc' dir='ltr'>καί</span> <span class='ocrx_word' id='word_1_30' title='bbox 301 755 453 839; x_wconf 77' lang='grc' dir='ltr'><strong><em>ὁμόδοξον</em></strong></span> <span class='ocrx_word' id='word_1_31' title='bbox 480 759 561 823; x_wconf 89' lang='grc' dir='ltr'><strong><em>κατά</em></strong></span> <span class='ocrx_word' id='word_1_32' title='bbox 590 760 648 842; x_wconf 91' lang='grc' dir='ltr'>τήν</span> <span class='ocrx_word' id='word_1_33' title='bbox 678 760 774 843; x_wconf 90' lang='grc' dir='ltr'><strong><em>τιμήν</em></strong></span> <span class='ocrx_word' id='word_1_34' title='bbox 796 758 1024 843; x_wconf 86' lang='grc' dir='ltr'><strong><em>ποιησάμενος.</em></strong></span> <span class='ocrx_word' id='word_1_35' title='bbox 1076 752 1159 823; x_wconf 84' lang='grc' dir='ltr'><strong><em>οότω</em></strong></span> <span class='ocrx_word' id='word_1_36' title='bbox 1181 761 1229 833; x_wconf 92' lang='grc' dir='ltr'><strong><em>δίς</em></strong></span> 
     </span>
     <span class='ocr_line' id='line_1_6' title="bbox 100 857 1230 950; baseline -0.004 -23"><span class='ocrx_word' id='word_1_37' title='bbox 100 865 182 945; x_wconf 82' lang='grc' dir='ltr'><strong><em>5τής</em></strong></span> <span class='ocrx_word' id='word_1_38' title='bbox 205 862 325 946; x_wconf 74' lang='grc' dir='ltr'><strong><em>ἡμέρας</em></strong></span> <span class='ocrx_word' id='word_1_39' title='bbox 346 862 575 943; x_wconf 76' lang='grc' dir='ltr'><strong><em>συνερχόμενος</em></strong></span> <span class='ocrx_word' id='word_1_40' title='bbox 593 857 693 950; x_wconf 78' lang='grc' dir='ltr'><strong><em>τούτῳ</em></strong></span> <span class='ocrx_word' id='word_1_41' title='bbox 716 866 771 925; x_wconf 86' lang='grc' dir='ltr'>καί</span> <span class='ocrx_word' id='word_1_42' title='bbox 791 864 966 940; x_wconf 64' lang='lat' dir='ltr'>saltator,</span> <span class='ocrx_word' id='word_1_43' title='bbox 991 861 1046 925; x_wconf 83' lang='grc' dir='ltr'>καί</span> <span class='ocrx_word' id='word_1_44' title='bbox 1066 861 1146 944; x_wconf 88' lang='grc' dir='ltr'><strong><em>πρός</em></strong></span> <span class='ocrx_word' id='word_1_45' title='bbox 1165 886 1230 923; x_wconf 91' lang='grc' dir='ltr'>πα-</span> 
     </span>
     <span class='ocr_line' id='line_1_7' title="bbox 128 956 1229 1050; baseline 0 -25"><span class='ocrx_word' id='word_1_46' title='bbox 128 956 281 1045; x_wconf 89' lang='grc' dir='ltr'><strong><em>ράκλησιν</em></strong></span> <span class='ocrx_word' id='word_1_47' title='bbox 304 956 523 1039; x_wconf 71' lang='grc' dir='ltr'><strong><em>ἀνακτώμενος</em></strong></span> <span class='ocrx_word' id='word_1_48' title='bbox 544 958 597 1024; x_wconf 86' lang='grc' dir='ltr'><strong><em>διά</em></strong></span> <span class='ocrx_word' id='word_1_49' title='bbox 620 965 745 1025; x_wconf 76' lang='grc' dir='ltr'><strong><em>πολλῶν</em></strong></span> <span class='ocrx_word' id='word_1_50' title='bbox 767 960 958 1050; x_wconf 83' lang='grc' dir='ltr'><strong><em>ἐπρσμάτων</em></strong></span> <span class='ocrx_word' id='word_1_51' title='bbox 982 960 1161 1043; x_wconf 76' lang='grc' dir='ltr'><strong><em>ἀναγόντων</em></strong></span> <span class='ocrx_word' id='word_1_52' title='bbox 1183 963 1229 1036; x_wconf 84' lang='grc' dir='ltr'>εἰς</span> 
     </span>
     <span class='ocr_line' id='line_1_8' title="bbox 126 1056 1228 1145; baseline 0.003 -21"><span class='ocrx_word' id='word_1_53' title='bbox 126 1059 183 1142; x_wconf 90' lang='grc' dir='ltr'>τήν</span> <span class='ocrx_word' id='word_1_54' title='bbox 206 1056 358 1141; x_wconf 77' lang='grc' dir='ltr'><strong><em>βιωτικήν</em></strong></span> <span class='ocrx_word' id='word_1_55' title='bbox 383 1064 598 1145; x_wconf 79' lang='grc' dir='ltr'><strong><em>περιπέτειαν,</em></strong></span> <span class='ocrx_word' id='word_1_56' title='bbox 620 1066 735 1142; x_wconf 79' lang='grc' dir='ltr'><strong><em>μέχρις</em></strong></span> <span class='ocrx_word' id='word_1_57' title='bbox 756 1062 893 1144; x_wconf 73' lang='grc' dir='ltr'><strong><em>”ήμερο3ν</em></strong></span> <span class='ocrx_word' id='word_1_58' title='bbox 916 1059 997 1125; x_wconf 80' lang='grc' dir='ltr'><strong><em>σ’κταό</em></strong></span> <span class='ocrx_word' id='word_1_59' title='bbox 1026 1064 1088 1125; x_wconf 80' lang='grc' dir='ltr'><strong><em>ταῖν</em></strong></span> <span class='ocrx_word' id='word_1_60' title='bbox 1109 1059 1228 1141; x_wconf 83' lang='grc' dir='ltr'><strong><em>όμοίων</em></strong></span> 
     </span>
     <span class='ocr_line' id='line_1_9' title="bbox 128 1155 1229 1245; baseline -0.003 -22"><span class='ocrx_word' id='word_1_61' title='bbox 128 1158 216 1245; x_wconf 73' lang='grc' dir='ltr'><strong><em>αύτῷ</em></strong></span> <span class='ocrx_word' id='word_1_62' title='bbox 236 1155 392 1223; x_wconf 73' lang='grc' dir='ltr'><strong><em>ἐκοινώνει</em></strong></span> <span class='ocrx_word' id='word_1_63' title='bbox 414 1161 469 1220; x_wconf 88' lang='grc' dir='ltr'>καί</span> <span class='ocrx_word' id='word_1_64' title='bbox 490 1158 591 1238; x_wconf 85' lang='grc' dir='ltr'><strong><em>λόγων</em></strong></span> <span class='ocrx_word' id='word_1_65' title='bbox 615 1162 670 1222; x_wconf 89' lang='grc' dir='ltr'>καί</span> <span class='ocrx_word' id='word_1_66' title='bbox 692 1159 787 1240; x_wconf 75' lang='lat' dir='ltr'>siluis,</span> <span class='ocrx_word' id='word_1_67' title='bbox 810 1162 891 1241; x_wconf 81' lang='grc' dir='ltr'><strong><em>μηδὲ</em></strong></span> <span class='ocrx_word' id='word_1_68' title='bbox 911 1161 1008 1241; x_wconf 85' lang='grc' dir='ltr'><strong><em>μέχρι</em></strong></span> <span class='ocrx_word' id='word_1_69' title='bbox 1029 1162 1084 1224; x_wconf 86' lang='grc' dir='ltr'>καί</span> <span class='ocrx_word' id='word_1_70' title='bbox 1100 1163 1229 1242; x_wconf 81' lang='grc' dir='ltr'><strong><em>βραχυ-</em></strong></span> 
     </span>
     <span class='ocr_line' id='line_1_10' title="bbox 127 1254 1279 1347; baseline -0.001 -23"><span class='ocrx_word' id='word_1_71' title='bbox 127 1258 223 1324; x_wconf 86' lang='grc' dir='ltr'><strong><em>τάτου</em></strong></span> <span class='ocrx_word' id='word_1_72' title='bbox 247 1257 342 1340; x_wconf 89' lang='grc' dir='ltr'><strong><em>λόγου</em></strong></span> <span class='ocrx_word' id='word_1_73' title='bbox 365 1255 445 1341; x_wconf 85' lang='grc' dir='ltr'><strong><em>πρός</em></strong></span> <span class='ocrx_word' id='word_1_74' title='bbox 473 1262 583 1322; x_wconf 84' lang='grc' dir='ltr'><strong><em>τοῦτον</em></strong></span> <span class='ocrx_word' id='word_1_75' title='bbox 606 1258 895 1347; x_wconf 81' lang='grc' dir='ltr'><strong><em>ε’μπεπαριρνηκαός,</em></strong></span> <span class='ocrx_word' id='word_1_76' title='bbox 918 1254 939 1343; x_wconf 86' lang='grc' dir='ltr'><strong><em>ή</em></strong></span> <span class='ocrx_word' id='word_1_77' title='bbox 960 1254 1031 1325; x_wconf 85' lang='grc' dir='ltr'><strong><em>όσσν</em></strong></span> <span class='ocrx_word' id='word_1_78' title='bbox 1053 1260 1229 1325; x_wconf 79' lang='grc' dir='ltr'><strong><em>δοκούντων</em></strong></span> <span class='ocrx_word' id='word_1_79' title='bbox 1277 1297 1279 1303; x_wconf 90' lang='grc'><strong><em>·</em></strong></span> 
     </span>
     <span class='ocr_line' id='line_1_11' title="bbox 83 1357 1229 1447; baseline -0.003 -21"><span class='ocrx_word' id='word_1_80' title='bbox 83 1362 222 1430; x_wconf 83' lang='grc' dir='ltr'><strong><em>1οτινοόν</em></strong></span> <span class='ocrx_word' id='word_1_81' title='bbox 257 1357 457 1440; x_wconf 84' lang='grc' dir='ltr'><strong><em>σφαλμάτων</em></strong></span> <span class='ocrx_word' id='word_1_82' title='bbox 494 1361 527 1423; x_wconf 81' lang='grc' dir='ltr'>όν</span> <span class='ocrx_word' id='word_1_83' title='bbox 561 1362 601 1447; x_wconf 83' lang='grc' dir='ltr'>τῇ</span> <span class='ocrx_word' id='word_1_84' title='bbox 635 1358 738 1447; x_wconf 78' lang='grc' dir='ltr'><strong><em>ἐλάσει</em></strong></span> <span class='ocrx_word' id='word_1_85' title='bbox 768 1364 824 1443; x_wconf 79' lang='grc' dir='ltr'>τῆς</span> <span class='ocrx_word' id='word_1_86' title='bbox 852 1364 1006 1443; x_wconf 85' lang='grc' dir='ltr'><strong><em>στρατιάς</em></strong></span> <span class='ocrx_word' id='word_1_87' title='bbox 1036 1359 1229 1445; x_wconf 74' lang='grc' dir='ltr'><strong><em>ὑπομνήσας,</em></strong></span> 
     </span>
     <span class='ocr_line' id='line_1_12' title="bbox 128 1453 1230 1545; baseline -0.002 -21"><span class='ocrx_word' id='word_1_88' title='bbox 128 1459 222 1524; x_wconf 84' lang='grc' dir='ltr'><strong><em>όπάτε</em></strong></span> <span class='ocrx_word' id='word_1_89' title='bbox 243 1458 298 1523; x_wconf 85' lang='grc' dir='ltr'>καί</span> <span class='ocrx_word' id='word_1_90' title='bbox 304 1454 338 1542; x_wconf 85' lang='grc' dir='ltr'><strong><em>ή</em></strong></span> <span class='ocrx_word' id='word_1_91' title='bbox 360 1461 417 1523; x_wconf 89' lang='grc' dir='ltr'>τού</span> <span class='ocrx_word' id='word_1_92' title='bbox 435 1463 514 1523; x_wconf 80' lang='grc' dir='ltr'><strong><em>θεοῦ</em></strong></span> <span class='ocrx_word' id='word_1_93' title='bbox 541 1467 641 1545; x_wconf 86' lang='grc' dir='ltr'><strong><em>κρίσις</em></strong></span> <span class='ocrx_word' id='word_1_94' title='bbox 662 1459 745 1542; x_wconf 88' lang='grc' dir='ltr'><strong><em>μετά</em></strong></span> <span class='ocrx_word' id='word_1_95' title='bbox 767 1464 830 1525; x_wconf 78' lang='grc' dir='ltr'><strong><em>ταῖν</em></strong></span> <span class='ocrx_word' id='word_1_96' title='bbox 852 1453 957 1525; x_wconf 76' lang='grc' dir='ltr'><strong><em>ἄλλων</em></strong></span> <span class='ocrx_word' id='word_1_97' title='bbox 989 1461 1155 1525; x_wconf 75' lang='grc' dir='ltr'><strong><em>κάνταῦθα</em></strong></span> <span class='ocrx_word' id='word_1_98' title='bbox 1178 1463 1230 1523; x_wconf 91' lang='grc' dir='ltr'><strong><em>δι-</em></strong></span> 
     </span>
     <span class='ocr_line' id='line_1_13' title="bbox 127 1555 1228 1646; baseline 0 -21"><span class='ocrx_word' id='word_1_99' title='bbox 127 1564 202 1625; x_wconf 87' lang='grc' dir='ltr'><strong><em>καία</em></strong></span> <span class='ocrx_word' id='word_1_100' title='bbox 225 1559 278 1625; x_wconf 82' lang='grc' dir='ltr'>καί</span> <span class='ocrx_word' id='word_1_101' title='bbox 307 1560 448 1644; x_wconf 83' lang='grc' dir='ltr'><strong><em>άρρεπής</em></strong></span> <span class='ocrx_word' id='word_1_102' title='bbox 477 1564 647 1646; x_wconf 86' lang='grc' dir='ltr'><strong><em>κατεφάνη.</em></strong></span> <span class='ocrx_word' id='word_1_103' title='bbox 700 1561 739 1624; x_wconf 91' lang='grc' dir='ltr'>ού</span> <span class='ocrx_word' id='word_1_104' title='bbox 771 1561 831 1645; x_wconf 86' lang='grc' dir='ltr'>γάρ</span> <span class='ocrx_word' id='word_1_105' title='bbox 859 1560 888 1625; x_wconf 85' lang='grc' dir='ltr'>οἱ</span> <span class='ocrx_word' id='word_1_106' title='bbox 918 1555 1015 1641; x_wconf 48' lang='grc' dir='ltr'><strong><em>ἄλλοι,</em></strong></span> <span class='ocrx_word' id='word_1_107' title='bbox 1030 1560 1126 1642; x_wconf 88' lang='grc' dir='ltr'><strong><em>μόνον</em></strong></span> <span class='ocrx_word' id='word_1_108' title='bbox 1147 1560 1228 1625; x_wconf 87' lang='grc' dir='ltr'><strong><em>άλλά</em></strong></span> 
     </span>
     <span class='ocr_line' id='line_1_14' title="bbox 128 1648 1229 1743; baseline 0 -18"><span class='ocrx_word' id='word_1_109' title='bbox 128 1661 182 1725; x_wconf 86' lang='grc' dir='ltr'>καί</span> <span class='ocrx_word' id='word_1_110' title='bbox 201 1658 299 1735; x_wconf 84' lang='grc' dir='ltr'><strong><em>αύεός</em></strong></span> <span class='ocrx_word' id='word_1_111' title='bbox 322 1648 338 1723; x_wconf 80' lang='grc' dir='ltr'><strong><em>ό</em></strong></span> <span class='ocrx_word' id='word_1_112' title='bbox 364 1662 500 1735; x_wconf 87' lang='grc' dir='ltr'><strong><em>άλωθείς</em></strong></span> <span class='ocrx_word' id='word_1_113' title='bbox 521 1663 673 1743; x_wconf 81' lang='grc' dir='ltr'><strong><em>βασιλεύς</em></strong></span> <span class='ocrx_word' id='word_1_114' title='bbox 698 1655 785 1739; x_wconf 82' lang='grc' dir='ltr'><strong><em>όξιον</em></strong></span> <span class='ocrx_word' id='word_1_115' title='bbox 816 1658 898 1728; x_wconf 80' lang='grc' dir='ltr'><strong><em>εἶναι</em></strong></span> <span class='ocrx_word' id='word_1_116' title='bbox 921 1668 1011 1727; x_wconf 79' lang='grc' dir='ltr'><strong><em>νικᾶν</em></strong></span> <span class='ocrx_word' id='word_1_117' title='bbox 1034 1661 1131 1728; x_wconf 87' lang='grc' dir='ltr'><strong><em>αύτόν</em></strong></span> <span class='ocrx_word' id='word_1_118' title='bbox 1151 1663 1229 1725; x_wconf 86' lang='grc' dir='ltr'><strong><em>άπε-</em></strong></span> 
     </span>
     <span class='ocr_line' id='line_1_15' title="bbox 128 1759 1272 1847; baseline 0.001 -23"><span class='ocrx_word' id='word_1_119' title='bbox 128 1759 259 1847; x_wconf 82' lang='grc' dir='ltr'><strong><em>φήνατο,</em></strong></span> <span class='ocrx_word' id='word_1_120' title='bbox 282 1763 314 1826; x_wconf 85' lang='grc' dir='ltr'>εἰ</span> <span class='ocrx_word' id='word_1_121' title='bbox 333 1760 428 1841; x_wconf 87' lang='grc' dir='ltr'><strong><em>νόμον</em></strong></span> <span class='ocrx_word' id='word_1_122' title='bbox 444 1760 487 1845; x_wconf 88' lang='grc' dir='ltr'><strong><em>μή</em></strong></span> <span class='ocrx_word' id='word_1_123' title='bbox 514 1761 595 1844; x_wconf 79' lang='grc' dir='ltr'><strong><em>ἔχων</em></strong></span> <span class='ocrx_word' id='word_1_124' title='bbox 619 1764 746 1845; x_wconf 84' lang='grc' dir='ltr'><strong><em>α’γαπάν</em></strong></span> <span class='ocrx_word' id='word_1_125' title='bbox 775 1764 849 1839; x_wconf 80' lang='grc' dir='ltr'><strong><em>τοὺς</em></strong></span> <span class='ocrx_word' id='word_1_126' title='bbox 870 1761 1010 1847; x_wconf 78' lang='grc' dir='ltr'><strong><em>ἐχθρούς</em></strong></span> <span class='ocrx_word' id='word_1_127' title='bbox 1031 1763 1230 1845; x_wconf 87' lang='grc' dir='ltr'><strong><em>άνεπαισθή-</em></strong></span> <span class='ocrx_word' id='word_1_128' title='bbox 1265 1802 1272 1815; x_wconf 68' lang='lat'>=</span> 
     </span>
     <span class='ocr_line' id='line_1_16' title="bbox 81 1858 1229 1949; baseline 0.002 -24"><span class='ocrx_word' id='word_1_129' title='bbox 81 1875 117 1927; x_wconf 83' lang='grc'>15</span> <span class='ocrx_word' id='word_1_130' title='bbox 127 1886 189 1938; x_wconf 89' lang='grc' dir='ltr'>τως</span> <span class='ocrx_word' id='word_1_131' title='bbox 210 1870 299 1927; x_wconf 82' lang='grc' dir='ltr'><strong><em>ποιεῖ</em></strong></span> <span class='ocrx_word' id='word_1_132' title='bbox 315 1862 370 1927; x_wconf 90' lang='grc' dir='ltr'>τόν</span> <span class='ocrx_word' id='word_1_133' title='bbox 390 1868 478 1927; x_wconf 82' lang='grc' dir='ltr'><strong><em>θεῖον</em></strong></span> <span class='ocrx_word' id='word_1_134' title='bbox 499 1861 596 1945; x_wconf 87' lang='grc' dir='ltr'><strong><em>νόμον</em></strong></span> <span class='ocrx_word' id='word_1_135' title='bbox 610 1866 644 1928; x_wconf 80' lang='grc' dir='ltr'><strong><em>ἐκ</em></strong></span> <span class='ocrx_word' id='word_1_136' title='bbox 666 1868 805 1949; x_wconf 76' lang='grc' dir='ltr'><strong><em>φυσικῆς</em></strong></span> <span class='ocrx_word' id='word_1_137' title='bbox 826 1869 880 1928; x_wconf 89' lang='grc' dir='ltr'>καί</span> <span class='ocrx_word' id='word_1_138' title='bbox 895 1858 1021 1947; x_wconf 85' lang='grc' dir='ltr'><strong><em>άγιιθής</em></strong></span> <span class='ocrx_word' id='word_1_139' title='bbox 1037 1866 1229 1938; x_wconf 82' lang='grc' dir='ltr'><strong><em>διαθέσεως·</em></strong></span> 
     </span>
     <span class='ocr_line' id='line_1_17' title="bbox 126 1960 1229 2055; baseline 0.003 -30"><span class='ocrx_word' id='word_1_140' title='bbox 126 1962 168 2025; x_wconf 84' lang='grc' dir='ltr'>ου’</span> <span class='ocrx_word' id='word_1_141' title='bbox 188 1960 249 2047; x_wconf 88' lang='grc' dir='ltr'>γάρ</span> <span class='ocrx_word' id='word_1_142' title='bbox 273 1970 338 2036; x_wconf 85' lang='grc' dir='ltr'><strong><em>τοῖς</em></strong></span> <span class='ocrx_word' id='word_1_143' title='bbox 373 1960 570 2047; x_wconf 88' lang='grc' dir='ltr'><strong><em>ύπερόπταις</em></strong></span> <span class='ocrx_word' id='word_1_144' title='bbox 599 1964 839 2049; x_wconf 84' lang='grc' dir='ltr'><strong><em>όπαντόφορος</em></strong></span> <span class='ocrx_word' id='word_1_145' title='bbox 861 1960 1027 2055; x_wconf 79' lang='grc' dir='ltr'><strong><em>ὀφθαλμός</em></strong></span> <span class='ocrx_word' id='word_1_146' title='bbox 1059 1962 1137 2027; x_wconf 82' lang='grc' dir='ltr'><strong><em>ἀλλά</em></strong></span> <span class='ocrx_word' id='word_1_147' title='bbox 1164 1974 1229 2039; x_wconf 81' lang='grc' dir='ltr'><strong><em>τοῖς</em></strong></span> 
     </span>
     <span class='ocr_line' id='line_1_18' title="bbox 127 2062 1229 2150; baseline 0.003 -23"><span class='ocrx_word' id='word_1_148' title='bbox 127 2072 285 2138; x_wconf 83' lang='grc' dir='ltr'><strong><em>ταπεινοῖς</em></strong></span> <span class='ocrx_word' id='word_1_149' title='bbox 304 2069 359 2129; x_wconf 87' lang='grc' dir='ltr'>καί</span> <span class='ocrx_word' id='word_1_150' title='bbox 380 2069 566 2144; x_wconf 83' lang='grc' dir='ltr'><strong><em>συμπαθὲσι</em></strong></span> <span class='ocrx_word' id='word_1_151' title='bbox 585 2063 620 2131; x_wconf 89' lang='grc' dir='ltr'>τό</span> <span class='ocrx_word' id='word_1_152' title='bbox 644 2064 760 2150; x_wconf 88' lang='grc' dir='ltr'><strong><em>κράτος</em></strong></span> <span class='ocrx_word' id='word_1_153' title='bbox 782 2062 972 2148; x_wconf 81' lang='grc' dir='ltr'><strong><em>χειροτονεί,</em></strong></span> <span class='ocrx_word' id='word_1_154' title='bbox 1005 2067 1075 2128; x_wconf 75' lang='grc' dir='ltr'><strong><em>ἐπεί</em></strong></span> <span class='ocrx_word' id='word_1_155' title='bbox 1094 2064 1139 2150; x_wconf 91' lang='grc' dir='ltr'><strong><em>μή</em></strong></span> <span class='ocrx_word' id='word_1_156' title='bbox 1162 2062 1229 2130; x_wconf 81' lang='grc' dir='ltr'><strong><em>ἔστι</em></strong></span> 
     </span>
     <span class='ocr_line' id='line_1_19' title="bbox 126 2164 1226 2253; baseline 0.003 -26"><span class='ocrx_word' id='word_1_157' title='bbox 126 2170 390 2249; x_wconf 81' lang='grc' dir='ltr'><strong><em>προσωποληψία,</em></strong></span> <span class='ocrx_word' id='word_1_158' title='bbox 412 2164 491 2231; x_wconf 81' lang='grc' dir='ltr'><strong><em>κατά</em></strong></span> <span class='ocrx_word' id='word_1_159' title='bbox 513 2167 566 2231; x_wconf 89' lang='grc' dir='ltr'>τόν</span> <span class='ocrx_word' id='word_1_160' title='bbox 588 2171 676 2230; x_wconf 81' lang='grc' dir='ltr'><strong><em>θεῖον</em></strong></span> <span class='ocrx_word' id='word_1_161' title='bbox 690 2170 827 2230; x_wconf 88' lang='grc' dir='ltr'><strong><em>Παύλον</em></strong></span> <span class='ocrx_word' id='word_1_162' title='bbox 844 2170 953 2246; x_wconf 81' lang='grc' dir='ltr'><strong><em>εἰπεῖν,</em></strong></span> <span class='ocrx_word' id='word_1_163' title='bbox 977 2165 1064 2249; x_wconf 87' lang='grc' dir='ltr'><strong><em>παρά</em></strong></span> <span class='ocrx_word' id='word_1_164' title='bbox 1088 2167 1129 2251; x_wconf 81' lang='grc' dir='ltr'>τῷ</span> <span class='ocrx_word' id='word_1_165' title='bbox 1149 2168 1226 2253; x_wconf 70' lang='grc' dir='ltr'><strong><em>θεῷ.</em></strong></span> 
     </span>
     <span class='ocr_line' id='line_1_20' title="bbox 128 2262 1229 2354; baseline -0.001 -25"><span class='ocrx_word' id='word_1_166' title='bbox 128 2268 181 2329; x_wconf 81' lang='grc' dir='ltr'>καί</span> <span class='ocrx_word' id='word_1_167' title='bbox 201 2262 263 2347; x_wconf 90' lang='grc' dir='ltr'>γάρ</span> <span class='ocrx_word' id='word_1_168' title='bbox 298 2262 332 2328; x_wconf 76' lang='grc' dir='ltr'>ἔν</span> <span class='ocrx_word' id='word_1_169' title='bbox 356 2290 420 2329; x_wconf 89' lang='grc' dir='ltr'><strong><em>τινι</em></strong></span> <span class='ocrx_word' id='word_1_170' title='bbox 452 2269 594 2354; x_wconf 76' lang='grc' dir='ltr'><strong><em>συλλόγῳ</em></strong></span> <span class='ocrx_word' id='word_1_171' title='bbox 617 2265 866 2349; x_wconf 80' lang='grc' dir='ltr'><strong><em>διερωτήσαντος</em></strong></span> <span class='ocrx_word' id='word_1_172' title='bbox 896 2270 954 2330; x_wconf 87' lang='grc' dir='ltr'>τού</span> <span class='ocrx_word' id='word_1_173' title='bbox 975 2265 1152 2329; x_wconf 89' lang='grc' dir='ltr'><strong><em>σουλτάνσυ</em></strong></span> <span class='ocrx_word' id='word_1_174' title='bbox 1175 2264 1229 2329; x_wconf 81' lang='grc' dir='ltr'>τὸν</span> 
     </span>
     <span class='ocr_line' id='line_1_21' title="bbox 79 2359 1231 2448; baseline -0.005 -14"><span class='ocrx_word' id='word_1_175' title='bbox 79 2380 117 2435; x_wconf 86' lang='lat'>20</span> <span class='ocrx_word' id='word_1_176' title='bbox 124 2368 259 2447; x_wconf 72' lang='grc' dir='ltr'><strong><em>βασιλέα</em></strong></span> <span class='ocrx_word' id='word_1_177' title='bbox 274 2360 330 2430; x_wconf 76' lang='lat' dir='ltr'>“ss&#39;</span> <span class='ocrx_word' id='word_1_178' title='bbox 347 2362 386 2429; x_wconf 81' lang='grc' dir='ltr'>όν</span> <span class='ocrx_word' id='word_1_179' title='bbox 397 2364 535 2448; x_wconf 82' lang='grc' dir='ltr'><strong><em>ἔδρασας</em></strong></span> <span class='ocrx_word' id='word_1_180' title='bbox 548 2370 579 2430; x_wconf 85' lang='grc' dir='ltr'>εἰ</span> <span class='ocrx_word' id='word_1_181' title='bbox 596 2361 696 2441; x_wconf 76' lang='grc' dir='ltr'><strong><em>οὕτως</em></strong></span> <span class='ocrx_word' id='word_1_182' title='bbox 713 2363 805 2448; x_wconf 77' lang='grc' dir='ltr'><strong><em>ἔσχες</em></strong></span> <span class='ocrx_word' id='word_1_183' title='bbox 824 2359 919 2440; x_wconf 87' lang='grc' dir='ltr'><strong><em>αύτός</em></strong></span> <span class='ocrx_word' id='word_1_184' title='bbox 934 2369 990 2447; x_wconf 79' lang='grc' dir='ltr'><strong><em>ἐμὲ</em></strong></span> <span class='ocrx_word' id='word_1_185' title='bbox 1013 2364 1231 2447; x_wconf 81' lang='grc' dir='ltr'><strong><em>όποχει’ριον;”</em></strong></span> 
     </span>
     <span class='ocr_line' id='line_1_22' title="bbox 127 2460 1229 2557; baseline -0.002 -28"><span class='ocrx_word' id='word_1_186' title='bbox 127 2466 343 2551; x_wconf 82' lang='grc' dir='ltr'><strong><em>οἷνυποκρίτως</em></strong></span> <span class='ocrx_word' id='word_1_187' title='bbox 366 2466 420 2531; x_wconf 90' lang='grc' dir='ltr'>καί</span> <span class='ocrx_word' id='word_1_188' title='bbox 440 2466 635 2542; x_wconf 88' lang='grc' dir='ltr'><strong><em>άθωπεύτως</em></strong></span> <span class='ocrx_word' id='word_1_189' title='bbox 663 2470 778 2541; x_wconf 77' lang='grc' dir='ltr'><strong><em>ἐκεῖνος</em></strong></span> <span class='ocrx_word' id='word_1_190' title='bbox 804 2464 990 2549; x_wconf 84' lang='grc' dir='ltr'><strong><em>α’πήγγειλεν</em></strong></span> <span class='ocrx_word' id='word_1_191' title='bbox 1007 2460 1077 2529; x_wconf 82' lang='grc' dir='ltr'><strong><em>“ότι</em></strong></span> <span class='ocrx_word' id='word_1_192' title='bbox 1098 2470 1229 2557; x_wconf 84' lang='grc' dir='ltr'><strong><em>πολλοῖς</em></strong></span> 
     </span>
     <span class='ocr_line' id='line_1_23' title="bbox 124 2564 1228 2653; baseline 0 -24"><span class='ocrx_word' id='word_1_193' title='bbox 124 2572 196 2639; x_wconf 79' lang='grc' dir='ltr'><strong><em>ταῖς</em></strong></span> <span class='ocrx_word' id='word_1_194' title='bbox 228 2572 361 2651; x_wconf 77' lang='grc' dir='ltr'><strong><em>πληγαῖς</em></strong></span> <span class='ocrx_word' id='word_1_195' title='bbox 390 2564 633 2653; x_wconf 89' lang='grc' dir='ltr'><strong><em>κατεδαπάνηοά</em></strong></span> <span class='ocrx_word' id='word_1_196' title='bbox 665 2593 722 2633; x_wconf 91' lang='grc' dir='ltr'>σου</span> <span class='ocrx_word' id='word_1_197' title='bbox 754 2565 786 2631; x_wconf 88' lang='grc' dir='ltr'>τό</span> <span class='ocrx_word' id='word_1_198' title='bbox 823 2570 916 2648; x_wconf 79' lang='grc' dir='ltr'><strong><em>στόμα</em></strong></span> <span class='ocrx_word' id='word_1_199' title='bbox 946 2566 1108 2651; x_wconf 87' lang='grc' dir='ltr'><strong><em>γίνωσκε.”</em></strong></span> <span class='ocrx_word' id='word_1_200' title='bbox 1152 2565 1169 2627; x_wconf 89' lang='grc' dir='ltr'><strong><em>ό</em></strong></span> <span class='ocrx_word' id='word_1_201' title='bbox 1193 2567 1228 2629; x_wconf 82' lang='grc' dir='ltr'>δὲ</span> 
     </span>
     <span class='ocr_line' id='line_1_24' title="bbox 120 2660 1227 2753; baseline 0.001 -25"><span class='ocrx_word' id='word_1_202' title='bbox 120 2664 211 2729; x_wconf 79' lang='grc' dir='ltr'><strong><em>“ιίλλ’</em></strong></span> <span class='ocrx_word' id='word_1_203' title='bbox 233 2662 322 2750; x_wconf 79' lang='grc' dir='ltr'><strong><em>ε’χοό”</em></strong></span> <span class='ocrx_word' id='word_1_204' title='bbox 347 2671 444 2753; x_wconf 85' lang='grc' dir='ltr'><strong><em>φησίν</em></strong></span> <span class='ocrx_word' id='word_1_205' title='bbox 460 2666 521 2733; x_wconf 69' lang='lat' dir='ltr'>“osi</span> <span class='ocrx_word' id='word_1_206' title='bbox 540 2669 726 2753; x_wconf 89' lang='grc' dir='ltr'><strong><em>μιμήσομαί</em></strong></span> <span class='ocrx_word' id='word_1_207' title='bbox 746 2692 804 2733; x_wconf 90' lang='grc' dir='ltr'>σου</span> <span class='ocrx_word' id='word_1_208' title='bbox 828 2665 863 2732; x_wconf 88' lang='grc' dir='ltr'>τό</span> <span class='ocrx_word' id='word_1_209' title='bbox 889 2666 1049 2751; x_wconf 88' lang='grc' dir='ltr'><strong><em>αύστηρὸν</em></strong></span> <span class='ocrx_word' id='word_1_210' title='bbox 1070 2667 1124 2733; x_wconf 88' lang='grc' dir='ltr'>καί</span> <span class='ocrx_word' id='word_1_211' title='bbox 1144 2660 1227 2731; x_wconf 87' lang='grc' dir='ltr'><strong><em>άπά-</em></strong></span> 
     </span>
    </p>
   </div>
   <div class='ocr_carea' id='block_1_3' title="bbox 123 2988 1274 4273">
    <p class='ocr_par' dir='ltr' id='par_1_3' title="bbox 123 2988 1274 4058">
     <span class='ocr_line' id='line_1_25' title="bbox 125 2988 1225 3056; baseline 0 -13"><span class='ocrx_word' id='word_1_212' title='bbox 125 2991 269 3043; x_wconf 88' lang='lat' dir='ltr'>tentorium</span> <span class='ocrx_word' id='word_1_213' title='bbox 296 2999 433 3056; x_wconf 87' lang='lat' dir='ltr'>pararetur</span> <span class='ocrx_word' id='word_1_214' title='bbox 461 2998 488 3042; x_wconf 92' lang='lat' dir='ltr'>et</span> <span class='ocrx_word' id='word_1_215' title='bbox 510 2991 596 3043; x_wconf 89' lang='lat' dir='ltr'>cultus</span> <span class='ocrx_word' id='word_1_216' title='bbox 622 2991 750 3053; x_wconf 85' lang='lat' dir='ltr'>idoneus,</span> <span class='ocrx_word' id='word_1_217' title='bbox 777 3002 879 3039; x_wconf 89' lang='lat' dir='ltr'>coenae</span> <span class='ocrx_word' id='word_1_218' title='bbox 908 3003 967 3039; x_wconf 89' lang='lat' dir='ltr'>eum</span> <span class='ocrx_word' id='word_1_219' title='bbox 986 2988 1073 3040; x_wconf 87' lang='lat' dir='ltr'>statim</span> <span class='ocrx_word' id='word_1_220' title='bbox 1093 2996 1119 3038; x_wconf 90' lang='lat' dir='ltr'>et</span> <span class='ocrx_word' id='word_1_221' title='bbox 1138 2988 1225 3043; x_wconf 83' lang='lat' dir='ltr'>victas</span> 
     </span>
     <span class='ocr_line' id='line_1_26' title="bbox 124 3057 1226 3127; baseline -0.012 -10"><span class='ocrx_word' id='word_1_222' title='bbox 124 3063 228 3117; x_wconf 85' lang='lat' dir='ltr'>socium</span> <span class='ocrx_word' id='word_1_223' title='bbox 246 3062 369 3127; x_wconf 78' lang='lat' dir='ltr'>reddidit,</span> <span class='ocrx_word' id='word_1_224' title='bbox 391 3078 449 3114; x_wconf 88' lang='lat' dir='ltr'>cum</span> <span class='ocrx_word' id='word_1_225' title='bbox 469 3078 528 3113; x_wconf 89' lang='lat' dir='ltr'>eum</span> <span class='ocrx_word' id='word_1_226' title='bbox 547 3076 601 3112; x_wconf 90' lang='lat' dir='ltr'>non</span> <span class='ocrx_word' id='word_1_227' title='bbox 618 3068 725 3126; x_wconf 82' lang='lat' dir='ltr'>praeter</span> <span class='ocrx_word' id='word_1_228' title='bbox 744 3057 863 3109; x_wconf 85' lang='lat' dir='ltr'>ordinem</span> <span class='ocrx_word' id='word_1_229' title='bbox 883 3060 1068 3121; x_wconf 69' lang='lat' dir='ltr'>constitueret,</span> <span class='ocrx_word' id='word_1_230' title='bbox 1089 3058 1136 3109; x_wconf 90' lang='lat' dir='ltr'>sed</span> <span class='ocrx_word' id='word_1_231' title='bbox 1155 3061 1226 3111; x_wconf 88' lang='lat' dir='ltr'>assi.</span> 
     </span>
     <span class='ocr_line' id='line_1_27' title="bbox 124 3128 1225 3201; baseline -0.006 -15"><span class='ocrx_word' id='word_1_232' title='bbox 124 3136 231 3186; x_wconf 86' lang='lat' dir='ltr'>dentem</span> <span class='ocrx_word' id='word_1_233' title='bbox 256 3134 373 3201; x_wconf 81' lang='lat' dir='ltr'>ingenue</span> <span class='ocrx_word' id='word_1_234' title='bbox 402 3135 489 3185; x_wconf 89' lang='lat' dir='ltr'>electo</span> <span class='ocrx_word' id='word_1_235' title='bbox 509 3130 626 3181; x_wconf 89' lang='lat' dir='ltr'>concilio</span> <span class='ocrx_word' id='word_1_236' title='bbox 647 3138 674 3180; x_wconf 90' lang='lat' dir='ltr'>et</span> <span class='ocrx_word' id='word_1_237' title='bbox 697 3144 782 3196; x_wconf 90' lang='lat' dir='ltr'>aeque</span> <span class='ocrx_word' id='word_1_238' title='bbox 802 3128 905 3179; x_wconf 90' lang='lat' dir='ltr'>bonore</span> <span class='ocrx_word' id='word_1_239' title='bbox 933 3128 1094 3180; x_wconf 83' lang='lat' dir='ltr'>celebratum</span> <span class='ocrx_word' id='word_1_240' title='bbox 1114 3129 1225 3179; x_wconf 87' lang='lat' dir='ltr'>faceret.</span> 
     </span>
     <span class='ocr_line' id='line_1_28' title="bbox 123 3198 1225 3273; baseline -0.008 -16"><span class='ocrx_word' id='word_1_241' title='bbox 123 3209 163 3257; x_wconf 90' lang='lat' dir='ltr'>ita</span> <span class='ocrx_word' id='word_1_242' title='bbox 181 3204 222 3257; x_wconf 90' lang='lat' dir='ltr'>bis</span> <span class='ocrx_word' id='word_1_243' title='bbox 241 3221 289 3273; x_wconf 86' lang='lat' dir='ltr'>per</span> <span class='ocrx_word' id='word_1_244' title='bbox 309 3206 379 3257; x_wconf 91' lang='lat' dir='ltr'>diem</span> <span class='ocrx_word' id='word_1_245' title='bbox 397 3206 430 3255; x_wconf 91' lang='lat' dir='ltr'>ad</span> <span class='ocrx_word' id='word_1_246' title='bbox 449 3203 519 3252; x_wconf 90' lang='lat' dir='ltr'>bunc</span> <span class='ocrx_word' id='word_1_247' title='bbox 539 3202 651 3252; x_wconf 89' lang='lat' dir='ltr'>veniens</span> <span class='ocrx_word' id='word_1_248' title='bbox 671 3208 699 3252; x_wconf 89' lang='lat' dir='ltr'>et</span> <span class='ocrx_word' id='word_1_249' title='bbox 717 3198 891 3253; x_wconf 87' lang='lat' dir='ltr'>confabulans</span> <span class='ocrx_word' id='word_1_250' title='bbox 922 3216 980 3250; x_wconf 90' lang='lat' dir='ltr'>cum</span> <span class='ocrx_word' id='word_1_251' title='bbox 1001 3214 1032 3250; x_wconf 92' lang='lat' dir='ltr'>eo</span> <span class='ocrx_word' id='word_1_252' title='bbox 1054 3207 1081 3249; x_wconf 91' lang='lat' dir='ltr'>et</span> <span class='ocrx_word' id='word_1_253' title='bbox 1099 3201 1131 3252; x_wconf 90' lang='lat' dir='ltr'>ad</span> <span class='ocrx_word' id='word_1_254' title='bbox 1150 3199 1225 3251; x_wconf 86' lang='lat' dir='ltr'>sola.</span> 
     </span>
     <span class='ocr_line' id='line_1_29' title="bbox 124 3272 1227 3340; baseline -0.006 -10"><span class='ocrx_word' id='word_1_255' title='bbox 124 3279 190 3330; x_wconf 94' lang='lat' dir='ltr'>tium</span> <span class='ocrx_word' id='word_1_256' title='bbox 214 3280 359 3331; x_wconf 87' lang='lat' dir='ltr'>restituens</span> <span class='ocrx_word' id='word_1_257' title='bbox 384 3273 473 3325; x_wconf 88' lang='lat' dir='ltr'>multis</span> <span class='ocrx_word' id='word_1_258' title='bbox 492 3272 678 3337; x_wconf 72' lang='lat' dir='ltr'>sermonibus,</span> <span class='ocrx_word' id='word_1_259' title='bbox 698 3273 743 3340; x_wconf 90' lang='lat' dir='ltr'>qui</span> <span class='ocrx_word' id='word_1_260' title='bbox 762 3272 834 3323; x_wconf 86' lang='lat' dir='ltr'>vitae</span> <span class='ocrx_word' id='word_1_261' title='bbox 861 3273 1032 3323; x_wconf 84' lang='lat' dir='ltr'>mutationem</span> <span class='ocrx_word' id='word_1_262' title='bbox 1057 3279 1227 3336; x_wconf 85' lang='lat' dir='ltr'>revocarent,</span> 
     </span>
     <span class='ocr_line' id='line_1_30' title="bbox 124 3343 1227 3418; baseline -0.006 -18"><span class='ocrx_word' id='word_1_263' title='bbox 124 3366 174 3418; x_wconf 84' lang='lat' dir='ltr'>per</span> <span class='ocrx_word' id='word_1_264' title='bbox 194 3358 254 3400; x_wconf 90' lang='lat' dir='ltr'>octo</span> <span class='ocrx_word' id='word_1_265' title='bbox 272 3350 329 3401; x_wconf 87' lang='lat' dir='ltr'>dies</span> <span class='ocrx_word' id='word_1_266' title='bbox 350 3362 409 3397; x_wconf 93' lang='lat' dir='ltr'>cum</span> <span class='ocrx_word' id='word_1_267' title='bbox 436 3357 468 3394; x_wconf 89' lang='lat' dir='ltr'>eo</span> <span class='ocrx_word' id='word_1_268' title='bbox 496 3344 587 3411; x_wconf 88' lang='lat' dir='ltr'>eadem</span> <span class='ocrx_word' id='word_1_269' title='bbox 615 3343 823 3396; x_wconf 80' lang='lat' dir='ltr'>communicabat</span> <span class='ocrx_word' id='word_1_270' title='bbox 849 3344 931 3395; x_wconf 83' lang='lat' dir='ltr'>verba</span> <span class='ocrx_word' id='word_1_271' title='bbox 958 3352 983 3395; x_wconf 92' lang='lat' dir='ltr'>et</span> <span class='ocrx_word' id='word_1_272' title='bbox 1002 3343 1094 3409; x_wconf 87' lang='lat' dir='ltr'>salem,</span> <span class='ocrx_word' id='word_1_273' title='bbox 1115 3360 1173 3396; x_wconf 88' lang='lat' dir='ltr'>eum</span> <span class='ocrx_word' id='word_1_274' title='bbox 1192 3358 1227 3397; x_wconf 90' lang='lat' dir='ltr'>ne</span> 
     </span>
     <span class='ocr_line' id='line_1_31' title="bbox 124 3416 1226 3485; baseline -0.004 -12"><span class='ocrx_word' id='word_1_275' title='bbox 124 3426 153 3474; x_wconf 87' lang='lat' dir='ltr'>in</span> <span class='ocrx_word' id='word_1_276' title='bbox 172 3422 280 3472; x_wconf 89' lang='lat' dir='ltr'>minimo</span> <span class='ocrx_word' id='word_1_277' title='bbox 300 3418 406 3485; x_wconf 90' lang='lat' dir='ltr'>quidem</span> <span class='ocrx_word' id='word_1_278' title='bbox 423 3431 545 3469; x_wconf 75' lang='lat' dir='ltr'>sermone</span> <span class='ocrx_word' id='word_1_279' title='bbox 565 3417 635 3468; x_wconf 89' lang='lat' dir='ltr'>hunc</span> <span class='ocrx_word' id='word_1_280' title='bbox 656 3416 805 3468; x_wconf 88' lang='lat' dir='ltr'>ollenderet</span> <span class='ocrx_word' id='word_1_281' title='bbox 830 3433 917 3485; x_wconf 88' lang='lat' dir='ltr'>neque</span> <span class='ocrx_word' id='word_1_282' title='bbox 939 3417 1063 3483; x_wconf 84' lang='lat' dir='ltr'>quosdam</span> <span class='ocrx_word' id='word_1_283' title='bbox 1082 3420 1109 3469; x_wconf 92' lang='lat' dir='ltr'>in</span> <span class='ocrx_word' id='word_1_284' title='bbox 1130 3433 1226 3484; x_wconf 82' lang='lat' dir='ltr'>perse-</span> 
     </span>
     <span class='ocr_line' id='line_1_32' title="bbox 125 3489 1227 3558; baseline -0.005 -13"><span class='ocrx_word' id='word_1_285' title='bbox 125 3495 236 3545; x_wconf 87' lang='lat' dir='ltr'>cutione</span> <span class='ocrx_word' id='word_1_286' title='bbox 266 3489 400 3541; x_wconf 81' lang='lat' dir='ltr'>exercitus</span> <span class='ocrx_word' id='word_1_287' title='bbox 420 3503 523 3540; x_wconf 89' lang='lat' dir='ltr'>errores</span> <span class='ocrx_word' id='word_1_288' title='bbox 543 3498 780 3553; x_wconf 88' lang='lat' dir='ltr'>commemoraret,</span> <span class='ocrx_word' id='word_1_289' title='bbox 807 3490 910 3558; x_wconf 90' lang='lat' dir='ltr'>quando</span> <span class='ocrx_word' id='word_1_290' title='bbox 931 3490 1010 3541; x_wconf 87' lang='lat' dir='ltr'>etiam</span> <span class='ocrx_word' id='word_1_291' title='bbox 1037 3490 1081 3541; x_wconf 94' lang='lat' dir='ltr'>dci</span> <span class='ocrx_word' id='word_1_292' title='bbox 1100 3489 1227 3547; x_wconf 90' lang='lat' dir='ltr'>iudicium</span> 
     </span>
     <span class='ocr_line' id='line_1_33' title="bbox 124 3559 1226 3629; baseline -0.007 -13"><span class='ocrx_word' id='word_1_293' title='bbox 124 3565 200 3619; x_wconf 86' lang='lat' dir='ltr'>utin</span> <span class='ocrx_word' id='word_1_294' title='bbox 221 3560 319 3611; x_wconf 90' lang='lat' dir='ltr'>ceteris</span> <span class='ocrx_word' id='word_1_295' title='bbox 338 3560 373 3609; x_wconf 87' lang='lat' dir='ltr'>ita</span> <span class='ocrx_word' id='word_1_296' title='bbox 393 3559 438 3610; x_wconf 92' lang='lat' dir='ltr'>bic</span> <span class='ocrx_word' id='word_1_297' title='bbox 457 3576 563 3629; x_wconf 90' lang='lat' dir='ltr'>quoqne</span> <span class='ocrx_word' id='word_1_298' title='bbox 582 3563 678 3613; x_wconf 90' lang='lat' dir='ltr'>iustum</span> <span class='ocrx_word' id='word_1_299' title='bbox 700 3571 727 3613; x_wconf 92' lang='lat' dir='ltr'>et</span> <span class='ocrx_word' id='word_1_300' title='bbox 744 3562 879 3613; x_wconf 91' lang='lat' dir='ltr'>immotum</span> <span class='ocrx_word' id='word_1_301' title='bbox 897 3563 1028 3629; x_wconf 84' lang='lat' dir='ltr'>apparuit.</span> <span class='ocrx_word' id='word_1_302' title='bbox 1049 3576 1136 3628; x_wconf 89' lang='lat' dir='ltr'>neque</span> <span class='ocrx_word' id='word_1_303' title='bbox 1156 3560 1226 3611; x_wconf 90' lang='lat' dir='ltr'>enim</span> 
     </span>
     <span class='ocr_line' id='line_1_34' title="bbox 125 3626 1225 3700; baseline -0.011 -11"><span class='ocrx_word' id='word_1_304' title='bbox 125 3634 212 3689; x_wconf 89' lang='lat' dir='ltr'>ceteri</span> <span class='ocrx_word' id='word_1_305' title='bbox 230 3630 317 3682; x_wconf 89' lang='lat' dir='ltr'>solum</span> <span class='ocrx_word' id='word_1_306' title='bbox 335 3632 381 3683; x_wconf 94' lang='lat' dir='ltr'>sed</span> <span class='ocrx_word' id='word_1_307' title='bbox 402 3626 428 3684; x_wconf 78' lang='lat' dir='ltr'>et</span> <span class='ocrx_word' id='word_1_308' title='bbox 446 3633 506 3699; x_wconf 86' lang='lat' dir='ltr'>ipse</span> <span class='ocrx_word' id='word_1_309' title='bbox 524 3648 572 3683; x_wconf 85' lang='lat' dir='ltr'>rex</span> <span class='ocrx_word' id='word_1_310' title='bbox 592 3641 684 3700; x_wconf 88' lang='lat' dir='ltr'>captus</span> <span class='ocrx_word' id='word_1_311' title='bbox 709 3634 817 3700; x_wconf 83' lang='lat' dir='ltr'>dignum</span> <span class='ocrx_word' id='word_1_312' title='bbox 839 3648 897 3683; x_wconf 87' lang='lat' dir='ltr'>enm</span> <span class='ocrx_word' id='word_1_313' title='bbox 918 3648 977 3685; x_wconf 89' lang='lat' dir='ltr'>esse</span> <span class='ocrx_word' id='word_1_314' title='bbox 998 3631 1114 3682; x_wconf 90' lang='lat' dir='ltr'>victoria</span> <span class='ocrx_word' id='word_1_315' title='bbox 1133 3629 1225 3683; x_wconf 91' lang='lat' dir='ltr'>decla.</span> 
     </span>
     <span class='ocr_line' id='line_1_35' title="bbox 125 3702 1227 3773; baseline -0.006 -13"><span class='ocrx_word' id='word_1_316' title='bbox 125 3706 206 3768; x_wconf 87' lang='lat' dir='ltr'>ravit,</span> <span class='ocrx_word' id='word_1_317' title='bbox 227 3702 350 3769; x_wconf 90' lang='lat' dir='ltr'>quoniam</span> <span class='ocrx_word' id='word_1_318' title='bbox 368 3702 457 3771; x_wconf 86' lang='lat' dir='ltr'>legem</span> <span class='ocrx_word' id='word_1_319' title='bbox 485 3720 538 3756; x_wconf 92' lang='lat' dir='ltr'>non</span> <span class='ocrx_word' id='word_1_320' title='bbox 557 3704 657 3755; x_wconf 88' lang='lat' dir='ltr'>babens</span> <span class='ocrx_word' id='word_1_321' title='bbox 682 3704 812 3773; x_wconf 86' lang='lat' dir='ltr'>diligendi</span> <span class='ocrx_word' id='word_1_322' title='bbox 838 3704 929 3756; x_wconf 84' lang='lat' dir='ltr'>hostes</span> <span class='ocrx_word' id='word_1_323' title='bbox 949 3702 1047 3754; x_wconf 87' lang='lat' dir='ltr'>sensim</span> <span class='ocrx_word' id='word_1_324' title='bbox 1066 3702 1119 3753; x_wconf 91' lang='lat' dir='ltr'>sibi</span> <span class='ocrx_word' id='word_1_325' title='bbox 1136 3703 1227 3755; x_wconf 82' lang='lat' dir='ltr'>statuit</span> 
     </span>
     <span class='ocr_line' id='line_1_36' title="bbox 126 3773 1226 3844; baseline -0.005 -14"><span class='ocrx_word' id='word_1_326' title='bbox 126 3779 216 3844; x_wconf 85' lang='lat' dir='ltr'>legem</span> <span class='ocrx_word' id='word_1_327' title='bbox 235 3773 352 3825; x_wconf 83' lang='lat' dir='ltr'>divinam</span> <span class='ocrx_word' id='word_1_328' title='bbox 371 3792 386 3825; x_wconf 93' lang='lat' dir='ltr'>e</span> <span class='ocrx_word' id='word_1_329' title='bbox 404 3776 474 3827; x_wconf 92' lang='lat' dir='ltr'>bona</span> <span class='ocrx_word' id='word_1_330' title='bbox 503 3785 613 3827; x_wconf 89' lang='lat' dir='ltr'>naturae</span> <span class='ocrx_word' id='word_1_331' title='bbox 631 3792 695 3826; x_wconf 89' lang='lat' dir='ltr'>suae</span> <span class='ocrx_word' id='word_1_332' title='bbox 717 3776 908 3842; x_wconf 85' lang='lat' dir='ltr'>dispositione:</span> <span class='ocrx_word' id='word_1_333' title='bbox 934 3790 1021 3841; x_wconf 90' lang='lat' dir='ltr'>neque</span> <span class='ocrx_word' id='word_1_334' title='bbox 1042 3776 1110 3825; x_wconf 91' lang='lat' dir='ltr'>enim</span> <span class='ocrx_word' id='word_1_335' title='bbox 1130 3790 1226 3842; x_wconf 84' lang='lat' dir='ltr'>supcr-</span> 
     </span>
     <span class='ocr_line' id='line_1_37' title="bbox 126 3846 1227 3917; baseline -0.002 -18"><span class='ocrx_word' id='word_1_336' title='bbox 126 3848 168 3901; x_wconf 91' lang='lat' dir='ltr'>bis</span> <span class='ocrx_word' id='word_1_337' title='bbox 194 3846 283 3898; x_wconf 86' lang='lat' dir='ltr'>omnia</span> <span class='ocrx_word' id='word_1_338' title='bbox 305 3848 486 3914; x_wconf 88' lang='lat' dir='ltr'>contemplans</span> <span class='ocrx_word' id='word_1_339' title='bbox 516 3848 589 3917; x_wconf 84' lang='lat' dir='ltr'>(dei)</span> <span class='ocrx_word' id='word_1_340' title='bbox 620 3846 714 3900; x_wconf 87' lang='lat' dir='ltr'>oculus</span> <span class='ocrx_word' id='word_1_341' title='bbox 740 3848 786 3899; x_wconf 90' lang='lat' dir='ltr'>sed</span> <span class='ocrx_word' id='word_1_342' title='bbox 805 3846 929 3899; x_wconf 81' lang='lat' dir='ltr'>tenuibus</span> <span class='ocrx_word' id='word_1_343' title='bbox 956 3852 982 3896; x_wconf 90' lang='lat' dir='ltr'>et</span> <span class='ocrx_word' id='word_1_344' title='bbox 1011 3847 1227 3899; x_wconf 85' lang='lat' dir='ltr'>misericordibus</span> 
     </span>
     <span class='ocr_line' id='line_1_38' title="bbox 128 3916 1274 3987; baseline -0.004 -16"><span class='ocrx_word' id='word_1_345' title='bbox 128 3919 270 3973; x_wconf 77' lang='lat' dir='ltr'>victoriam</span> <span class='ocrx_word' id='word_1_346' title='bbox 288 3916 391 3983; x_wconf 86' lang='lat' dir='ltr'>tribuit,</span> <span class='ocrx_word' id='word_1_347' title='bbox 411 3935 469 3971; x_wconf 91' lang='lat' dir='ltr'>cnm</span> <span class='ocrx_word' id='word_1_348' title='bbox 486 3926 541 3971; x_wconf 83' lang='lat' dir='ltr'>non</span> <span class='ocrx_word' id='word_1_349' title='bbox 560 3921 604 3984; x_wconf 91' lang='lat' dir='ltr'>sit,</span> <span class='ocrx_word' id='word_1_350' title='bbox 628 3927 658 3969; x_wconf 89' lang='lat' dir='ltr'>ut</span> <span class='ocrx_word' id='word_1_351' title='bbox 674 3920 819 3974; x_wconf 87' lang='lat' dir='ltr'>secundum</span> <span class='ocrx_word' id='word_1_352' title='bbox 837 3917 946 3969; x_wconf 88' lang='lat' dir='ltr'>Paulum</span> <span class='ocrx_word' id='word_1_353' title='bbox 966 3918 1056 3969; x_wconf 88' lang='lat' dir='ltr'>divum</span> <span class='ocrx_word' id='word_1_354' title='bbox 1075 3919 1226 3987; x_wconf 85' lang='lat' dir='ltr'>loquamur,</span> <span class='ocrx_word' id='word_1_355' title='bbox 1270 3971 1274 3979; x_wconf 56' lang='lat'>,</span> 
     </span>
     <span class='ocr_line' id='line_1_39' title="bbox 129 3989 1226 4058; baseline -0.002 -17"><span class='ocrx_word' id='word_1_356' title='bbox 129 4004 215 4042; x_wconf 89' lang='lat' dir='ltr'>coram</span> <span class='ocrx_word' id='word_1_357' title='bbox 234 3989 284 4040; x_wconf 86' lang='lat' dir='ltr'>deo</span> <span class='ocrx_word' id='word_1_358' title='bbox 303 3989 451 4041; x_wconf 85' lang='lat' dir='ltr'>nobilitatis</span> <span class='ocrx_word' id='word_1_359' title='bbox 468 3999 622 4057; x_wconf 85' lang='lat' dir='ltr'>respectus:</span> <span class='ocrx_word' id='word_1_360' title='bbox 643 4006 701 4040; x_wconf 90' lang='lat' dir='ltr'>cnm</span> <span class='ocrx_word' id='word_1_361' title='bbox 721 3991 790 4041; x_wconf 90' lang='lat' dir='ltr'>enim</span> <span class='ocrx_word' id='word_1_362' title='bbox 810 4006 857 4057; x_wconf 88' lang='lat' dir='ltr'>per</span> <span class='ocrx_word' id='word_1_363' title='bbox 876 3990 1039 4058; x_wconf 86' lang='lat' dir='ltr'>colloquium</span> <span class='ocrx_word' id='word_1_364' title='bbox 1059 3991 1226 4055; x_wconf 76' lang='lat' dir='ltr'>interrogas-</span> 
     </span>
    </p>

    <p class='ocr_par' dir='ltr' id='par_1_4' title="bbox 129 4058 1252 4199">
     <span class='ocr_line' id='line_1_40' title="bbox 129 4058 1252 4129; baseline -0.004 -16"><span class='ocrx_word' id='word_1_365' title='bbox 129 4070 172 4113; x_wconf 92' lang='lat' dir='ltr'>set</span> <span class='ocrx_word' id='word_1_366' title='bbox 190 4060 311 4116; x_wconf 87' lang='lat' dir='ltr'>sultanus</span> <span class='ocrx_word' id='word_1_367' title='bbox 333 4076 434 4127; x_wconf 77' lang='lat' dir='ltr'>regem,</span> <span class='ocrx_word' id='word_1_368' title='bbox 455 4064 517 4128; x_wconf 88' lang='lat' dir='ltr'>quid</span> <span class='ocrx_word' id='word_1_369' title='bbox 536 4070 574 4125; x_wconf 91' lang='lat' dir='ltr'>tu,</span> <span class='ocrx_word' id='word_1_370' title='bbox 594 4063 690 4129; x_wconf 90' lang='lat' dir='ltr'>inquit,</span> <span class='ocrx_word' id='word_1_371' title='bbox 711 4062 839 4125; x_wconf 81' lang='lat' dir='ltr'>fecisses,</span> <span class='ocrx_word' id='word_1_372' title='bbox 858 4064 880 4114; x_wconf 89' lang='lat' dir='ltr'>si</span> <span class='ocrx_word' id='word_1_373' title='bbox 901 4064 937 4113; x_wconf 88' lang='lat' dir='ltr'>ita</span> <span class='ocrx_word' id='word_1_374' title='bbox 957 4077 997 4113; x_wconf 93' lang='lat' dir='ltr'>me</span> <span class='ocrx_word' id='word_1_375' title='bbox 1016 4062 1075 4126; x_wconf 84' lang='lat' dir='ltr'>ipse</span> <span class='ocrx_word' id='word_1_376' title='bbox 1094 4058 1225 4110; x_wconf 86' lang='lat' dir='ltr'>subditum</span> <span class='ocrx_word' id='word_1_377' title='bbox 1239 4086 1252 4095; x_wconf 32' lang='grc' dir='ltr'><strong><em>μ</em></strong></span> 
     </span>
     <span class='ocr_line' id='line_1_41' title="bbox 129 4130 1225 4199; baseline -0.004 -16"><span class='ocrx_word' id='word_1_378' title='bbox 129 4133 278 4196; x_wconf 87' lang='lat' dir='ltr'>habuisses,</span> <span class='ocrx_word' id='word_1_379' title='bbox 297 4133 346 4185; x_wconf 89' lang='lat' dir='ltr'>ille</span> <span class='ocrx_word' id='word_1_380' title='bbox 366 4134 472 4184; x_wconf 86' lang='lat' dir='ltr'>sincere</span> <span class='ocrx_word' id='word_1_381' title='bbox 492 4142 519 4184; x_wconf 89' lang='lat' dir='ltr'>et</span> <span class='ocrx_word' id='word_1_382' title='bbox 536 4134 595 4184; x_wconf 91' lang='lat' dir='ltr'>sine</span> <span class='ocrx_word' id='word_1_383' title='bbox 615 4133 671 4184; x_wconf 89' lang='lat' dir='ltr'>ulla</span> <span class='ocrx_word' id='word_1_384' title='bbox 690 4135 871 4185; x_wconf 83' lang='lat' dir='ltr'>assentatione</span> <span class='ocrx_word' id='word_1_385' title='bbox 889 4133 1040 4199; x_wconf 86' lang='lat' dir='ltr'>respondit:</span> <span class='ocrx_word' id='word_1_386' title='bbox 1062 4130 1165 4196; x_wconf 88' lang='lat' dir='ltr'>accipe,</span> <span class='ocrx_word' id='word_1_387' title='bbox 1184 4144 1225 4179; x_wconf 91' lang='lat' dir='ltr'>me</span> 
     </span>
    </p>

    <p class='ocr_par' dir='ltr' id='par_1_5' title="bbox 130 4200 1226 4273">
     <span class='ocr_line' id='line_1_42' title="bbox 130 4200 1226 4273; baseline -0.002 -18"><span class='ocrx_word' id='word_1_388' title='bbox 130 4212 202 4256; x_wconf 92' lang='lat' dir='ltr'>tuum</span> <span class='ocrx_word' id='word_1_389' title='bbox 232 4216 329 4273; x_wconf 80' lang='lat' dir='ltr'>corpus</span> <span class='ocrx_word' id='word_1_390' title='bbox 362 4204 450 4256; x_wconf 90' lang='lat' dir='ltr'>multis</span> <span class='ocrx_word' id='word_1_391' title='bbox 478 4204 635 4258; x_wconf 81' lang='lat' dir='ltr'>verberibus</span> <span class='ocrx_word' id='word_1_392' title='bbox 664 4204 846 4257; x_wconf 85' lang='lat' dir='ltr'>confecturum</span> <span class='ocrx_word' id='word_1_393' title='bbox 874 4204 966 4257; x_wconf 86' lang='lat' dir='ltr'>fuisse.</span> <span class='ocrx_word' id='word_1_394' title='bbox 1011 4208 1064 4251; x_wconf 87' lang='lat' dir='ltr'>tum</span> <span class='ocrx_word' id='word_1_395' title='bbox 1092 4200 1150 4253; x_wconf 84' lang='lat' dir='ltr'>bie:</span> <span class='ocrx_word' id='word_1_396' title='bbox 1179 4200 1226 4253; x_wconf 86' lang='lat' dir='ltr'>sed</span> 
     </span>
    </p>
   </div>
   <div class='ocr_carea' id='block_1_4' title="bbox 0 0 1444 4734">
    <p class='ocr_par' dir='ltr' id='par_1_6' title="bbox 0 0 1444 4734">
     <span class='ocr_line' id='line_1_43' title="bbox 0 0 1444 4734; baseline 0 0"><span class='ocrx_word' id='word_1_397' title='bbox 0 0 1444 4734; x_wconf 95' lang='lat' dir='ltr'> </span> 
     </span>
    </p>
   </div>
  </div>
 </body>
</html>
