2875 4734
363 260 369 283 ·
491 225 494 229 ’
568 256 776 326 masonis.
1145 243 1219 329 οίιο

122 443 208 518 κημα
228 438 284 498 καί
303 436 362 498 τοῦ
385 430 446 497 α’πά
480 432 654 515 λογοθετῶν
675 430 829 516 δύστηνον
860 430 1015 516 ἑπινόημα
1036 430 1091 497 καί
1109 434 1147 518 τῇ
1164 433 1221 495 ια’-

120 535 216 623 θηνίρι
235 537 451 618 ἐπιβουλεῦον,
470 533 525 597 τὸν
540 535 810 617 καινουργηθέντα
823 536 908 618 φημί
928 530 1016 608 ε’κτός
1036 535 1095 597 τοῦ
1109 526 1221 609 άστεος

122 636 290 721 φοάνδακα
323 636 378 698 κατ’
398 632 558 717 κατεπόθη
589 637 703 727 μέχρις
725 631 867 719 ε’άάφους
887 626 1061 717 διαρρυείς.
1105 634 1163 695 τοῦ
1186 633 1221 697 δὲ

119 726 258 819 κάστρου
269 739 396 799 Πανίου
420 732 467 799 ἔτι
488 732 533 817 μή
557 737 816 816 συναπαχθέντος
839 733 945 808 αὐτοῖς
968 734 1221 816 ἐπεστράτευσαν

91 834 152 901 σοὶ
173 838 229 919 τῆς
245 834 433 899 Ῥαιάεστσῦ
456 838 522 899 κατ’
548 832 651 897 αὐτοῦ
663 859 671 874 ·
714 837 770 897 καί
791 836 832 897 δι’
854 834 980 918 ἡμερῶν
999 835 1094 897 τινοῖν
1115 856 1221 914 παρα-

118 935 311 1020 στησάμενοι
333 935 413 1015 αὐτὸ
433 932 522 1009 τινάς
540 937 600 1015 μὲν
620 934 683 997 ταῖν
704 930 793 998 ἔνδον
816 932 986 1015 ἠμύναντο,
1009 930 1081 1009 τούς
1103 934 1138 995 δὲ
1161 924 1221 996 άλ-

89 1102 93 1107 ,
118 1045 197 1110 λους
218 1038 271 1099 ἕπε’
289 1031 599 1118 χάροςκατίλίπον.
620 1031 721 1099 ἔκτοτε
745 1036 837 1098 δὲόιί
852 1036 992 1098 διέλιπον
1011 1036 1045 1097 ἐκ
1066 1037 1121 1117 τῆς
1143 1030 1221 1095 άπο-

118 1137 266 1217 στατικῆς
293 1135 410 1216 μοίρας
431 1137 477 1208 εἰς
496 1132 554 1216 τήν
571 1131 754 1200 Ῥαιάεστὸν
786 1131 1041 1218 παραβάλλοντες
1062 1132 1222 1215 στρατιά-

23 1259 36 1266 ·
116 1259 184 1312 ται,
207 1234 261 1297 καί
281 1236 401 1314 μάλλον
437 1228 630 1318 άλλογενεῖς,
658 1233 713 1298 καί
730 1231 806 1309 τούς
826 1231 1139 1321 περικάκληιάχροάς
1161 1236 1221 1295 λο-

73 1330 327 1418 reparassem,
357 1331 516 1419 προφάσει
544 1323 630 1417 τάχα
663 1338 719 1417 τῆς
749 1339 806 1397 τοῦ
833 1332 970 1416 κάστρου
1001 1333 1145 1417 φυλακῆς
1166 1333 1223 1395 καί

116 1439 359 1516 ὃιατειχίσεως·
402 1425 498 1516 ἤθελε
520 1432 581 1518 γάρ
606 1437 661 1497 καί
683 1431 800 1507 αάτούς
825 1432 1042 1515 ῆΒατατζῖνα
1065 1432 1108 1493 δι’
1130 1422 1220 1512 ὅχιιον

117 1534 342 1619 ὕπερηφανίας
365 1533 418 1597 καί
440 1530 623 1617 άποτροπὴν
637 1537 693 1615 τῆς
714 1529 969 1616 άπαπτευομὲνης
986 1532 1067 1617 arlef]
1090 1527 1221 1611 ἐπιβου-

116 1635 176 1717 λῆς
213 1636 269 1698 καί
304 1636 553 1716 παρακινησεως.
608 1634 810 1718 σννετηρήθη
839 1630 947 1695 δὲκαὶ
977 1629 994 1693 ά
1019 1630 1222 1709 varietatene

115 1737 174 1799 τοῦ
196 1734 338 1797 τοιούτου
371 1731 508 1817 κάστρου
538 1733 674 1815 σκόλοψι
700 1738 755 1797 καί
785 1733 970 1815 περιπάτοις
999 1734 1135 1807 ’ξυλίνοις
1167 1732 1223 1793 κατ’

73 1851 107 1903 15
117 1826 396 1917 άλλοιςάρχάνοις
417 1838 481 1897 ταῖν
503 1833 678 1916 ἀλλοτρίων
702 1836 780 1897 νεῶν
806 1834 1053 1914 άποτρεπτιιιοῖς.
1098 1832 1221 1893 πολλῶν

118 1938 155 1999 δὲ
177 1924 275 1999 ὄντων
307 1935 340 1997 ἕν
368 1936 411 2021 τῷ
432 1936 566 2021 αἰγιαλῷ
588 1935 780 2017 οἰκημάτων,
807 1930 1011 2015 καταστροφή
1038 1928 1158 1994 τούτων
1178 1930 1219 1990 δι’

116 2036 354 2119 άπονοουμίνην
378 2034 587 2119 κατεπράχθη
615 2037 772 2099 ἐπίθεσιν.
826 2033 881 2097 καί
902 2031 1009 2107 ἁπλοῦς
1030 2032 1135 2094 πάντα
1160 2052 1219 2093 τα-

115 2138 219 2216 ραχῆς
240 2138 413 2219 ἐπέπληστο
433 2138 489 2199 καί
509 2134 703 2217 συγχύσεως.
745 2130 891 2221 ᾐσθόμην
908 2133 947 2195 ’δὲ
968 2133 1023 2195 καί
1041 2128 1138 2204 αὐτὸς
1155 2130 1219 2191 τῶν
1227 2132 1246 2189 l·
1259 2132 1310 2187 221
1320 2147 1348 2187 τ.

114 2234 269 2299 τοιούτων
286 2238 389 2299 κακιόν
411 2234 455 2309 ὥς
476 2236 534 2318 τὴν
550 2237 746 2299 α’ποστασιάν
768 2232 953 2327 άποφυγιάν,
975 2235 1028 2314 τῆς
1052 2227 1138 2301 ε’ντός
1160 2230 1219 2291 τοῦ

70 2335 255 2418 οοκάστρου
288 2337 388 2411 οἰκίας
416 2338 472 2398 κατ’
488 2337 550 2399 τῶν
569 2335 743 2417 asportante
763 2357 825 2414 μου
856 2329 1020 2416 κτημάτων
1041 2328 1218 2413 διαρπαγήν

114 2435 180 2499 τῶν
200 2436 234 2497 ἐν
254 2436 359 2509 αάτοῖς
383 2438 424 2497 ου’
445 2432 501 2519 τήν
523 2437 684 2516 τυχοῦσαν
705 2433 918 2497 ὑποστάντων.

212 2521 305 2612 ‘Oea
326 2538 499 2619 Βρυέννιος
516 2538 618 2615 τάξεις
640 2533 693 2602 καί
716 2532 822 2619 α’ρχάς
844 2533 884 2619 τῇ
898 2533 1051 2620 βασιλικῇ
1073 2532 1217 2615 δορυφο-

192 2712 234 2765 11.
254 2727 289 2765 au
307 2713 437 2787 ἤρέθιζελ
525 2715 569 2768 22.
588 2676 674 2778 τάξας
693 2712 724 2768 (λ
744 2714 861 2765 correxit
877 2713 1019 2781 interpres.

117 2867 145 2911 et
164 2859 258 2925 copiae
271 2859 417 2925 insidians,
436 2875 506 2913 nova
532 2864 637 2915 ratione
665 2862 764 2915 laetum
792 2862 852 2913 dico
879 2869 953 2914 extra
971 2859 1063 2912 urbem
1082 2858 1216 2923 borreum,

116 2939 144 2981 et
164 2931 318 2982 devoratum
342 2940 484 3000 estusque
503 2934 535 2985 ad
553 2934 648 2996 solum,
669 2934 789 2985 effusum.
811 2931 923 2983 castello
943 2938 1030 2981 autem
1047 2929 1130 2980 Paulo
1146 2945 1217 2981 non.

115 3003 177 3053 (lum
196 3000 289 3052 abacto
308 3002 341 3052 ab
368 3005 401 3055 iis
422 3004 537 3070 profecti
556 3013 617 3057 sunt
634 3001 795 3053 llaedestani
823 3002 950 3052 adversus
969 3001 1011 3051 id:
1042 3006 1121 3066 atque
1141 3007 1218 3065 post.

116 3088 195 3141 quam
214 3074 262 3139 p'er
281 3074 337 3126 dies
354 3073 500 3139 nonnullos
518 3076 545 3123 id
563 3076 591 3121 in
609 3079 769 3138 potestatem
789 3086 862 3123 suam
880 3071 1052 3135 redegerunt,
1072 3069 1150 3133 alios,
1171 3070 1216 3137 qui

52 3141 58 3151 '
114 3147 187 3196 intus
207 3152 290 3207 erant,
310 3147 445 3205 arcebant,
465 3144 586 3208 reliquos
605 3144 631 3191 in
645 3140 706 3192 loco
727 3140 904 3207 reliquerunt.
943 3140 1005 3190 inde
1026 3155 1059 3190 ex
1079 3154 1110 3189 eo
1129 3148 1216 3193 autem

114 3226 236 3282 tempore
260 3231 315 3267 non
334 3217 471 3267 desierunt
496 3228 529 3261 ex
557 3212 684 3263 seditiosa
710 3220 786 3278 parte
810 3213 838 3262 in
857 3212 1017 3263 llaedestnm
1041 3210 1145 3263 irruere
1164 3212 1216 3261 mi.

114 3286 178 3338 lites
197 3289 336 3354 magisque
354 3282 490 3350 peregrini
516 3290 542 3332 et
566 3298 644 3349 agros
665 3283 736 3334 eirca
763 3284 828 3335 sitos
848 3284 988 3336 devastare
1008 3291 1146 3349 praetexto
1167 3298 1216 3334 eu.

115 3357 218 3408 stodiae
239 3355 343 3408 castelli
368 3362 395 3404 et
413 3353 678 3405 circumvallatiouis.
717 3350 841 3421 cupiebat
868 3356 938 3405 enim
959 3356 1036 3405 etiam
1057 3370 1103 3406 eos
1122 3355 1215 3407 Batat.

118 3429 180 3478 aina
206 3435 317 3493 propter
343 3424 492 3490 superbiam
521 3427 690 3492 arrogantiae
722 3435 749 3476 et
773 3426 935 3493 praesidium
958 3426 1129 3488 insidiarum,
1149 3440 1215 3492 quas

114 3499 311 3563 suspicaretur,
332 3504 358 3546 et
377 3496 518 3547 turbarum.
556 3506 742 3549 eonservatus
762 3506 849 3549 antem
870 3504 909 3547 est
930 3498 1007 3547 etiam
1026 3503 1118 3562 portus
1138 3494 1216 3545 huius

56 3605 58 3609 v
115 3565 221 3619 castelli
248 3565 317 3631 palis
347 3575 374 3617 et
391 3568 537 3634 porticibus
560 3568 659 3635 ligneis
688 3577 715 3618 et
738 3567 799 3619 aliis
825 3568 1007 3620 instrumentis
1026 3581 1094 3634 quae
1113 3565 1215 3615 alienas

113 3652 198 3689 naves
217 3644 385 3689 averterent:
406 3654 518 3708 cumque
536 3639 618 3689 multa
632 3640 660 3688 in
679 3638 761 3690 litore
775 3648 864 3691 essent
884 3638 1014 3699 aedilicia,
1035 3638 1141 3689 eversio
1161 3635 1216 3686 ho·

112 3726 171 3761 rum
191 3716 300 3773 propter
317 3710 445 3773 infidias,
471 3725 535 3777 quas
565 3710 764 3775 suspicabatur,
785 3710 854 3760 faeta
876 3717 924 3771 est,
953 3715 979 3757 et
1000 3708 1106 3758 omnino
1128 3710 1214 3758 omnia

112 3780 191 3831 turba
209 3778 319 3845 impleta
339 3790 413 3831 erant
433 3790 459 3833 et
478 3782 646 3833 confusione.
686 3782 759 3833 sensi
778 3790 864 3831 autem
885 3787 911 3829 et
930 3780 988 3845 ipse
1003 3778 1067 3830 talia
1086 3778 1166 3843 mala,
1185 3788 1215 3830 ut

113 3859 253 3919 postquam
272 3852 429 3903 seditionem
449 3852 539 3921 effugi,
559 3854 661 3914 domus,
681 3868 749 3920 quae
764 3853 838 3902 ,intra
857 3848 996 3903 castellum
1017 3857 1066 3914 est,
1087 3858 1113 3901 et
1132 3866 1214 3917 agre-

114 3924 193 3974 stium
211 3937 326 3972 mearum
345 3926 544 3990 possessionum
563 3926 691 3990 rapinam,
712 3938 781 3990 quae
800 3923 870 3972 inter
892 3936 936 3971 eas
957 3936 1011 3971 non
1031 3930 1130 3973 sortem
1149 3919 1214 3971 snb.

114 3995 208 4045 ierant.

213 4083 265 4136 Sed
283 4082 433 4149 Bryennius
452 4085 559 4141 ordines
575 4091 603 4134 et
617 4084 787 4151 magistratus
801 4081 878 4149 regio
898 4081 1034 4133 comitatui
1053 4078 1133 4130 utiles
1148 4091 1215 4129 con.

115 4153 225 4208 satuens
245 4163 272 4208 et
290 4154 426 4220 bonores,
445 4171 620 4225 quaeeunque
640 4154 702 4207 huie
724 4153 891 4219 videbantur,
919 4152 1035 4221 quotidie
1061 4149 1213 4215 instituens,
