2875 4734
588 286 796 357 msromi.
1043 321 1046 339 ·
1158 237 1238 354 bot

141 452 253 549 μάτων
271 467 348 549 ου’χι
366 468 500 549 μικρῶν.
521 456 561 547 ἧν
577 458 640 545 γάρ
661 461 741 543 μετά
766 463 827 526 τῶν
848 453 949 525 όλλων
972 462 1074 524 κακῶν
1096 460 1151 524 καί
1170 478 1243 541 περι

139 559 399 685 φιλοχρηματίαν
429 568 600 687 δαιμονίως
619 559 822 643 σπουδάζων,
846 586 898 625 και
927 556 1065 643 κτήσεων
1088 558 1242 643 α’κινητων

136 664 259 751 χανδόν
277 664 467 746 ποιούμενος
485 663 541 749 την
561 665 728 743 ἐπίκτησιν.
762 654 807 727 τόν
819 656 1023 745 ακορέστως
1010 658 1157 741 σχόμενος
1173 660 1244 723 κόν-

140 789 216 849 τρσν
234 791 286 831 και
307 776 435 847 ταμεῖον
447 768 504 850 τῆς
516 768 579 829 τῶν
596 767 714 828 λοιπῶν
733 763 836 827 αύτοό
857 761 994 843 κτήσεων
1015 755 1243 842 ἐπισυναθρυί-

113 870 222 942 5σεως
235 863 292 949 τὴν
306 871 365 930 τοῦ
376 864 532 947 Ἑβδόμοο
543 861 795 950 perdocuerat
813 864 873 947 γάρ
889 859 996 944 λοβῶν
1011 857 1088 925 κατά
1108 858 1241 941 δωρεάν,

140 966 358 1049 παρεσκεύαζε
376 966 430 1032 τόν
450 971 584 1048 βασιλέα
600 963 699 1032 πολλά
724 968 786 1030 τῶν
812 965 973 1048 κτημάτων
994 963 1081 1050 αύτῷ
1101 984 1243 1043 προσκυ-

140 1068 219 1152 ρούν
240 1066 397 1150 όσημέραι
426 1068 482 1131 καί
511 1064 686 1151 προσόδους
709 1067 879 1151 ἀφθόρους
909 1073 1096 1147 περιποιεῖν,
1118 1060 1159 1137 ῶς
1179 1056 1272 1141 αό-,λ
1291 1074 1343 1131 210
1352 1089 1380 1131 r.

141 1168 199 1231 τού
219 1165 304 1248 τάχα
326 1169 592 1250 διαγωνιζομένον
618 1170 749 1249 ποιῆσαι
772 1175 864 1230 τοῦτο
884 1162 967 1248 μετά
990 1167 1241 1253 παρόλευσινπρό

138 1270 270 1347 βασιλεῖ
286 1267 460 1347 πολύολβον
484 1268 681 1349 ἐνδιαίτημα,
705 1263 914 1347 σκεπτόμενος
936 1270 971 1331 ἐκ
988 1266 1171 1350 μοχθηρίας
1193 1267 1242 1331 οέ-

95 1378 131 1431 10
142 1365 310 1443 κειούσδαρ
333 1369 388 1428 καί
409 1364 676 1450 παρακερδαίνειν
703 1363 743 1430 τά
775 1368 832 1429 νῦν
853 1366 1096 1449 προσφερόμενα
1126 1366 1243 1453 asclepi

142 1462 270 1545 όνόματι
294 1469 350 1549 τῆς
371 1470 468 1549 μονῆς
492 1468 626 1531 πλούτον
647 1468 839 1530 ἐπικτᾶσθαι
859 1464 1021 1549 ύπερφυῆ,
1041 1470 1097 1527 τοῦ
1118 1466 1153 1529 δέ
1165 1469 1241 1547 μέλ·

140 1572 244 1641 λοντος
266 1560 348 1631 εἶναι
368 1567 424 1631 τόν
447 1564 536 1649 λόγον
559 1565 750 1651 α’πόρρητον.
805 1568 837 1629 ἐν
858 1564 979 1639 τούτοις
1003 1569 1037 1630 δὲ
1067 1566 1163 1630 πάσιυ
1182 1566 1242 1629 ου’-

141 1668 217 1731 δίνα
235 1664 329 1750 κόρον
351 1668 533 1749 λαμβάνων,
555 1670 657 1731 καίτοι
683 1671 738 1731 καί
759 1664 845 1750 παρά
868 1665 995 1731 πάντων
1017 1670 1080 1731 τῶν
1103 1668 1136 1730 ἐν
1156 1668 1237 1731 τέλει

139 1767 195 1829 καί
208 1769 271 1831 τῶν
292 1770 495 1852 στρατιωτῶν
517 1771 573 1831 καί
592 1772 738 1833 τελωνῶν
761 1771 815 1831 καί
835 1768 1019 1852 πρακτόρων
1039 1763 1242 1850 δωροδοκού-

97 1874 232 1949 15μενος
269 1869 324 1932 καί
353 1867 490 1953 κτήσεων
528 1867 655 1931 είδικῶν
694 1870 749 1931 κατ’
782 1865 873 1932 οἴκων
909 1868 942 1931 ἐν
980 1864 1150 1952 περιλήψει
1181 1890 1241 1947 με-

139 1968 243 2053 γάλων
270 1964 479 2033 κατ”πολλῶν
506 1966 758 2049 καθιστάμενος,
793 1969 868 2031 ου’δὲ
899 1969 955 2031 τού
982 1969 1157 2051 κερδαίνειν
1187 1972 1243 2033 καί

139 2072 174 2134 ἐκ
215 2067 504 2157 συκοφαντημάτων
535 2070 706 2152 α’πείχετσ,
744 2071 816 2135 ου’δέ
853 2071 909 2133 τού
950 2067 1169 2149 ἐπιβουλεύειν
1201 2071 1241 2156 τῇ

140 2170 273 2260 εόθηνίρι
307 2176 362 2236 καί
397 2168 454 2254 την
484 2169 635 2254 κοσμικὴν
670 2170 846 2254 ἀδημονίαν
878 2172 934 2233 καί
967 2166 1091 2233 ἔνδειαν
1122 2170 1242 2234 οἰκείαν

139 2274 302 2335 ποιεῖσθαι
323 2274 541 2356 φιλοκερδείας
569 2268 741 2334 ὑπόθεσιν·
784 2270 838 2358 τῷ,
853 2292 901 2334 τοι
931 2273 985 2334 κατ’
1010 2268 1127 2351 μαθῶν
1146 2265 1189 2345 ῶς
1209 2265 1243 2334 ἐν

94 2375 182 2457 wrogi
207 2369 335 2459 κάστριρ
357 2375 396 2457 τῇ
412 2371 582 2457 Ῥαιδεστῷ
610 2371 800 2452 κατάγουσιν
830 2363 951 2451 άμαξαι
978 2367 1031 2432 τόν
1055 2376 1142 2433 σῖτον
1163 2374 1241 2431 πολ-

139 2473 203 2546 λαί,
225 2474 279 2535 καί
294 2468 564 2554 διαπιπράσκουσι
579 2466 885 2550 διασκεδαννόμεναι
900 2466 945 2544 εἴς
955 2492 989 2534 τε
1002 2465 1040 2534 τά
1061 2472 1122 2557 τῶη
1139 2491 1242 2550 μονα-

142 2575 281 2654 στηρίων
302 2573 482 2653 ξενοδοχεδα
503 2572 560 2635 καί
573 2568 747 2636 κατατόπια
764 2569 820 2635 καί
839 2568 937 2654 αότῆς
959 2573 1015 2654 τῆς
1027 2570 1164 2655 μεγάλης
1187 2570 1241 2633 ἐκ·
1315 2580 1319 2611 ³

139 2676 269 2755 κλησιάς
291 2673 346 2735 καί
367 2675 491 2738 πολλῶν
505 2674 678 2758 ἐγχωρίων,
694 2675 749 2737 καί
768 2664 877 2737 ἄνετον
891 2674 1054 2737 ποιοῦνται
1077 2668 1132 2755 τὴν
1155 2674 1241 2756 πρά-

210 2832 236 2883 5
257 2824 362 2903 μανόν]
381 2849 414 2886 an
436 2851 530 2908 μονην
549 2831 696 2890 irretetis?
767 2833 793 2886 8.
814 2833 961 2907 ἀφθόνους
980 2835 1141 2903 interpres.
1197 2834 1238 2887 1³.

209 2904 414 2975 λαμβάνεινῦ
511 2906 554 2958 23.
577 2905 768 2964 ποιούνταῦ

141 3051 270 3102 avaritiae
289 3052 354 3103 mire
373 3053 492 3117 deditus,
511 3062 538 3103 et
562 3054 762 3119 possessionum
792 3050 957 3103 immotarum
977 3051 1073 3118 cupide
1092 3050 1143 3102 sibi
1162 3050 1237 3102 com'.

139 3122 248 3189 parabat
266 3126 457 3186 accessionem,
477 3138 587 3189 quarum
605 3120 749 3172 insatiabili
776 3122 853 3173 modo
883 3130 963 3173 tenax
980 3120 1113 3174 stimulum
1134 3128 1160 3172 et
1179 3122 1238 3172 cei.

138 3192 190 3244 lam
209 3195 428 3247 accumulationis
455 3201 602 3243 ceterarum
630 3193 830 3258 possessionum
855 3191 968 3244 habebat
987 3192 1117 3245 Hebdomi
1135 3206 1236 3244 mona·

65 3257 70 3270 ⁸
138 3266 262 3316 sterium·
286 3266 337 3316 hoc
363 3265 432 3315 enim
442 3269 595 3329 postquam
623 3264 693 3314 dono
713 3265 818 3331 accepit
841 3264 991 3331 efficiebat,
1021 3273 1050 3317 ut
1075 3280 1123 3317 rex
1141 3264 1236 3317 multas

131 3338 323 3401 possessiones
346 3336 370 3385 ei
389 3336 506 3387 firmaret
523 3335 660 3403 quotidie
662 3342 689 3385 et
715 3335 848 3387 redituum
867 3336 965 3387 allatim
989 3336 1128 3401 tribueret,
1148 3338 1185 3388 ita
1206 3345 1236 3388 ut

139 3420 173 3457 eo
191 3407 269 3469 brevi
297 3406 349 3456 boc
379 3406 521 3456 evincente
551 3404 601 3456 hoc
625 3406 749 3458 redderet
777 3423 860 3475 prope
889 3422 980 3476 regem
999 3406 1111 3460 maxime
1130 3408 1236 3459 beatum

139 3477 317 3539 domicilium,
342 3476 450 3530 studens
478 3478 610 3541 pravitate
636 3477 660 3527 ei
680 3479 820 3531 conciliari
847 3488 873 3531 et
893 3479 993 3532 lucrari
1013 3494 1080 3546 quae
1100 3494 1171 3529 nunc
1189 3495 1239 3530 rc

138 3546 221 3598 deunt
245 3554 272 3596 et
298 3547 406 3597 nomine
431 3549 585 3598 monasterii
606 3548 712 3601 divitias
741 3551 791 3602 sibi
812 3566 966 3618 comparare
990 3553 1140 3601 immensas.
1178 3564 1236 3601 cum

139 3618 183 3669 bic
201 3616 263 3667 talis
283 3632 344 3669 esse
363 3616 448 3669 vellet
466 3619 571 3669 ratione
590 3620 709 3689 vetita,
701 3637 729 3671 m
755 3621 796 3673 liis
815 3631 903 3673 autem
923 3621 1044 3672 omnibus
1069 3618 1170 3672 nullam
1190 3636 1237 3672 ca-

138 3704 204 3757 pere
224 3689 382 3753 satietatem,
400 3687 467 3740 licet
485 3698 513 3741 et
529 3690 561 3741 ab
577 3690 698 3743 omnibus
723 3676 920 3761 magistratibus
947 3701 973 3741 et
992 3691 1121 3743 militibus
1141 3700 1168 3743 et
1185 3708 1238 3760 pu.

137 3760 253 3813 blicanis
274 3768 300 3810 et
321 3761 493 3844 portitoribus
516 3764 630 3828 pecunia
650 3773 789 3831 corruptus
814 3774 841 3815 et
858 3764 1056 3830 posscssionum
1075 3763 1238 3829 privatarum

139 3840 166 3883 et
182 3832 364 3884 aedificiorum
384 3834 496 3884 circuitu
514 3849 670 3900 magnorum
698 3835 893 3902 multorumque
912 3836 1062 3904 (dominus)
1082 3835 1184 3901 lactus,
1203 3853 1238 3889 no

137 3905 177 3957 tic
196 3903 302 3972 quidem
315 3919 331 3955 a
343 3902 419 3955 lucro
438 3904 483 3956 rel
504 3904 642 3957 calumniis
661 3907 771 3971 destitit,
785 3922 879 3991 neque
898 3906 1005 3957 studere
1015 3907 1191 3960 abundantiae
1211 3916 1238 3959 et

137 3984 270 4027 terrenam
291 3974 466 4026 calamitatem
486 3983 565 4044 atque
583 3978 699 4045 inopiam
717 3980 854 4046 proprium
875 3977 985 4030 reddere
1005 3978 1073 4030 lucri
1092 3994 1236 4046 argumen-

87 4084 92 4095 .
137 4054 199 4097 tum.
239 4054 292 4098 tum
313 4061 378 4113 ergo
398 4047 498 4111 audito,
517 4048 550 4098 ad
570 4049 709 4101 castellum
728 4051 880 4102 llaidestum
900 4050 1034 4102 deducere
1054 4064 1145 4101 currus
1177 4049 1236 4101 iru-

136 4125 253 4169 mentum
271 4118 369 4169 multos
388 4126 414 4168 et
434 4120 559 4184 vendere,
579 4136 686 4186 sparsos
705 4138 754 4189 per
773 4123 993 4175 monasteriorum
1022 4120 1178 4173 deversoria
1209 4128 1237 4173 et

136 4189 262 4257 regiones
282 4198 309 4242 et
329 4190 413 4257 ipsius
431 4206 542 4260 magnae
563 4192 694 4247 ecclesiae
714 4202 741 4246 et
759 4193 901 4247 multorum
920 4194 1022 4261 patriae
1052 4190 1190 4259 locorum,
1210 4197 1237 4243 et
