2875 4734
562 221 769 290 maroam.
1044 231 1048 236 ·
1164 166 1224 292 ns

113 372 292 461 χασέμενος
320 377 501 464 προσθήκην
530 381 582 445 διὰ
603 381 725 446 τούτων
752 380 998 465 α’καταμολχηεον
1028 385 1217 468 προεξένηοο

114 485 182 553 τοϊς
203 480 364 553 έναντιόις.
409 481 442 543 ἐν
463 481 522 566 μιᾷ
543 479 606 564 γὰρ
627 475 771 564 πλήθους
792 479 873 545 κατὰ
900 480 1069 565 βασιλικήν
1089 482 1218 566 γνώμην

114 580 344 696 στρατιωτικρῦ
373 583 659 664 ουναθροισθέντος
692 583 747 645 ε’πί
759 582 837 667 Ἰταῖν
859 587 927 646 κατ’
947 581 1086 668 Ἰβηρίαν
1110 581 1217 669 δρίαν,

114 697 399 763 συνταγματαρχην
429 681 582 763 ἐπίσημον
612 679 738 764 ἔχοντος
767 677 802 756 δς
835 682 1017 765 Λιπαρέτης
1048 681 1219 764 έποινομοὶ-

88 779 200 858 5ζετο,
221 777 365 861 συμβολή
389 775 509 860 μεταξδ
527 781 650 845 κου’τσον
671 781 725 846 καί
744 784 808 845 τοῖν
827 773 955 845 Οόννσον
975 782 1112 865 καρτερὰ
1132 779 1234 866 γένε-’

25 907 28 916 ·
85 964 90 976 ,
116 904 191 962 ται,
219 880 274 942 καί
296 880 394 962 μέχρι
416 882 535 943 πολλοῦ
566 884 621 964 τής
648 883 756 967 μα’χης
787 886 1023 967 καθισταμένης
1045 882 1218 961 ἰσοπαλοῦς

116 983 206 1054 τέλος
228 977 257 1042 οἱ
280 979 536 1063 ἀντιτεταγμένοι
556 984 603 1044 τὸ.
617 980 734 1065 κράτος
755 983 938 1068 ήνέχκαντο,
962 984 1019 1046 καί
1037 980 1111 1058 τοδς
1132 983 1220 1048 Ῥεο-

116 1082 233 1161 μαίους
256 1078 438 1163 νικήσαντες
470 1083 570 1160 ζυῖντα
600 1080 656 1146 τὸν
676 1085 859 1168 Λιπαρέτην
888 1087 1044 1166 κατέσχον
1064 1085 1120 1148 κατ’
1138 1082 1218 1169 πρὸς

116 1180 169 1245 τὸν
191 1180 351 1263 ἐθνάρχην
372 1183 479 1245 ου’τοέν
507 1182 549 1258 οὖς
571 1183 705 1268 θήραμοί
726 1209 756 1248 τι
781 1189 841 1248 τῶν
869 1185 1025 1266 μεγίστων
1045 1180 1219 1268 ἀπήγαγον.

73 1287 261 1345 1οκαλεῖται
281 1281 310 1342 δ’
332 1267 420 1355 οὗτος
442 1280 614 1357 σουλτὰνος
643 1284 682 1368 σή
703 1286 851 1370 Περσικῇ
871 1285 1033 1372 διαλέκτῳ.
1078 1285 1147 1348 ἀλλ’
1167 1277 1218 1367 έχε

117 1377 226 1448 τοῦτον
248 1379 344 1466 ἰδών,
379 1380 434 1444 καί
453 1380 488 1445 τὸ
521 1387 607 1466 μένος
631 1385 742 1448 τούτου
765 1381 959 1468 μεμαθηκώς
989 1387 1219 1467 (προκατέλοβε

116 1483 299 1575 γάριαέτὸν
319 1487 337 1570 ή
361 1482 451 1572 φήμη
473 1484 527 1567 τῆς
548 1486 608 1550 τοῦ
630 1484 745 1568 ἀνδρὸς
765 1479 1008 1567 γενναιότητος),
1030 1475 1125 1565 ἤρετο
1141 1481 1220 1546 aad·

114 1605 173 1649 τον
193 1577 277 1662 ὅπως
305 1587 344 1671 δή
364 1589 517 1670 χρηστέον
536 1585 630 1671 ου’τρῖ.
675 1583 690 1648 ὅ
715 1587 751 1650 δέ
772 1587 945 1668 βασιλικῶς
963 1579 1035 1668 ἔφη.
1078 1584 1134 1647 καί
1156 1583 1220 1646 αδ-

115 1685 187 1750 τέκα
207 1687 262 1770 τής
286 1686 443 1770 δυστήνου
470 1688 567 1771 ου’χης
590 1689 701 1751 τοῦτον
723 1685 741 1750 δ
764 1682 938 1757 σουλτοὶνος
958 1680 1144 1765 ἐλευθεροῖ,
1164 1681 1221 1748 κατ’

71 1783 244 1852 murinas
280 1779 325 1853 cdv
357 1784 438 1853 κατέ
472 1785 524 1852 τὸν
561 1787 697 1868 πόλεμον
731 1783 940 1869 ἀποβεβλήκει
954 1785 1218 1849 πολλαπλασίονα

115 1884 173 1969 τήν
193 1887 364 1952 α’ντέκτισιν
384 1887 469 1969 δούς,
492 1884 550 1970 τήν
565 1884 645 1969 πρὸς
660 1884 839 1966 Ῥωμαίους
857 1878 938 1951 οὕτω
951 1880 1125 1968 συνεχώρει
1147 1879 1218 1962 ἔξο-
1249 1935 1253 1939 .

117 1988 182 2072 δον,
204 1988 376 2068 θαυμάσας
397 1987 454 2072 τήν
475 1991 532 2052 τοῦ
555 1984 670 2070 ἀνδρὸς
700 1984 865 2068 εέψυχέαν
885 1989 939 2051 κατ’
958 1981 993 2050 τὸ
1015 1983 1073 2048 τοῦ
1094 1979 1218 2069 φρονή-
1246 2037 1250 2042 .

116 2111 215 2170 ματος
239 2087 416 2169 ου’στιιθές,
438 2086 494 2154 καί
531 2085 670 2171 θελήσας
701 2083 746 2168 μή
773 2084 918 2170 δεύτερος
946 2085 1046 2151 ου’τοῦ
1066 2086 1217 2167 γενέσθαι

117 2194 193 2274 περί
220 2190 255 2254 τὸ
286 2194 341 2273 τῆς
362 2188 504 2272 πράξεως
537 2189 662 2271 εδχενές
691 2187 746 2252 κατ’
780 2183 1056 2273 ἀφιλοχρήματον.
1107 2183 1218 2248 τοῦτον

69 2293 107 2349 20
117 2287 223 2356 rosbes
245 2284 262 2352 ὁ
295 2291 356 2354 τοῖν
372 2285 538 2372 Ῥωμαίων
562 2289 730 2369 δεξάμενος
749 2284 913 2368 ,βασιλεδς
933 2292 1040 2366 τιμαῖς
1060 2307 1094 2350 τε
1117 2285 1221 2365 δημο-

117 2397 203 2466 σίαις
224 2389 324 2456 ου’τὸν
340 2390 590 2473 κατελάμαρννε,
609 2387 664 2452 κατ’
686 2383 802 2470 δώροις
823 2384 877 2450 καί
892 2385 997 2468 λέγοις
1017 2383 1220 2464 πανταχόθεν

118 2487 231 2572 έχουσι
263 2488 296 2556 τδ
315 2489 464 2572 νλαμπρὸν
495 2484 748 2574 κατεκόσμησεν,
770 2486 814 2562 ὥς
842 2481 925 2572 δαέρ
955 2485 1011 2569 τής
1040 2482 1219 2566 Ῥωμαῖκῆς

118 2593 284 2674 βασιλείας
305 2587 361 2674 τήν
381 2587 492 2674 ψυχήν
510 2589 704 2664 α’διοτιὲκτοος
726 2590 909 2672 προέμενον.
947 2630 950 2634 -

121 2915 211 2970 socios
233 2911 280 2966 sed
299 2915 376 2965 etiam
396 2911 486 2966 hostes
504 2914 577 2980 ipsos
596 2905 700 2964 validos
719 2909 820 2961 iaciens
840 2907 1022 2960 accessionem
1037 2920 1086 2972 per
1104 2900 1152 2957 bos
1172 2902 1218 2956 in.

120 2989 219 3040 victam
238 2985 359 3052 praebuit
378 2984 506 3038 hostibus.
546 2999 593 3051 per
622 2998 702 3034 unum
720 2981 790 3032 enim
813 2980 883 3031 diem
902 2977 1070 3029 multitudine
1089 2991 1123 3026 ex
1143 2977 1219 3043 regia

120 3060 254 3110 sementia
274 3057 382 3108 militari
402 3064 494 3108 coacta
524 3056 550 3105 in
569 3055 671 3105 lberiae
700 3053 796 3104 linibus
816 3050 998 3100 centurionem
1016 3045 1148 3098 illustrem
1167 3045 1218 3095 ba.

119 3130 210 3194 beate,
231 3129 275 3196 qui
295 3128 425 3194 Liparites
453 3126 696 3194 cognominabatur,
717 3137 877 3190 congressus
900 3121 971 3170 inter
994 3116 1043 3168 hos
1063 3125 1089 3168 et
1107 3115 1219 3166 Hunnos

121 3201 198 3252 fortis
216 3201 254 3262 lit,
275 3208 300 3250 et
319 3207 456 3266 postquam
475 3199 519 3248 diu
538 3211 625 3264 pugna
653 3198 741 3247 extitit
758 3210 815 3261 par,
833 3199 969 3259 postremo
993 3187 1110 3255 oppositi
1128 3187 1218 3237 victo.

29 3274 33 3282 '
120 3273 185 3322 riam
204 3278 382 3337 reportarunt,
404 3277 431 3319 et
450 3269 557 3322 Graecis
576 3269 688 3320 devictis
709 3269 800 3319 vivum
815 3264 958 3330 Liparitem
977 3265 1119 3312 tenuerunt
1138 3264 1165 3308 et
1185 3257 1218 3308 ad

120 3343 214 3409 populi
227 3342 372 3409 prinoipem
384 3339 583 3407 (ethnarchum]
597 3355 672 3390 suurn
687 3347 716 3390 ut
731 3336 881 3390 venationis
901 3333 1023 3402 praedam
1048 3329 1163 3397 aliquam
1184 3343 1217 3378 ex

119 3414 240 3465 mammis
261 3412 434 3464 abduxerunt.
457 3419 568 3464 vocatur
589 3417 675 3462 autem
695 3409 739 3460 hio
760 3408 879 3467 soltanus
897 3403 1006 3456 Persica
1025 3401 1148 3463 dialecto,
1169 3399 1217 3451 sed

120 3484 169 3536 ille
189 3485 259 3536 buno
278 3483 372 3534 videns
393 3490 418 3532 et
437 3491 544 3551 gentem
563 3481 620 3533 eius
641 3494 807 3546 cognoscens
832 3473 1049 3545 (praeobtinebat
1069 3472 1137 3524 enim
1157 3484 1217 3520 eum

121 3555 189 3606 lama
207 3554 354 3606 nobilitatis
369 3555 439 3623 xviri)
461 3551 605 3620 quaerebat
624 3567 657 3601 ex
676 3550 738 3614 hoc,
758 3549 890 3618 quomodo
909 3546 1014 3598 tandem
1032 3549 1152 3594 uteretur
1171 3554 1215 3601 eo,

118 3627 169 3678 ille
190 3635 286 3689 autern,
306 3626 391 3694 regie,
411 3625 511 3692 inquit3
531 3631 558 3674 et
574 3623 662 3674 statim
676 3622 774 3673 misera
793 3620 899 3671 fortuna
917 3617 989 3667 buno
1007 3614 1126 3665 sultanus
1144 3608 1216 3660 libe.

65 3749 68 3752 ,
118 3706 161 3750 rat
180 3705 206 3748 et
222 3713 270 3764 pro
290 3697 409 3748 omnibus
431 3697 499 3762 q'uae
519 3696 545 3744 in
566 3692 640 3744 bello
660 3693 810 3759 perdiderat
828 3687 1001 3753 multiplicem
1021 3681 1217 3736 restitutionem

118 3771 221 3822 donans
244 3767 275 3818 ad
295 3769 410 3821 Graecos
428 3769 465 3816 ita
489 3764 565 3818 simul
592 3764 727 3814 concessit
755 3762 854 3812 abitum
875 3758 1016 3811 admiratus
1035 3755 1087 3806 viri
1104 3765 1216 3820 magna.

116 3831 264 3891 nimitatem
286 3846 313 3889 et
330 3839 410 3889 animi
428 3837 577 3888 firmitatem
605 3843 632 3884 ot
655 3832 758 3898 volens,
777 3846 830 3881 non
849 3830 962 3881 inferior
983 3841 1016 3878 eo
1042 3840 1102 3878 esse
1121 3825 1150 3874 in
1174 3822 1216 3874 ta.

118 3913 156 3962 oti
180 3909 321 3962 nobilitate
349 3917 376 3960 et
399 3909 561 3976 integritate.
607 3905 678 3956 huno
704 3904 786 3969 igitur
814 3900 974 3963 Graeeorum
1001 3898 1138 3962 excipiens
1169 3906 1218 3943 rex

118 3981 267 4034 honoribus
286 3979 402 4047 publicis
421 3995 481 4031 eum
500 3976 642 4030 honoravit
661 3981 688 4023 et
711 3973 788 4024 donis
814 3979 841 4022 et
859 3971 949 4022 verbis
968 3969 1067 4036 ubique
1086 3964 1218 4016 illustrem

116 4055 249 4106 rationem
277 4050 434 4106 habentibus
462 4050 568 4101 amarit
586 4055 616 4097 ut
638 4057 687 4112 pro
707 4043 809 4096 Graeco
827 4043 939 4109 imperio
958 4041 1046 4092 ‘vitam
1075 4041 1148 4086 certo
1168 4031 1218 4084 de-

117 4133 272 4180 voventem.
