2875 4734
493 247 700 318 ntsvontl.
1077 246 1147 319 157
1239 291 1244 298 ·

43 407 108 491 γῆς
133 414 189 475 καί
208 407 327 499 ἄσημος
349 408 537 501 κρότοςκαί
563 416 667 485 πάντα
687 415 766 502 μετδ
797 421 946 505 θορύβων
968 421 1023 486 καί
1042 421 1153 485 κινδῦ-

47 534 115 574 νονν
134 512 308 579 ἐδείκνυτο·
351 516 406 580 καί
427 520 488 593 πῦς
512 542 559 595 τις
584 524 695 584 θανεῖν
714 519 865 601 ἐπεθῦμει
887 522 1008 601 μᾶλλον
1033 516 1054 603 ἢ
1084 544 1150 585 τοι.

46 611 144 674 οῦτον
165 614 245 679 ἰδεῖν
268 613 389 702 καιρόν.
433 621 488 681 καί
509 618 544 682 τό
575 618 620 702 μὴ
644 623 785 686 κατιδεῖν
815 619 859 697 ιός
889 622 1021 704 εῦτυχές
1043 625 1152 703 ἐνομί-

47 713 133 793 ζετο,
159 717 215 778 καί
234 714 310 791 τοῦς
329 717 373 800 μή
401 719 540 784 τοιοῦτον
566 717 690 796 ἰδόντας
713 717 754 794 ὥς
783 721 929 804 εῦτυχεῖς
950 718 1150 804 ἐμακάριζεν.

1 805 30 878 '5
150 813 232 879 Ἀλλ’
254 817 401 905 ἐντούτῳ
419 821 616 898 πόθουςτιῦν
633 821 798 902 Ῥωμαίων
823 813 931 902 όντων,
955 821 1011 885 οῦκ
1036 822 1154 906 η’δυνη-

43 919 154 1000 θησαν
175 913 204 979 οἱ
228 922 371 998 πολέμιοι
395 919 481 996 ἐντός
501 923 554 986 τοῦ
575 921 717 1005 χάρακος
738 925 902 1007 εἰσπεσεῖν,
923 920 1153 1005 εδλαβοῦμενοι

46 1019 105 1078 καί
126 1007 215 1079 οὗτοι
239 1016 273 1081 τὸ
297 1019 501 1104 α’πρόσφορον
521 1025 578 1086 τοῦ
597 1026 712 1106 καιροῦ
745 1025 800 1086 καί
820 1020 878 1098 τός
899 1020 1006 1098 κοινός
1026 1026 1151 1100 ἐννοίας

49 1118 97 1189 εἷς
120 1111 262 1197 ἓσυτοδς,
280 1118 493 1196 ἐμπλέκοντες.
552 1115 588 1184 οῦ
625 1121 689 1206 μὴν
719 1124 883 1205 γεγόνασιν
910 1122 1150 1207 δπισθόρμητοι,

47 1214 133 1280 α’λλιὶ
157 1219 198 1280 δι’
224 1211 299 1300 δλης
330 1217 443 1294 νυκτός
473 1224 699 1306 περιηχοῦντες
725 1213 806 1304 ἦσαν
838 1220 925 1297 ἐκτός
943 1221 1154 1304 ,δρόμοιςκκαέ

1 1330 35 1382 to
48 1314 258 1399 περιδρόμοις
286 1318 341 1403 την
361 1315 527 1399 Ῥωμαίων
555 1318 772 1407 παρεμβολήν,
805 1320 907 1400 τόξοις
926 1322 981 1386 καί
1001 1331 1151 1404 σκνλμοῐς

1 1415 2 1420 '
47 1417 218 1498 βοίλλοντες
247 1421 302 1482 καί
336 1422 541 1502 πανταχόθεν
571 1423 837 1504 περιβομβοῦντες
861 1419 916 1485 καί
935 1426 1153 1506 περιφοβοῦν-

1 1571 6 1576 .
47 1539 99 1590 τες
125 1515 249 1600 αὐτοῦς,
273 1515 315 1593 οῦς
338 1513 423 1584 ἅπαν
436 1522 702 1606 διανυκτερεῦσαι
723 1521 929 1610 ἤνεηημένοις
950 1527 1006 1588 καί
1026 1521 1153 1607 α’χρῦπ-

49 1626 206 1692 νοις.τοι”ς
229 1613 367 1699 ῦμμοοι·
409 1625 455 1696 τίς
470 1621 529 1704 γὰρ
554 1615 593 1684 ίίν
614 1620 668 1685 καί
690 1615 774 1704 εἶχεν
792 1623 837 1696 είς
858 1617 956 1686 ῦπνσν
980 1627 1150 1707 τραπῆναι,

48 1720 108 1782 τοῦ
141 1719 287 1783 κινδύνου
309 1719 367 1804 τήν
392 1715 556 1807 ῥομφαίαν
576 1724 776 1805 ἐσπασμένην
803 1722 978 1806 μονονουχὶ
1003 1725 1152 1808 προδεικ-

1 1842 187 1894 [5νυοντος.
384 1835 388 1842 ’

155 1921 203 1986 Ου’
223 1921 288 2006 μην
319 1923 387 1987 ἀλλ’
411 1924 479 1987 ου’δ’
500 1926 545 1997 εἰς
566 1919 622 2005 τήν
653 1925 807 1989 ἐπιοῦσαν
829 1927 954 2010 ἡμέραν
976 1930 1030 2009 τῆς
1050 1923 1151 1989 ἱππα-

1 2012 4 2020 ’
49 2021 125 2095 σίας
147 2021 272 2106 καὶτῆς
294 2027 340 2098 εἰς
361 2023 470 2108 μάχην
485 2021 685 2107 προκλήσεως
705 2020 818 2107 ἔληξαν
837 2021 868 2086 οἱ
889 2027 1045 2106 πολέμιοι,
1068 2022 1150 2088 atad

49 2123 105 2185 καί
125 2120 179 2186 τόν
200 2121 319 2200 ἔξωθεν
340 2127 561 2208 παραρρέοντα
576 2123 719 2204 ποταμόν
741 2120 799 2209 ῦφ’
819 2119 952 2199 ἐαυτοδς
972 2120 1150 2208 ποιησαίμε-

48 2246 98 2286 νοι
128 2226 216 2307 δίψει
245 2225 514 2310 παραστήσασθαι
545 2224 617 2299 τοῦς
639 2222 819 2305 ‘Panamara
850 2227 1075 2310 ἐφιλονείκουν.
1118 2228 1151 2289 ἐν

1 2355 38 2408 ηρ
47 2323 152 2410 ταύτῃ
175 2326 210 2388 δέ
229 2330 265 2412 τῇ
288 2325 389 2415 ἡμέρα
408 2325 506 2408 μοῖρά
530 2347 578 2399 τις
600 2321 764 2406 Σκυθική,
786 2322 1060 2407 ἐξαρχονέχουσα
1084 2329 1151 2389 Τα-

46 2428 104 2506 μίν
125 2450 196 2490 τινα
225 2423 531 2512 κατονομαζόμενον,
561 2433 626 2500 τοῖς
647 2428 799 2499 ἐναντίοις
825 2424 1022 2510 προσερρῦη·
1072 2420 1156 2508 ῦπερ,

47 2526 107 2591 οῦκ
130 2529 176 2602 εἰς
196 2525 314 2612 μικρόν
331 2527 468 2610 ἀγωνίαν
488 2525 562 2604 τοῦς
578 2523 755 2610 Ῥωμαίους
774 2526 930 2610 ἐνέβαλεν,
951 2525 1150 2591 ῦποπτεῦον-

124 2711 151 2768 4.
171 2715 370 2789 ἐμακιίριζονλ

50 2911 151 2964 multus
170 2914 297 2978 incertus,
324 2919 350 2964 et
368 2913 399 2965 ab
414 2915 485 2966 omui
503 2921 578 2982 parte
592 2912 713 2980 pericula
728 2919 755 2963 et
768 2911 845 2963 turba
860 2912 1032 2979 apparebant,
1043 2923 1151 2962 omnes.

52 3001 106 3051 quc
126 2985 193 3034 mori
212 2985 346 3036 malebant
365 3001 441 3053 quam
465 2984 545 3037 talem
567 2984 660 3036 videre
679 2989 880 3047 tempestatem:
906 2989 985 3049 atqua
1011 2981 1078 3031 haec
1096 2995 1151 3031 non

54 3056 148 3106 videre
168 3063 195 3105 ut
215 3056 321 3108 fortuna
339 3056 503 3119 habebatur,
535 3057 622 3120 iisque
648 3053 693 3120 qui
715 3050 770 3102 tale
787 3064 840 3101 non
860 3051 1000 3114 videbant,
1026 3059 1150 3117 tanquam

50 3126 140 3178 beatis
159 3126 365 3194 gratulabantur.
401 3172 404 3179 r

154 3213 204 3265 Sed
228 3217 254 3266 in
282 3215 332 3267 hac
351 3213 509 3267 difficultate
532 3210 699 3263 versantibus
726 3210 835 3262 Graecis
862 3224 916 3260 non
935 3216 1080 3277 potueruut
1097 3207 1149 3260 ho.

52 3291 107 3337 stes
132 3300 257 3354 aggerem
282 3287 410 3338 invadere
435 3291 561 3336 caventes
590 3289 617 3333 et
641 3281 693 3348 ipsi
718 3282 845 3347 temporis
870 3281 1093 3348 importunitatem
1120 3287 1150 3331 et

1 3355 7 3380 ³
53 3371 204 3407 communes
231 3356 404 3408 difficultates
430 3369 518 3404 secum
545 3351 702 3406 volventes:
728 3369 816 3421 neque
835 3367 901 3403 vero
930 3351 963 3403 ab
983 3353 1082 3419 impetu
1099 3351 1149 3402 de-

51 3428 186 3492 stiterunt,
205 3428 252 3477 sed
270 3443 319 3492 per
338 3433 416 3476 totam
436 3432 541 3476 noctem
568 3433 641 3476 entra
660 3439 756 3492 magno
782 3440 840 3480 cum
859 3423 976 3475 clamore
996 3421 1150 3490 equitabant

53 3506 80 3548 et
99 3497 376 3559 circumvelrebantur,
399 3495 559 3548 Graecorum
578 3505 663 3548 castra
682 3511 759 3548 arcus
780 3495 894 3546 iactibus
914 3503 941 3545 et
958 3493 1087 3544 machinis
1105 3493 1148 3540 ia.

53 3570 154 3621 cientes
174 3574 201 3617 et
219 3567 335 3634 undique
350 3568 573 3620 circumsonantes
591 3576 617 3619 et
630 3575 762 3618 terrentes
782 3581 837 3630 eos,
856 3567 892 3616 ita
911 3572 940 3615 ut
958 3578 1049 3614 omnes
1067 3574 1148 3627 aper-

52 3641 85 3690 tis
113 3647 139 3690 ot
164 3639 302 3690 insomniis
327 3639 412 3690 oeulis
437 3647 543 3690 noctem
568 3640 706 3707 degerent.
750 3638 809 3705 quis
839 3637 908 3686 enim
933 3647 1025 3686 somno
1045 3631 1148 3683 adverti
1168 3680 1180 3689 ,,

52 3717 152 3778 posset,
173 3709 294 3777 periculo
314 3708 430 3778 gladium
448 3717 547 3762 tantum
567 3724 620 3761 nou
639 3710 758 3760 strictum
777 3709 922 3776 minitante.

123 3788 361 3849 Verumenimv'ero
378 3813 413 3848 ne
431 3799 553 3866 sequenti
571 3797 676 3864 quidem
694 3796 739 3847 die
759 3795 850 3846 hostes
869 3808 885 3844 a
904 3793 1147 3863 circumequitaudo

54 3877 80 3920 ot
99 3869 130 3921 ad
147 3868 275 3937 praelium
294 3867 452 3922 lacessendo
470 3869 640 3930 destiterunt,
661 3867 708 3917 sed
727 3873 865 3932 postquam
885 3864 963 3914 etiarn
979 3863 1076 3915 llumen
1097 3881 1147 3916 ex.

1 3965 6 3972 ·
54 3952 93 3994 tra
116 3938 306 4007 praeterfluens
333 3948 512 4006 occuparunt,
539 3939 583 3990 siti
609 3938 724 3988 Graecos
752 3934 885 3987 subiicere
908 3934 1056 3986 studebant.
1095 3937 1147 3987 hoc

54 4027 120 4065 vero
140 4013 182 4062 die
208 4027 302 4080 agmen
329 4012 456 4079 quoddam
485 4009 656 4076 Scytharum,
683 4007 749 4059 duce
769 4006 880 4073 quodam
899 4004 969 4057 Tarni
988 4014 1095 4068 vocato,
1115 4005 1146 4056 ad

53 4084 144 4136 hostes
163 4083 271 4147 defecit,
291 4083 361 4150 quod
379 4096 474 4150 magno
488 4081 603 4134 Graecos
622 4077 789 4146 percellebat
806 4079 911 4140 timore,
930 4092 1009 4144 quum
1026 4076 1146 4142 reliquos

55 4157 132 4210 ctiam
152 4153 264 4222 Scythas
283 4155 335 4207 iam
353 4153 386 4206 ab
405 4153 456 4206 hoe
474 4159 595 4222 tempore
613 4157 738 4220 tanquam
763 4150 855 4204 hostes
874 4163 933 4202 cum
950 4147 1006 4201 illis
1025 4159 1146 4200 convan-
