2875 4734
226 325 274 396 aa
354 279 358 284 ⁵
524 325 742 393 urcnlaus
767 321 1060 411 arrasrorlu

227 469 425 572 δηλαάἡτῆς
447 488 596 571 δευτέρας
616 487 842 569 ἐπινεμησεως,
869 481 1012 568 εἰκοστήν
1034 484 1089 546 κατ’
1108 481 1217 570 τρίτην
1233 469 1333 562 ἀγον-
1426 506 1435 555 η

227 610 280 662 τος
296 588 351 651 τοῦ
373 587 476 651 αάτοό
497 587 604 671 μηνός,
625 588 699 669 περέ
722 589 875 668 δευτέραν
897 582 1009 660 νυκτός
1032 577 1179 668 φυλακην
1204 581 1331 662 γέγονεν

228 684 347 770 ἀθρόον
371 685 503 766 σεισμός
525 690 586 751 τῶν
608 684 736 750 πεόποτε
756 690 929 768 γενομένων
962 680 1262 768 ἀκπληκτικοότερος,
1291 681 1338 742 dar

226 788 289 851 τάν
304 779 460 911 ἐσπερίων
480 791 587 871 μεροῖν
607 787 794 869 ἀρξόμενος.
838 789 985 859 τοσοότος
1006 777 1086 848 δέ
1064 809 1103 866 ην
1136 781 1171 846 τό
1192 783 1330 864 μέγεθος

228 883 272 963 οός
292 889 348 950 καί
370 887 470 962 οένιας
491 887 672 1007 ἀνατρέψαι
692 885 823 969 πολλός,
846 885 953 985 όλόγας
972 887 1007 949 dd
1030 883 1242 966 ἀνυβρίστους
1269 907 1331 944 au·
1340 898 1358 952 5

227 991 377 1050 εαλιπεῖν.
422 984 497 1050 ον’όέ
518 988 591 1050 ναοί
607 988 662 1107 τῆς
691 986 807 1050 τοότοο
838 965 1051 1073 σφοδρότητος
1079 983 1201 1064 ἀθιγεῖς
1225 1003 1329 1062 μεμε-

226 1084 357 1172 νήκασιν
379 1086 459 1152 ἀλλά
480 1091 534 1151 καί
554 1087 648 1153 αότοέ
672 1087 750 1152 nurui
772 1112 842 1162 τινα
864 1083 1015 1207 μέρη,
1002 1084 1066 1151 ε’στι
1089 1086 1117 1146 d'
1146 1077 1192 1160 οἷς
1217 1086 1271 1146 κατ’
1289 1080 1328 1148 sd

226 1195 358 1252 πλεῖστα
382 1184 655 1272 περιερράγησαν·
699 1213 751 1251 και
777 1191 876 1263 κίονες
901 1181 1005 1267 σ’όσπερ
1028 1210 1091 1250 τισι
1088 1185 1330 1266 ’λαξεοτηρόοις

226 1287 516 1374 περιεόρόφθησαν.
574 1291 615 1352 ου’
642 1291 703 1372 γάρ
736 1277 820 1368 ἀπαξ
848 1282 1062 1370 προσβαλοόν,
1094 1285 1135 1360 ὥς
1165 1283 1204 1349 τό
1228 1280 1329 1348 πολλά

226 1388 344 1469 sidera,
368 1386 542 1475 ἐλώφησεν,
566 1388 647 1453 ἀλλά
670 1389 752 1471 μετὰ
775 1389 989 1474 σφοδρότητος
1010 1388 1375 1471 κινηοειςτρεῖςπρο-1ο

225 1493 328 1570 σεχεός
352 1486 573 1575 ἐτελέσθησαν.
597 1491 654 1576 ἀφ’
678 1481 723 1554 ὧν
746 1489 883 1565 κωκυτὸς
902 1494 1049 1573 μέγιστος
1071 1513 1122 1552 και
1119 1480 1275 1572 φοβος
1256 1509 1331 1561 οσος

227 1586 353 1655 οάδέπω
373 1598 439 1664 τοϊς
463 1587 683 1671 ἀνθρώποις
669 1595 819 1672 ἐπέπεσε,
843 1593 899 1655 κατ’
917 1591 978 1654 τεόν
999 1591 1106 1654 οἰκιῶν
1135 1584 1270 1664 ἐξιόντες
1294 1582 1328 1650 τό

226 1688 397 1773 σόνηθες’
384 1691 578 1775 ἐπιφώνημα
601 1687 679 1773 πρός
700 1691 778 1755 θεόν
801 1689 961 1775 ἀνεβόων,
984 1694 1039 1756 κατ’
1058 1697 1202 1773 γυναῖκες
1225 1693 1331 1752 θαλα-

226 1787 417 1873 μεοόμεναι,
438 1794 480 1878 πρό
501 1792 593 1879 φόβην
616 1795 887 1878 κατασεισθῆναι,
909 1789 966 1873 τόν
988 1794 1070 1857 αέόεό
1087 1797 1248 1875 περιεῖλον
1277 1787 1332 1852 καί

227 1900 292 1965 τοῖς
315 1887 487 2016 όποόθρρις
508 1893 693 1976 ἐφίσταντο,-
710 1890 767 1973 τήν
789 1891 887 1976 αάτὴν
911 1896 1100 1977 ἐπαφιεῖσαι
1119 1889 1238 2010 (putoris.
1261 1883 1328 1952 εἶτα
1342 1899 1377 1952 15

229 1995 281 2075 τῆς
301 1990 413 2066 νυκτός
434 1994 552 2086 ἐκείνης
576 1984 651 2076 ἀχρι
675 2019 736 2058 των
760 1996 835 2057 δέκα
856 2017 907 2056 και
904 1992 1056 2056 ’δώδεκα
1075 1990 1190 2106 τρόμοι
1211 1993 1331 2073 τῆςγῆς

72 2100 219 2166 ’1.184γ
227 2088 468 2212 ἤκολοόθηραν,
497 2095 558 2208 τρῖν
587 2098 857 2178 προηγησαμένων
879 2097 982 2180 πολλρι
1015 2094 1058 2180 τῷ
1078 2086 1218 2172 περιόντι
1240 2087 1333 2160 ἐλάτ-

230 2215 335 2267 τονες·
381 2218 406 2275 η
422 2217 483 2277 γαρ
509 2185 558 2274 όν,
582 2197 612 2259 εἰ
631 2203 696 2268 τοῖς
719 2190 828 2312 πρρόην
851 2197 1038 2313 661⁹,omucutz
1048 2181 1182 2255 ου’ἐὲν
1162 2217 1200 2275 ην
1219 2189 1255 2255 τό
1270 2215 1333 2254 κοι-

228 2297 326 2360 λόσον
349 2293 393 2375 μή
420 2292 493 2376 οόχό
513 2297 618 2358 πάσαν
640 2291 722 2375 ipso
743 2292 801 2377 την
823 2296 933 2379 κτῆσιν
959 2282 1038 2357 δι’
1021 2316 1058 2375 ης
1086 2288 1259 2355 ἐπεπόλασε
1280 2291 1335 2353 καί

227 2391 266 2480 ἢν
287 2397 447 2478 ἐπῆλθεν,
481 2398 514 2460 ἐκ
543 2392 677 2478 βάθρων
707 2396 813 2459 α’ἀττόν
839 2396 1061 2476 ἀνατραπῆναι
1092 2392 1146 2456 κατ’
1174 2393 1219 2465 εἰς
1240 2390 1377 2462 odotem
1435 2398 1436 2427 r

226 2498 465 2578 χρησιμεόσαι,
498 2497 552 2557 κατ’
580 2499 728 2576 παγγενεέ
749 2494 825 2570 τοός
847 2493 1013 2577 οἰκήτορας
1034 2491 1152 2568 πάντας
1174 2493 1332 2556 οἶκτόοτοα
1371 2503 1373 2505 '

229 2594 371 2657 θανάτοο
395 2595 584 2677 γεύσασθαι.
617 2598 692 2657 καθ’
714 2587 748 2657 ’όν
768 2594 806 2675 66
832 2596 921 2678 λόγον
943 2593 997 2657 aar*
1019 2600 1084 2669 τοϊς
1107 2592 1335 2678 φοοεολογοόσι

229 2692 303 2778 περὶ
323 2696 462 2776 σεισμῶν
485 2692 529 2769 σός
550 2696 621 2780 εἰκῇ
643 2692 698 2757 κατ’
718 2692 921 2780 ἀναισθήτως
943 2692 997 2757 ded
1019 2697 1075 2778 τῆς
1098 2693 1160 2758 rot
1172 2684 1335 2765 ὕδατοςέν

232 2997 338 3050 tertium
357 3002 456 3064 ugente
475 2997 568 3048 eodem
585 3010 678 3048 mense
694 2997 772 3047 circa
790 2995 901 3048 alteram
919 2997 1007 3049 noctis
1032 2996 1154 3066 vigiliam
1181 2996 1267 3049 iactus
1295 3013 1322 3049 es

230 3069 378 3134 derepente
398 3074 486 3118 terrae
505 3075 592 3118 motus
611 3068 655 3131 iis,
675 3069 721 3136 qui
740 3083 854 3136 unquam
873 3068 991 3132 inerunt,
1011 3067 1174 3130 terribilior,
1199 3067 1233 3118 ab
1257 3069 1334 3119 occi.

230 3137 381 3197 dentalibus
402 3138 522 3205 partibus
541 3140 691 3205 incipiens:
711 3146 800 3190 tantus
818 3147 907 3192 autam
927 3146 985 3190 erut
1001 3138 1191 3207 magnitudine,
1207 3145 1237 3188 ut
1255 3140 1334 3190 etiam

175 3230 179 3240 ¹
231 3211 323 3262 domos
355 3217 490 3260 everteret
514 3209 628 3273 multas,
649 3225 749 3276 paucas
775 3218 875 3261 tantum
903 3208 1012 3262 illaesas
1042 3209 1221 3276 relinqueret,
1245 3225 1335 3278 neque
1357 3207 1369 3218 ”

230 3278 335 3345 templa
345 3279 424 3330 buius
437 3281 537 3344 impetu
553 3282 652 3332 intacta
665 3290 827 3344 manserunt,
840 3280 888 3332 sed
904 3289 930 3331 et
948 3282 1006 3346 ipsa
1016 3282 1043 3331 in
1056 3279 1194 3331 nonnullis
1205 3281 1333 3347 partibus,

231 3352 259 3401 in
279 3348 340 3401 aliis
360 3356 446 3400 autem
464 3348 578 3415 plurimu
598 3351 681 3402 lracta
703 3360 773 3414 sunt,
796 3360 822 3402 ct
836 3350 976 3403 columnae
990 3352 1066 3419 quasi
1085 3351 1155 3402 stilis
1173 3351 1334 3403 laceraban-

170 3441 172 3450 ι
230 3430 290 3473 tur:
309 3435 398 3488 neque
419 3421 489 3471 enim
508 3420 592 3471 semel
612 3421 732 3474 incidens
754 3430 783 3473 ut
800 3421 957 3490 plerumque
976 3424 1035 3475 fieri
1054 3420 1159 3474 solebat
1177 3420 1266 3487 desiit,
1286 3421 1334 3475 sed

231 3505 327 3560 magna
344 3492 374 3543 ri
391 3498 478 3543 motus
497 3498 552 3543 tres
572 3493 692 3542 continui
711 3491 827 3544 absoluti
846 3502 917 3557 sunt,
937 3508 971 3544 ex
991 3493 1087 3562 quibua
1106 3494 1183 3545 lletus
1203 3494 1332 3546 maximus
1397 3517 1406 3530 ·

232 3570 259 3615 et
277 3563 355 3614 timor
376 3570 490 3631 quantus
509 3577 644 3630 uunquam
663 3562 813 3615 hominibus
837 3564 962 3629 obvenit,
984 3573 1011 3616 et
1026 3564 1147 3617 domibus
1165 3567 1268 3633 egressi
1286 3578 1343 3616 so·-

230 3634 304 3686 litam
330 3635 529 3687 invocationem
556 3635 588 3686 ad
617 3635 693 3685 deum
714 3633 880 3700 clamabunt,
911 3644 938 3686 et
955 3635 1083 3688 mulieres
1101 3637 1128 3686 in
1147 3635 1270 3689 thalamis
1288 3636 1333 3687 vi-

233 3712 344 3769 ventes,
363 3715 440 3759 metu
469 3720 635 3768 concussae,
655 3706 784 3772 pudorem
803 3708 984 3773 deposuerunt
1006 3716 1033 3758 et
1057 3708 1085 3757 in
1103 3717 1197 3774 aperto
1220 3707 1333 3771 stabant,

233 3775 343 3825 eandem
365 3779 515 3830 emittentes
535 3793 648 3829 vocem:
668 3777 765 3829 deinde
784 3777 832 3828 illa
857 3784 938 3828 nocte
964 3780 1072 3830 circiter
1098 3779 1190 3830 decem
1214 3788 1241 3831 et
1264 3780 1335 3832 duo-

180 3867 189 3874 -
232 3845 317 3896 decim
337 3848 457 3898 tremitus
477 3856 566 3900 terrae
586 3849 671 3899 secuti
691 3855 768 3909 sunt,
788 3846 921 3914 prioribus
939 3848 1031 3900 multo
1056 3851 1189 3902 minores:
1210 3851 1333 3918 prolecto

232 3915 301 3967 enim
323 3917 346 3966 si
364 3916 497 3982 prioribus
517 3918 630 3970 inissent
656 3935 750 3985 pares,
776 3918 845 3969 nihil
873 3920 1053 4003 impediisset,
1082 3923 1221 3989 quominus
1249 3923 1335 3973 omnis

230 3988 309 4040 simul
328 3989 479 4052 possessio,
509 4003 557 4054 per
584 4005 661 4056 quam
689 3996 811 4041 curreret
829 3997 855 4040 et
880 3992 924 4041 cui
949 3991 1101 4057 obveniret,
1122 4008 1137 4043 e
1158 3993 1335 4047 fundamentis

230 4059 296 4124 ipsis
328 4065 497 4110 everteretur
526 4067 552 4108 et
576 4059 608 4110 ad
630 4059 730 4112 unllam
764 4077 820 4112 rem
848 4059 922 4112 utilis
943 4069 1014 4114 essct
1038 4070 1065 4113 et
1092 4066 1199 4116 omnino
1228 4063 1336 4118 incolae

219 4135 323 4179 ‘omnes
342 4129 516 4180 miserrimam
535 4137 645 4181 mortem
668 4139 821 4200 gustarent.
842 4132 988 4184 secundum
1009 4148 1086 4200 quam
1104 4137 1236 4188 rationem
1256 4136 1337 4187 etiam

230 4199 264 4251 iis
283 4200 328 4318 6ui
352 4199 575 4281 philosophantur
601 4200 634 4253 de
666 4209 755 4253 terrae
778 4202 909 4300 motibus,
937 4204 1074 4271 dicentes,
1104 4212 1207 4260 temere
1232 4214 1259 4259 et
1276 4206 1337 4262 siue
