2875 4734
549 273 759 384 monis.
961 254 966 260 '
1129 264 1205 343 aot

105 435 216 527 άρχην
236 447 363 518 πολλσίς
392 435 563 522 τυράννοις
579 442 868 524 περιαντλουμένην
899 434 978 503 κατά
999 459 1034 503 τε
1052 431 1208 521 arioldus

107 541 238 626 κοίτην
258 540 406 626 ἑσπέραν.
449 536 496 604 ἔτι
518 541 556 603 δὲ
576 543 630 623 τῆς
652 539 770 605 τοότισν
791 540 1046 624 φλεγμαινούσης
1070 536 1243 605 dacaru-t·
1256 539 1340 597 2301·

106 646 189 728 σίοις,
214 648 269 709 καί
291 641 434 726 δαπάνης
457 634 526 704 οότι
547 644 685 723 σμικράς
715 636 797 704 άλλά
815 638 993 721 πολυόλβου
1017 639 1073 705 καί
1093 661 1212 722 μυριο.

108 745 263 811 ταλάντου
285 733 457 823 δαψιλειαν
479 746 542 807 τάν
554 741 745 825 πραγμάτων
761 739 992 825 ἐπιζητούντων
1015 738 1071 805 ε’πί
1090 762 1123 805 τε
1146 747 1212 814 τοῖς

81 837 345 929 δστρατιωτικοίς
368 843 520 926 ὀψωνίοις
540 846 596 907 καί
608 851 678 917 ταῖς
698 836 813 917 άλλαις
834 846 896 905 τῶν
912 844 1029 925 καιρῶν
1049 842 1213 927 α’φσρμαίς

108 951 165 1012 καί
185 948 396 1031 προφάσεσιν,
420 945 461 1009 ου’
481 944 561 1028 πρὸς
581 942 616 1007 τά
637 948 774 1026 μέγεθος
795 945 916 1007 τούτων
939 946 992 1007 καί
1012 938 1072 1025 την
1093 936 1213 1006 soceri.

108 1071 166 1132 την
186 1051 299 1130 χρείαν
320 1048 477 1128 insidiosas
499 1048 555 1109 καί
574 1043 800 1127 σμικρολογίας
828 1041 983 1126 δεινότητι
1006 1035 1122 1123 ἑαυτὸν
1143 1042 1212 1107 iar-

109 1150 256 1228 δέδωκεν,
276 1148 345 1211 ἀλλ’
367 1149 401 1211 ἑν
425 1144 536 1209 πλάτει
557 1148 689 1227 καρδίας
711 1142 766 1207 καί
796 1147 929 1217 πίστεως
949 1142 982 1207 τό
1004 1142 1119 1219 πλάτος
1140 1144 1212 1211 τ’πτψ

108 1251 218 1313 τείνων
239 1248 294 1330 τῆς
316 1246 396 1330 πρός
420 1244 454 1311 τό
477 1251 564 1310 θεῖον
585 1232 824 1329 εόαρεστήσεως
852 1245 956 1328 χρεῶν
987 1242 1151 1319 ,άπωιοπάς
1169 1243 1212 1340 τῷ

65 1363 100 1416 10
110 1347 200 1436 δημφ
221 1346 315 1412 παντί
335 1346 390 1413 καί
409 1357 472 1422 τοῖς
491 1344 525 1413 ἐν
545 1352 628 1411 τέλει
649 1351 825 1426 νομοθετεῖ.
855 1344 908 1411 καί
929 1350 1036 1429 τίθησι
1053 1343 1087 1411 ,τό
1111 1346 1211 1427 δόγμα

109 1453 167 1511 oriar
190 1450 243 1514 ε’πί
263 1447 371 1534 ῥητοῖς
393 1448 457 1515 τισί
477 1449 617 1533 χρόνοις,
640 1444 744 1529 ὥσπερ
766 1444 844 1511 ἔνιοι
865 1449 928 1540 τάν
951 1444 1012 1527 πρό
1034 1446 1090 1509 rod
1114 1450 1210 1527 βασι·
1270 1447 1274 1451 ’

110 1553 189 1614 λίων
215 1546 394 1634 ἐπιταφίοις
423 1552 559 1634 ἡμέραις
577 1549 784 1633 εἰργάσαντο,
807 1550 861 1614 καί
884 1545 1109 1629 καταλιμπάνει
1130 1540 1213 1629 χρόα-

109 1674 183 1725 νονς
207 1647 295 1723 τινάς
328 1652 374 1723 εἰς
405 1650 444 1714 τά
467 1648 648 1734 ἔμπροσθεν
670 1659 734 1727 τοῖς
755 1654 812 1717 rod
845 1650 1000 1736 δημοσίου
1023 1648 1212 1732 συνηγόρους

111 1749 166 1815 καί
192 1748 384 1834 πράκτορσιν
415 1747 583 1829 ἐσομένους
615 1751 803 1836 ἐντρόφημα
825 1751 880 1816 καί
901 1754 951 1838 {roi
971 1752 1111 1838 δημοσίῳ
1130 1747 1224 1834 repon*

66 1872 212 1937 15φασιν
239 1848 396 1935 ὠφελείας
424 1846 480 1912 καί
498 1845 708 1932 ἀπαιτήσεως,
730 1849 773 1923 τός
806 1846 845 1913 όν
872 1850 901 1913 σί
927 1854 985 1930 μὲν
1003 1850 1212 1935 χρονιώτερον

110 1955 270 2035 χρεῶσται
292 1952 349 2015 τοῦ
372 1953 527 2035 δημοσίου
543 1947 601 2025 τάς
622 1951 800 2036 άφεσίμονς
820 1946 934 2035 ἑορτάς
958 1947 1159 2034 ἓορτάζωσιν,
1172 1946 1213 2017 ὀἱ

110 2055 147 2118 δὲ
168 2050 314 2135 νεάτεροι
342 2050 424 2135 πρός
446 2055 511 2136 την
522 2046 702 2135 α’ποτυχίαν
721 2048 972 2135 ε’πιστυγνάζωσι
1002 2053 1057 2117 καί
1089 2049 1212 2137 φθόνον

111 2152 214 2235 λαβὴν
234 2150 333 2235 ἔχωσι
354 2153 410 2237 τήν
431 2158 495 2217 τῶν
514 2150 797 2237 ἐλευθερωθέντων
819 2153 986 2219 ὑπόθεσιν·
1031 2151 1112 2218 dato
1135 2155 1214 2217 πάν·

42 2295 46 2300 -
112 2278 174 2321 των
197 2250 277 2333 όμοῦ
296 2259 356 2321 τῶν
376 2255 501 2337 χρόνων
525 2260 624 2337 μέχρι
646 2258 701 2337 τῆς
724 2257 823 2319 ου’τοό
843 2254 1059 2340 α’ναρρησεως,
1082 2251 1137 2317 καί
1156 2276 1214 2333 μι-

64 2355 188 2436 σθκρόν
210 2379 242 2418 τι
261 2352 351 2438 πρός,
373 2357 431 2429 τάς
455 2353 588 2440 σ’φειλάς
620 2358 811 2438 προρρίζους
833 2357 986 2437 ansteus,
1006 2359 1063 2419 καί
1083 2378 1212 2434 sepau.

111 2457 203 2527 θείας
229 2457 348 2529 πάντας
367 2454 596 2538 καθαρωτάτης
620 2456 745 2537 η’ξίωσε,
775 2455 1003 2543 χροσοβοόλλφ
1025 2457 1107 2545 λόγῳ
1127 2479 1212 2539 χρυ·-

111 2558 190 2621 ‘ocris
210 2557 376 2631 ε’πιπλίξσς
397 2554 524 2637 δεσμόν,
546 2554 717 2621 κωλυτικόν
738 2556 780 2619 δι’
802 2550 878 2619 ὅλου
902 2560 958 2620 τοῦ
977 2559 1043 2621 τεόν
1063 2555 1212 2642 όφλημά·

111 2656 176 2723 τιον
197 2658 405 2737 βαδίσματος,
429 2654 632 2741 προσανελάν
654 2653 689 2723 όν
710 2656 809 2745 codrot
828 2660 883 2723 καί
901 2654 936 2724 τό
960 2654 1059 2743 χάριν
1079 2659 1213 2740 σχιδευι-

187 2826 228 2877 13.
248 2828 384 2894 βασιλέως
403 2826 432 2879 G.
515 2891 520 2902 Ι

115 2974 160 3042 qui
178 2987 232 3023 nou
252 2972 392 3025 obedirent
411 2974 437 3025 ei
457 2983 483 3026 et
501 2990 641 3027 servorum
661 2977 744 3029 instar
757 2978 907 3042 adorarent,
925 2977 1004 3031 valde
1024 2978 1103 3030 buius
1124 2979 1214 3047 gladio

112 3056 142 3098 et
161 3044 323 3096 exercitibus
342 3046 512 3101 cecideruntc
542 3046 588 3097 alii
614 3054 701 3097 autem
728 3046 773 3099 vel
799 3064 847 3100 sua
866 3058 961 3114 sponte
981 3050 1137 3101 servitutem
1156 3066 1215 3101 am.

112 3116 187 3183 plexi
206 3124 276 3167 suut.
326 3118 432 3168 invenit
458 3119 528 3168 enim
552 3116 729 3169 Romanorum
754 3119 892 3185 imperium
911 3120 1001 3172 multis
1020 3123 1140 3187 tyrannis
1160 3123 1215 3172 cir.

111 3187 259 3238 cumfusum
279 3196 306 3238 et
324 3190 352 3239 iu
370 3190 475 3240 oriente
495 3196 521 3238 et
539 3189 566 3237 iu
584 3189 743 3239 occidente:
772 3206 830 3241 cum
850 3198 937 3241 autem
956 3194 1090 3243 etiamtum
1122 3192 1215 3244 horum

111 3258 237 3325 flagraret
254 3260 351 3310 seditio
371 3268 397 3310 et
415 3268 515 3312 sumtus
534 3273 588 3310 uon
609 3261 686 3325 parvi
706 3261 754 3311 sed
773 3262 863 3314 divitis
889 3272 916 3313 et
932 3264 1074 3316 multorum
1095 3264 1215 3317 talento.

111 3344 169 3380 rum
190 3331 293 3395 copiam
311 3345 354 3381 res
373 3332 540 3396 postularent
558 3331 586 3380 in
610 3330 768 3383 militaribus
789 3334 927 3399 stipendiis
946 3344 974 3386 et
992 3336 1089 3388 ceteris
1108 3346 1214 3404 tempo.

111 3416 169 3453 rum
186 3402 272 3450 causis
286 3408 313 3450 et
326 3404 522 3466 occasionibus,
541 3417 595 3452 non
612 3402 644 3452 ad
655 3404 863 3471 magnitudinem
883 3405 973 3457 barum
989 3415 1015 3459 et
1025 3415 1125 3459 tantum
1136 3422 1212 3459 nsum

111 3472 246 3537 spectarit
264 3479 291 3520 et
308 3474 487 3537 parsimoniae
509 3473 640 3524 molestiis
660 3490 689 3525 se
710 3476 791 3538 dedit,
811 3475 858 3527 sed
875 3478 902 3526 iu
921 3476 1060 3529 latitudine
1080 3479 1166 3529 cordis
1187 3486 1214 3528 et
1365 3538 1367 3548 Ι

111 3545 174 3595 lrdei
195 3542 359 3592 latitudinem
378 3545 519 3597 intendens
538 3545 645 3611 pietatis
665 3546 718 3610 dei,
738 3546 842 3598 tabulas
860 3562 945 3599 novas
966 3549 1065 3615 populo
1085 3550 1212 3600 universo
1292 3578 1294 3581 ·

113 3622 141 3665 et
157 3613 354 3679 magistratibus
380 3618 465 3667 sancit
489 3624 516 3667 et
550 3618 689 3667 constituit
714 3618 848 3669 decretum
873 3634 927 3668 non
953 3621 1033 3671 certis
1059 3620 1213 3687 quibusdam

111 3685 205 3746 annis,
226 3686 295 3735 sieut
315 3685 438 3736 nonnulli
458 3689 562 3754 priores
579 3702 660 3753 reges
688 3689 782 3741 diebus
809 3689 911 3741 funeris
930 3689 1060 3756 fecerant,
1082 3700 1109 3743 ct
1126 3690 1213 3742 rolin.

112 3758 171 3825 quit
188 3769 271 3807 aurros
292 3758 417 3823 quosdam
437 3761 541 3825 priores
558 3760 654 3809 aerarii
674 3761 793 3824 patronis
813 3769 839 3811 et
859 3761 1026 3813 exactoribus
1045 3762 1166 3827 delicias,
1187 3771 1214 3815 et

112 3828 217 3878 aerario
238 3829 406 3879 oocusiouem
437 3830 559 3881 utilitatis
585 3837 611 3878 et
630 3832 800 3899 exactionis,
826 3840 854 3882 ut
879 3833 1058 3887 diuturniores
1076 3836 1212 3887 debitores

74 3901 78 3907 '
112 3900 209 3951 aerarii
229 3899 396 3951 liberationis
428 3901 497 3953 lesta
515 3900 693 3963 celebrarent,
722 3903 841 3953 iuniores
860 3902 929 3953 malo
950 3904 1072 3958 dolerent
1093 3915 1120 3957 et
1138 3907 1212 3957 invi-

111 3973 172 4022 diae
194 3972 362 4020 occasionem
381 3971 510 4024 habcreut
540 3971 713 4022 liberatorum
736 3982 935 4039 argumentum:
964 3978 1011 4028 sed
1038 3980 1153 4029 omnium
1173 3977 1211 4026 si.

110 4042 164 4093 mul
184 4056 312 4091 annorum
331 4058 415 4110 usque
440 4046 472 4095 ad
491 4059 564 4095 suam
587 4044 811 4105 renuntiationem
835 4054 861 4095 et
889 4046 996 4112 paulum
1013 4049 1103 4117 debita
1121 4047 1211 4097 fundi.

42 4166 46 4171 ,
111 4122 154 4165 tus
173 4113 293 4177 abscidit,
315 4121 342 4163 et
360 4116 543 4167 misericordia
561 4129 651 4165 omnes
671 4116 812 4183 purissima
824 4117 946 4185 dignatus
966 4128 1015 4182 est,
1034 4118 1213 4186 imperatoriis

111 4184 198 4240 literis
217 4200 327 4242 aureum
345 4185 505 4256 implectens
524 4185 660 4241 vineulruu
687 4186 868 4253 impedimenti
886 4206 935 4258 por
963 4197 1046 4242 totnnr
1065 4188 1212 4245 debitorum

157 4408 171 4437 Ι
