2875 4734
240 260 294 336 82
523 218 741 332 nunninus
775 256 1035 330 ammonas
1422 260 1427 423 γ

239 429 365 504 σθίντες
387 432 453 512 τοῖς
474 433 674 509 σπαραγμοῖς
688 429 751 488 ταῖν
772 424 884 506 τειχῶν
901 424 946 498 εἷς
968 418 1073 506 φογόγν
1092 410 1257 536 ὅρμησαν.
1283 411 1340 480 καί
1425 436 1426 513 3

237 531 362 611 γνόντες
383 526 439 612 τὴν
470 527 591 593 τοότιον
626 530 813 608 προαίρεσιν
835 548 865 588 οι
856 524 1032 602 πολέμιοι
1063 518 1161 601 όμόσε
1179 525 1250 594 ταῖς
1273 514 1341 580 πό-
1421 530 1427 586 t

238 635 309 706 λαις
327 629 388 694 σόν
411 624 586 712 οἶλαλαγμιό
609 631 716 714 πολλῷ
738 651 791 690 και
787 628 874 713 βοῇ
899 621 1117 707 διαδησαντο,
1138 621 1196 684 καί
1215 616 1339 693 ταότας

237 732 291 796 καί
319 732 402 815 μέρη
436 734 494 793 τοῦ
524 735 651 810 τείχους
669 729 857 801 ἐπιθετικιός
890 726 1163 806 καταστρέψαντος
1190 715 1340 803 αιροόσιν

238 828 299 896 δνσὶ
325 853 440 915 ιιροιτος
454 855 510 914 την
531 829 643 912 πόλιν,
665 831 718 892 καί
737 832 855 911 γίνεται
879 825 976 912 φόνος
1003 826 1065 890 τόν
1094 820 1183 887 ἔνδον
1205 817 1362 902 siphin-5

236 957 298 1008 τος.
342 925 414 995 obss
432 928 493 1015 γάρ
516 929 640 1012 ἡλικίας
670 923 744 994 οὔτε
767 927 895 1014 φόοεας
921 919 992 992 οὔδ’
1011 922 1163 1007 αἱρέσεως
1184 911 1309 996 αλιος
1288 947 1337 1006 ην

238 1031 319 1100 οίλλό
349 1032 463 1106 πάντες
497 1030 613 1114 ἡβηδόν
644 1031 835 1118 α’νηροόντο,
866 1053 919 1092 ιιαι
954 1023 1098 1106 ποταμός
1125 1026 1258 1104 αἵματος
1278 1019 1338 1108 την

237 1131 367 1218 οἰκτρόν
388 1129 504 1215 ταότην
536 1133 591 1195 καί
621 1129 772 1216 δύστηνον
798 1130 975 1194 κατοδίαινε
1006 1126 1106 1190 πόλιν.
1157 1119 1337 1208 περιεσώθη

238 1239 273 1302 δὲ
292 1235 353 1300 τοό
376 1236 545 1317 ιιρατίστοο
571 1230 689 1316 ταύτης
705 1226 987 1354 πολλοστημόριον,
1009 1225 1071 1293 σόν
1092 1233 1156 1301 τοῖς
1176 1226 1336 1299 κακίστοις

236 1331 387 1424 ἡγεμόσιν
410 1337 456 1411 είς
441 1359 536 1418 ςτην
558 1329 733 1418 οἶιιρόπολιν
755 1331 855 1396 α’νιόν.
898 1331 1049 1394 τῶνδ’
1033 1353 1067 1392 εν
1088 1325 1185 1411 χερσί
1204 1327 1377 1410 reveni-to

236 1463 300 1504 ναν
322 1429 391 1503 όσοι
415 1435 495 1501 κατά
514 1458 586 1500 τινα
605 1436 825 1518 χρηστοτέραν
847 1429 1044 1516 οογκόρησιν
1071 1429 1129 1493 τόν
1150 1425 1186 1492 εἰι
1205 1430 1264 1494 τοῦ
1283 1451 1336 1492 σι·

236 1525 336 1626 δηρόν
368 1523 520 1624 διδφογον
550 1526 705 1616 όλσθρον,
738 1533 944 1619 αἰχμαλωσιηι
975 1532 1072 1618 aesopi
1100 1527 1335 1614 παρεδόθησαν.

236 1637 317 1704 stad
343 1639 399 1702 ιιιιί
420 1634 449 1701 οἱ
470 1639 524 1718 τῆς
552 1631 760 1718 ἀκροπόλεως
789 1637 863 1721 γιητ’
896 1631 1098 1714 ἐπισιτισμόν
1124 1628 1262 1714 ἔχοντες,
1282 1631 1336 1694 καί

235 1743 274 1826 τῇ
296 1735 411 1803 στόνοι
443 1738 507 1804 τῶν
536 1733 715 1828 α’ναγκαίοον
753 1733 962 1854 τρογόμεγοι,
996 1732 1177 1855 όριολογιάις
1205 1726 1336 1856 όστερογ

235 1836 443 1914 ὑποσπόνδοις
463 1841 520 1902 καί
530 1833 628 1955 μόνης
643 1838 699 1918 τῆς
722 1836 840 1918 ζωῆς’
824 1832 974 1917 εχοόοαις
995 1859 1051 1918 την
1072 1831 1182 1954 reipsum
1201 1837 1255 1897 καί
1272 1835 1375 1897 ast-15

235 1944 284 2007 τοί
302 1941 552 2032 παραδεδώκασι
573 1935 609 2001 τό
625 1936 853 2021 νρησφόγετον,
876 1937 931 1999 καί
949 1937 1073 2053 γόγονεν
1092 1929 1154 1997 dud
1174 1935 1335 2014 πολεμιοις

234 2036 367 2123 τοιαότη
389 2039 479 2116 πόλις
497 2038 576 2120 μετὰ
599 2039 660 2102 τοόν
679 2039 853 2118 πολιχνίων
873 2039 928 2100 καί
949 2037 1014 2100 τοῖν
1036 2035 1206 2120 όπαίθραν
1226 2031 1334 2099 αότιόν

235 2145 277 2208 δι’
284 2141 482 2226 ἀπληστίαν
501 2142 555 2204 καί
580 2136 757 2222 χρημάτων
788 2131 921 2223 όκαιρον
950 2137 1115 2223 φυλακην,
1144 2162 1191 2219 μη
1213 2135 1335 2210 εἰδότος

233 2265 289 2309 τον
276 2233 573 2324 βασιλεύοντος“
557 2265 605 2304 οτι
628 2234 779 2315 πολλάκις
797 2241 861 2319 μὲν
881 2231 983 2323 ὤνησε
1003 2263 1056 2303 και
1053 2227 1289 2324 διαφόρως
1265 2260 1333 2322 αφ-

232 2348 324 2419 θυνος
354 2348 437 2428 χείρ,
466 2345 499 2408 ἐν
529 2345 565 2407 δὲ
594 2349 659 2416 τοις
696 2339 877 2423 ἀναγκαίοις
902 2339 956 2404 διὰ
985 2339 1112 2435 παντός,
1136 2335 1276 2420 όλιγόιιις
1298 2340 1375 2403 diti)
1419 2320 1427 2393 l

232 2441 291 2508 ιιοῖν
310 2445 356 2528 μη
385 2453 449 2517 τοῖς
469 2445 662 2538 α’ναγιιαίοις
674 2444 879 2523 κατέβλαψε,
919 2465 972 2505 ναι
1005 2439 1048 2515 ὥς
1079 2440 1160 2505 αότό
1182 2436 1216 2504 τό
1234 2461 1333 2520 ονομα

234 2545 297 2609 suia
316 2542 489 2628 χρημάτων
505 2545 622 2626 χρῆσιν
652 2534 721 2623 ἅμα
744 2543 1007 2628 παροπτμφαίνιι
1028 2566 1080 2606 και
1102 2538 1330 2658 χρησιμόιητα.
1425 2560 1426 2611 ι

283 2732 290 2747 .
335 2645 407 2708 Καί
434 2641 473 2708 τό
495 2644 554 2726 μὲν
576 2639 660 2708 κατὰ
684 2638 744 2726 τήν
765 2642 875 2708 Ἀσίαν
909 2647 1021 2708 τοῦτον
1050 2635 1174 2727 εἶχε
1140 2664 1195 2706 τον
1215 2637 1332 2724 τρόπον

1424 2778 1427 2816 ι

216 2870 225 2890 ς
300 2827 450 2919 ἱλιιπόλισι
470 2828 500 2884 0.
623 2829 667 2883 20.
687 2831 851 2902 drepanium
868 2829 899 2885 G.

234 3003 312 3061 situm
330 3001 433 3072 hostes,
451 3013 526 3060 recta
544 3020 593 3076 per
611 3012 701 3073 portas
719 3005 804 3058 multo
830 3021 890 3058 cum
908 3002 1025 3059 clamore
1051 3013 1078 3058 et
1094 3002 1207 3058 tumultu
1224 3004 1332 3075 irrupe-

233 3087 295 3131 runt
313 3085 340 3130 et
358 3077 426 3131 hano
447 3087 474 3130 et
491 3087 580 3146 partes
597 3081 664 3130 muri
678 3085 799 3146 prompta
820 3078 975 3130 incursione
990 3080 1158 3131 destruentes
1180 3081 1288 3146 capiunt
1305 3080 1333 3131 vi
1419 3084 1427 3145 t

233 3149 325 3202 urbem
345 3159 372 3202 et
390 3151 475 3202 oritm
493 3152 588 3204 caedes
614 3165 721 3215 eorum,
748 3151 793 3220 qui
812 3152 882 3203 intus
910 3158 994 3215 erant,
1020 3151 1134 3217 ingens:
1154 3165 1242 3217 neque
1263 3152 1332 3201 enim

234 3221 329 3272 aetatis
346 3233 435 3288 neque
447 3230 558 3274 naturae
568 3236 656 3289 neque
666 3221 875 3274 benevolentiae
886 3223 1070 3274 misericordia
1089 3229 1154 3286 erat,
1174 3222 1221 3274 sed
1240 3237 1332 3274 omnes

233 3291 358 3373 vigentes
377 3292 604 3343 interficiebantur
624 3300 650 3342 et
669 3292 766 3344 humen
784 3294 920 3360 sanguinis
932 3294 1106 3345 miserandam
1125 3293 1193 3357 hapc
1214 3301 1241 3344 et
1258 3293 1332 3344 iufe-

234 3360 314 3426 licem
347 3362 472 3428 irrigavit
495 3362 594 3414 urbem.
644 3364 750 3432 aufugit
773 3373 860 3416 autem
893 3364 1094 3417 fortissimorum
1118 3364 1198 3417 huius
1223 3365 1332 3415 minima

233 3446 294 3500 pars
308 3448 367 3485 cum
385 3434 508 3500 pessimis
527 3433 637 3486 ducibus
663 3437 691 3485 in
716 3451 804 3486 arcem
823 3435 987 3487 ascendens·
1015 3443 1151 3502 captorum
1169 3444 1267 3500 autem,
1286 3437 1332 3504 qui
1425 3448 1426 3505 l

233 3503 358 3558 feliciore
378 3520 440 3558 casu
461 3505 525 3556 ferri
544 3512 655 3556 mortem
675 3505 832 3574 effugerent,
853 3507 1001 3573 captivitati
1020 3507 1133 3559 acerbae
1151 3507 1241 3559 traditi
1259 3515 1330 3571 sunt,

231 3577 279 3630 sed
298 3579 376 3630 etiam
396 3577 440 3645 qui
459 3579 487 3628 in
506 3591 569 3627 urce
589 3584 672 3640 erant,
691 3592 779 3646 neque
794 3586 966 3629 commeatum
983 3578 1112 3631 habentes
1126 3587 1153 3629 et
1170 3579 1261 3645 inopia
1278 3593 1330 3629 ne-

232 3650 409 3701 cessariorum
437 3649 554 3702 confecti
578 3648 747 3716 pactionibus
773 3657 867 3716 postea
894 3664 942 3716 per
966 3649 1086 3702 inducias
1105 3649 1182 3701 factis
1202 3656 1229 3700 et
1246 3648 1331 3700 solius

232 3717 306 3770 vitae
324 3717 482 3774 habentibus
508 3721 710 3772 concessionem
736 3727 763 3772 et
787 3721 838 3787 ipsi
863 3720 1026 3772 tradiderunt
1051 3721 1205 3789 confugium
1234 3728 1261 3772 et
1279 3720 1332 3770 fuit

232 3787 281 3841 sub
300 3788 421 3844 hostibus
439 3793 507 3844 haec
525 3792 587 3845 urbs
607 3808 666 3843 eum
686 3792 789 3876 oppidis
809 3800 836 3843 et
853 3792 952 3857 campis
978 3793 1043 3859 ipsis
1062 3801 1172 3859 propter
1190 3790 1331 3844 insatiabi-

231 3858 334 3911 litatem
353 3869 380 3912 et
398 3862 550 3914 divitiarum
568 3865 781 3931 intempestivam
800 3864 961 3927 custodiam,
980 3865 1119 3916 nesciente
1137 3879 1213 3931 rege,
1232 3878 1331 3929 saepe-

232 3944 343 3982 numero
362 3931 496 4014 profuisse
515 3942 542 3984 et
559 3937 718 4002 tempestive
746 3935 889 4003 benignam
914 3951 1033 4000 manum,
1052 3937 1081 3986 in
1099 3935 1261 3988 necessitate
1280 3949 1331 3986 uu.
1425 4004 1426 4007 Ἴ

232 4009 286 4055 tem
304 4004 422 4067 omniuo,
442 4018 501 4055 raso
520 4013 608 4056 autem
627 4008 706 4058 etiam
725 4009 748 4059 si
773 4021 827 4058 non
853 4021 918 4072 opus
939 4013 1011 4059 esset
1027 4009 1168 4070 nocuisse,
1189 4014 1216 4058 et
1233 4021 1331 4057 nomen
1425 4036 1426 4041 =

232 4074 318 4142 ipsum
337 4090 426 4127 rerum
444 4074 549 4127 utilium
569 4075 750 4146 (divitiarum)
770 4094 845 4131 usum
864 4077 944 4131 simul
962 4078 1115 4146 significare
1134 4086 1161 4130 et
1178 4077 1329 4130 utilitatem.

329 4165 419 4236 Atque
437 4163 626 4218 resAsiaticae
644 4163 697 4217 hoc
715 4168 792 4220 modo
811 4183 842 4220 ss
859 4166 993 4218 habebunt
1010 4175 1039 4218 et
1056 4168 1089 4220 ad
1106 4175 1205 4220 tantam
1222 4169 1331 4221 destru-
