2875 4734
224 295 281 372 εδ
528 301 748 371 nientnms
778 298 1038 369 Ammonos

194 499 197 506 ¹
226 465 262 530 τό
289 469 441 550 θριγγίον.
473 465 541 531 ’καί
553 466 751 540 εἰσπεσόντες
774 464 863 530 ἔνδον
879 465 1014 538 πολλοός
1037 461 1177 551 α’νῆρουν
1199 461 1256 528 καί
1274 487 1333 529 συ·

225 569 379 632 νεπάτουν
400 564 463 634 τεόν
487 571 520 632 εἰι
545 565 602 632 τοό
617 565 780 651 χάρακος,
801 563 926 649 ἑτέρους
944 566 990 631 δὲ
1012 567 1130 654 ζωγρίρ
1151 559 1235 631 εἷλον
1256 569 1335 629 πολ-

226 665 310 742 λοός.
338 689 367 730 οι
388 669 422 732 δὲ
446 669 711 788 ηεριοωδέντες’
695 664 782 743 εντός
805 668 913 730 πυλῶν
942 661 1120 746 όπότρσμοι
1143 667 1333 749 εἰσεδέχθη-

225 790 294 831 σαν.
338 765 367 832 οἱ
391 767 456 834 δ”
443 793 494 832 επι
516 769 580 831 τεόν
575 770 709 874 τειχιόν
729 771 774 855 τιό
798 764 888 855 φόβῳ
902 763 1213 840 κατασεισδέντες
1174 789 1230 848 της
1251 789 1332 829 συν-

225 871 353 953 δρομῆς,
375 871 429 934 καί
451 873 510 933 τῶν
523 848 632 932 πυλῶν
653 872 820 954 κυριεῦσαι
843 865 918 940 τεός
943 864 1112 985 τρολεμιόνς
1133 888 1183 944 vop
1170 870 1359 951 μίσαντες,5

225 972 327 1035 ταῦτα
341 968 564 1046 καταλιπόντες
586 968 782 1052 όρομαίως
768 995 818 1034 επι
841 966 880 1033 τά
898 965 1008 1051 πρόσω
1021 967 1076 1048 τῆς
1087 964 1208 1041 πόλεως
1229 964 1330 1032 ἔθεον

142 1109 145 1113 -
225 1071 281 1134 καί
301 1061 340 1154 ῆν
365 1069 548 1152 ἒψςλωμὲνα
578 1068 679 1134 πάντα
703 1068 865 1156 φυλάκων,
894 1068 949 1131 καί
968 1066 1085 1149 δρόμος
1108 1064 1169 1129 sisoi
1192 1063 1249 1150 τῆν
1273 1070 1333 1130 πό·-

224 1177 274 1236 λιν
292 1173 346 1235 καί
366 1173 495 1246 δίαυλος
526 1162 672 1255 άτακτος,
705 1175 769 1234 τω”ν
799 1175 858 1249 μὲν
888 1167 967 1253 πρός
989 1166 1065 1241 τούς
1096 1165 1193 1241 ναοός
1215 1168 1272 1231 καί
1289 1162 1331 1232 τό

223 1267 294 1355 ἱερά
318 1268 583 1357 προσφενγόντων
603 1269 659 1335 καί
678 1269 736 1354 τῆν
756 1273 821 1337 τεόν
844 1263 910 1334 όνω
931 1267 1119 1355 συμμαχίαν
1139 1269 1333 1348 ἐκκαλουμέ·

223 1394 294 1452 νων,
318 1375 429 1437 τῶνδὲ
450 1371 508 1436 σόν
530 1370 683 1455 όδυρμοῖς
704 1373 899 1455 προσιόντων
922 1368 1018 1443 οἴκοις
1040 1375 1244 1449 συγγενικοῑς,
1265 1369 1330 1433 τεόν
1342 1389 1374 1443 10

224 1475 260 1536 δὲ
283 1471 363 1555 πρός
393 1471 492 1556 άλκῆυ
520 1476 791 1556 παρεγγυωμὲνων
815 1476 996 1554 τραπέσθαι
1012 1467 1084 1554 ,τά
1110 1470 1163 1553 τῆς
1182 1466 1333 1544 ἁλώσεως

225 1576 473 1696 ἐνθυμουμένων
496 1572 597 1636 δεινά.
653 1573 727 1636 ου’δὲ
754 1581 896 1656 γυναῖκες
926 1567 1039 1654 ταότης
1067 1572 1121 1652 τῆς
1147 1571 1331 1654 συνδρομῆς

224 1672 371 1754 ὑπῆρχον
392 1669 554 1756 α’μότοχοι.
608 1669 663 1735 καί
690 1674 721 1737 ει
739 1674 782 1756 μῆ
802 1697 850 1749 τις
885 1667 1069 1768 λογιομόςι
1052 1666 1253 1754 υπερῆφανος
1272 1673 1362 1732 τοῦ

224 1771 415 1856 νενικηκότος
437 1779 651 1894 περιεγένετο,
663 1767 1054 1859 ῆφιλάνθρωποςέννοιο,
1077 1795 1120 1844 ως
1134 1769 1223 1852 λόγος
1243 1769 1329 1849 μάλ.

227 1879 282 1936 λον
302 1869 397 1956 αἱρεῖ,
419 1871 470 1938 ἵνα
489 1874 534 1958 μῆ
558 1876 595 1962 τῆ
613 1878 668 1958 τῆς
700 1867 829 1938 εισόδου
849 1870 1001 1957 συγχόσει
1022 1873 1125 1946 κακοός
1149 1862 1230 1952 άγαν
1252 1871 1327 1935 δια·
1310 1897 1370 1949 -15

224 1973 302 2058 τεδῆ
323 1970 358 2034 τό
385 1969 568 2058 ὁμόφυλον,
594 1969 690 2058 ῆκαί
709 1975 842 2049 παλαιός
861 1976 967 2056 λόγος,
997 1970 1033 2037 όν
1055 1976 1110 2036 καί
1126 1971 1218 2057 ἀὐτῷ
1239 1973 1328 2034 ε’πει-

224 2078 295 2135 πεῖν
318 2071 389 2138 τινά
414 2078 558 2157 λέγεται,
582 2073 616 2140 τό
637 2075 729 2140 “otim
753 2077 807 2139 κατ’
828 2073 873 2159 μῆ
897 2073 1086 2158 δπερνι’κα,”
1103 2074 1159 2155 τῆς
1180 2072 1243 2135 τεόν
1264 2094 1326 2136 πυ.

223 2179 288 2240 λαόν
309 2177 512 2259 ἐπικρατείας
541 2177 637 2242 αδτόν
657 2173 862 2260 διεκιόλυσεν,
886 2175 1043 2259 εδμαραῖς-
1063 2166 1102 2238 δν
1122 2175 1253 2253 ἐπέτυχε
1273 2176 1328 2257 τῆς
1419 2232 1420 2245 ,

175 2345 182 2359 ,
223 2277 371 2360 ἐπιβολῆς
392 2278 447 2340 καί
464 2280 574 2359 μεῖζον
600 2269 620 2361 ἢ
649 2276 727 2342 κατά
757 2275 830 2353 roric
855 2276 986 2351 λοιποός
1015 2273 1199 2348 α’ποστάτας
1225 2269 1325 2357 ἤρατο
1419 2324 1420 2331 ,

222 2379 320 2462 κλέος,
343 2380 466 2464 πολέμῳ
495 2374 551 2461 τῆν
579 2380 641 2442 τοόν
667 2377 786 2442 πόλεων
813 2373 1007 2462 μητρόπολιν
1036 2369 1083 2439 ἔνι’
1101 2377 1157 2438 καί
1178 2373 1370 2464 συκτόμιμγρ

223 2471 511 2559 παραστησόμενος.
564 2483 620 2542 νῦν
644 2479 679 2541 δὲ
707 2476 954 2562 καταφρονήσας
981 2479 1040 2538 τοῦ
1061 2472 1182 2559 πρόσω,
1207 2472 1267 2538 σόν
1287 2475 1327 2559 τῇ
1418 2496 1420 2511 ’

223 2574 292 2664 νίκη
314 2579 370 2640 καί
387 2583 442 2660 τῆς
464 2575 580 2654 οἰκείοις
605 2581 791 2652 δυναστείας
814 2577 866 2640 καί
891 2580 1051 2659 σωτηρίας
1069 2578 1224 2655 ἐξέπεσεν.
1268 2568 1326 2636 οδ·
1417 2652 1418 2665 1

102 2685 121 2741 t.
132 2685 213 2744 1⁷2r.
223 2697 284 2754 τως
313 2674 346 2740 όν
375 2682 501 2753 πολλοῖς
527 2680 590 2742 ταῖν
620 2673 917 2762 ἀνδραγαθημάτων
947 2680 1095 2752 πολλάκις
1124 2677 1143 2759 ῆ
1174 2675 1273 2757 οἰνοχῆ
1294 2675 1326 2738 τό

222 2851 224 2854 ’
298 2853 338 2908 12.
360 2869 393 2906 on
413 2853 700 2930 ἐνδυμονμίνουςδΑ
778 2853 820 2906 1o.
840 2851 881 2911 ὢν
897 2856 945 2910 ταί
963 2840 1101 2909 corifo.

225 2999 317 3070 quiin
337 3001 411 3054 vallo
432 3010 525 3056 erantt
553 3002 620 3054 aiios
647 3003 726 3054 vivos
754 3002 895 3069 capiebant
912 3002 1025 3064 multos,
1051 3002 1151 3053 servati
1170 3009 1259 3052 autem
1282 3002 1327 3053 in.

224 3080 265 3124 tra
294 3081 385 3140 portas
410 3075 507 3141 trepidi
540 3075 643 3140 recepti
678 3082 748 3125 sunt.
796 3075 840 3141 qui
867 3081 954 3124 autem
980 3074 1007 3123 in
1030 3074 1112 3124 muris
1143 3080 1236 3136 erant,
1256 3082 1327 3125 metu

225 3146 349 3196 concussi
382 3147 495 3210 impetus
529 3155 556 3196 ct
590 3146 689 3212 portis¹
708 3146 807 3210 potitos
841 3160 900 3195 esse
927 3144 1018 3196 hostes
1042 3145 1179 3206 arbitrati,
1212 3144 1253 3194 his
1280 3159 1327 3195 re.

224 3215 297 3266 lictis
332 3229 411 3266 cursu
436 3217 468 3266 ad
493 3231 541 3278 ea,
569 3232 637 3284 quae
662 3224 723 3267 ante
741 3215 833 3266 urbem
852 3224 927 3278 sunt,
954 3215 1103 3266 currebant.
1152 3224 1232 3283 atque
1252 3223 1328 3266 crant

224 3284 322 3336 nudata
354 3286 442 3336 omnia
475 3287 646 3351 custodibus,
674 3295 700 3337 et
726 3303 818 3337 cursus
845 3295 900 3338 erat
928 3302 977 3353 per
1008 3286 1099 3338 urbem
1128 3295 1154 3337 et
1185 3287 1327 3352 trepidatio
1415 3294 1416 3349 t

225 3359 327 3407 incerta
359 3370 416 3406 cum
442 3356 488 3408 alii
516 3358 547 3408 ad
575 3358 673 3424 templa
701 3367 728 3409 et
756 3359 817 3409 iana
842 3358 1036 3425 confugerent,
1057 3367 1085 3408 et
1102 3372 1257 3424 superorum
1277 3373 1327 3408 au.

225 3427 318 3479 ritium
337 3428 510 3492 invocarent,
531 3429 578 3480 olii
604 3429 778 3480 lamentantes
805 3430 965 3480 accederent
984 3429 1016 3479 ad
1044 3431 1135 3481 domos
1153 3431 1327 3512 propinquas,

224 3498 271 3550 alii
296 3500 340 3566 qui
366 3499 398 3550 ad
423 3499 605 3551 fortitudinem
630 3517 659 3552 se
686 3509 793 3552 vertere
820 3503 885 3552 iussi
911 3507 987 3551 erant
1015 3502 1228 3568 expugnationis,
1244 3502 1326 3551 terri-

223 3570 289 3621 bilia
310 3571 378 3622 iacta
399 3571 556 3637 cogitarent,
576 3586 664 3639 neque
683 3571 811 3624 mulieres
831 3572 908 3623 huius
928 3586 1073 3626 concursus
1092 3572 1255 3623 manebant
1248 3586 1326 3639 rgna-

225 3655 288 3703 rao,
308 3650 389 3710 atque
415 3643 467 3693 nisi
492 3643 619 3726 quaedam
646 3645 714 3694 ratio
738 3644 811 3695 celsa
841 3645 951 3696 victoris
976 3643 1154 3711 superfuisset
1181 3644 1240 3694 sive
1276 3642 1326 3693 hu-

224 3727 301 3762 mana
330 3714 474 3780 cogitatio,
500 3724 528 3766 ut
556 3715 623 3766 ratio
629 3716 734 3783 magis
761 3716 918 3781 persuadet,
938 3731 973 3766 ne
992 3717 1078 3767 aditos
1104 3714 1265 3765 confusions
1282 3715 1327 3764 ni.

224 3783 273 3832 mis
294 3783 362 3832 malc
381 3791 538 3838 tractaretur
557 3801 623 3854 gens
644 3793 756 3854 cognata
775 3787 833 3836 sive
853 3788 930 3837 otiam
943 3796 1128 3869 votusscrmo,
1149 3795 1177 3836 ut
1197 3793 1223 3835 ct
1243 3787 1327 3852 ipsum
1413 3714 1415 3855 Ι

226 3853 354 3920 quendam
375 3853 506 3906 elocutum
537 3873 596 3908 esse
616 3859 735 3909 tradunt:
763 3859 863 3908 “vince
881 3874 933 3908 neu
953 3860 1031 3909 nimis
1064 3859 1178 3919 vincc,''
1200 3873 1216 3905 a
1233 3865 1327 3938 porta.

224 3939 281 3975 rum
300 3926 477 3989 occupatione
497 3943 556 3977 oum
572 3931 712 3994 arcuisset,
732 3928 813 3979 facile
828 3931 964 3981 evenisset
983 3931 1007 3978 ci
1022 3931 1135 3995 impetus
1156 3936 1183 3978 ct
1201 3930 1327 3977 maiorem

225 4011 301 4062 quam
322 3996 348 4044 in
369 3997 465 4046 ceteris
484 3989 611 4062 apostatis
632 4007 812 4064 comparasset
826 4001 947 4067 gloriam,
967 4002 987 4051 si
1008 4000 1082 4050 bello
1100 4000 1205 4050 urbium
1225 4007 1327 4049 metro.

223 4066 299 4130 potin
319 4081 372 4116 uno
399 4075 425 4116 et
451 4067 527 4117 brevi
547 4069 713 4120 subiecisset
758 4086 828 4120 nunc
848 4081 933 4122 asrtcm
959 4085 1017 4120 cum
1036 4070 1190 4136 negligorot
1208 4084 1325 4136 sequen.

224 4137 275 4198 tia,
303 4138 381 4188 simui
407 4153 466 4187 cum
491 4141 604 4190 victoria
631 4142 708 4190 ctiam
729 4157 800 4191 suam
828 4144 911 4207 ipsius
936 4143 1142 4191 dominationem
1168 4150 1196 4191 st
1214 4141 1326 4192 salntem

225 4207 348 4282 perdidit.
387 4210 423 4263 ita
441 4211 468 4263 in
487 4210 576 4263 multis
603 4212 710 4263 sortium
730 4212 858 4263 tactorum
884 4229 965 4279 saepo
992 4215 1099 4282 requies
1122 4214 1249 4264 maiorem
1270 4213 1325 4262 eri-
