<?xml version="1.0" encoding="UTF-8"?>
<!DOCTYPE html PUBLIC "-//W3C//DTD XHTML 1.0 Transitional//EN"
    "http://www.w3.org/TR/xhtml1/DTD/xhtml1-transitional.dtd">
<html xmlns="http://www.w3.org/1999/xhtml" xml:lang="en" lang="en">
 <head>
  <title>
</title>
<meta http-equiv="Content-Type" content="text/html;charset=utf-8" />
  <meta name='ocr-system' content='tesseract 3.04.00' />
  <meta name='ocr-capabilities' content='ocr_page ocr_carea ocr_par ocr_line ocrx_word'/>
</head>
<body>
  <div class='ocr_page' id='page_1' title='image "./corpusscriptoru05theogoog/corpusscriptoru05theogoog_0307.png"; bbox 0 0 2875 4734; ppageno 0'>
   <div class='ocr_carea' id='block_1_1' title="bbox 545 247 1239 367">
    <p class='ocr_par' dir='ltr' id='par_1_1' title="bbox 545 247 1239 367">
     <span class='ocr_line' id='line_1_1' title="bbox 545 247 1239 367; baseline 0.01 -49"><span class='ocrx_word' id='word_1_1' title='bbox 545 248 755 320; x_wconf 74' lang='lat' dir='ltr'><strong>merom.</strong></span> <span class='ocrx_word' id='word_1_2' title='bbox 1027 296 1030 305; x_wconf 84' lang='lat'><em>.</em></span> <span class='ocrx_word' id='word_1_3' title='bbox 1121 247 1196 324; x_wconf 81' lang='lat' dir='ltr'><strong>eso</strong></span> <span class='ocrx_word' id='word_1_4' title='bbox 1235 362 1239 367; x_wconf 11' lang='grc' dir='ltr'>ι</span> 
     </span>
    </p>
   </div>
   <div class='ocr_carea' id='block_1_2' title="bbox 12 404 1324 2613">
    <p class='ocr_par' dir='ltr' id='par_1_2' title="bbox 12 404 1279 1301">
     <span class='ocr_line' id='line_1_2' title="bbox 91 404 1199 501; baseline 0.008 -30"><span class='ocrx_word' id='word_1_5' title='bbox 91 405 247 491; x_wconf 76' lang='grc' dir='ltr'><strong>ἔχθιστος</strong></span> <span class='ocrx_word' id='word_1_6' title='bbox 273 404 423 493; x_wconf 80' lang='grc' dir='ltr'><strong><em>ιἰλογίσθη</em></strong></span> <span class='ocrx_word' id='word_1_7' title='bbox 456 412 501 498; x_wconf 70' lang='grc' dir='ltr'><strong><em>τῷ</em></strong></span> <span class='ocrx_word' id='word_1_8' title='bbox 525 436 558 476; x_wconf 85' lang='grc' dir='ltr'><strong><em>τε</em></strong></span> <span class='ocrx_word' id='word_1_9' title='bbox 587 416 741 501; x_wconf 78' lang='grc' dir='ltr'><strong><em>λογοθέτῃ</em></strong></span> <span class='ocrx_word' id='word_1_10' title='bbox 773 409 829 477; x_wconf 88' lang='grc' dir='ltr'><strong>καί</strong></span> <span class='ocrx_word' id='word_1_11' title='bbox 850 412 938 501; x_wconf 68' lang='lat' dir='ltr'><strong>crispi</strong></span> <span class='ocrx_word' id='word_1_12' title='bbox 963 416 1096 496; x_wconf 74' lang='grc' dir='ltr'><strong><em>βασιλελ</em></strong></span> <span class='ocrx_word' id='word_1_13' title='bbox 1141 417 1199 481; x_wconf 84' lang='grc' dir='ltr'><strong><em>ιιαί</em></strong></span> 
     </span>
     <span class='ocr_line' id='line_1_3' title="bbox 93 502 1198 600; baseline 0.006 -27"><span class='ocrx_word' id='word_1_14' title='bbox 93 506 214 573; x_wconf 87' lang='grc' dir='ltr'><strong><em>αάτίιια</em></strong></span> <span class='ocrx_word' id='word_1_15' title='bbox 233 508 310 586; x_wconf 84' lang='grc' dir='ltr'><strong>τοάς</strong></span> <span class='ocrx_word' id='word_1_16' title='bbox 328 502 461 588; x_wconf 85' lang='grc' dir='ltr'><strong><em>άξοντας</em></strong></span> <span class='ocrx_word' id='word_1_17' title='bbox 480 510 578 578; x_wconf 81' lang='grc' dir='ltr'><strong><em>ου’τόν</em></strong></span> <span class='ocrx_word' id='word_1_18' title='bbox 605 512 807 598; x_wconf 68' lang='grc' dir='ltr'><strong>ἀνάρπαστον</strong></span> <span class='ocrx_word' id='word_1_19' title='bbox 831 516 1064 592; x_wconf 74' lang='grc' dir='ltr'><strong><em>ἐξαπέστειλαν.</em></strong></span> <span class='ocrx_word' id='word_1_20' title='bbox 1108 508 1126 578; x_wconf 80' lang='grc' dir='ltr'><strong><em>ό</em></strong></span> <span class='ocrx_word' id='word_1_21' title='bbox 1148 518 1198 600; x_wconf 79' lang='grc' dir='ltr'><strong>δέ,</strong></span> 
     </span>
     <span class='ocr_line' id='line_1_4' title="bbox 92 606 1199 700; baseline 0.008 -29"><span class='ocrx_word' id='word_1_22' title='bbox 92 606 251 691; x_wconf 81' lang='grc' dir='ltr'><strong><em>πρσγνοάς</em></strong></span> <span class='ocrx_word' id='word_1_23' title='bbox 270 606 306 673; x_wconf 92' lang='grc' dir='ltr'><strong><em>τό</em></strong></span> <span class='ocrx_word' id='word_1_24' title='bbox 327 612 382 695; x_wconf 78' lang='grc' dir='ltr'><strong>τῆς</strong></span> <span class='ocrx_word' id='word_1_25' title='bbox 405 613 498 697; x_wconf 81' lang='grc' dir='ltr'><strong><em>ἀργῆς</em></strong></span> <span class='ocrx_word' id='word_1_26' title='bbox 520 613 748 697; x_wconf 76' lang='grc' dir='ltr'><strong><em>ἀκατάσχετον,</em></strong></span> <span class='ocrx_word' id='word_1_27' title='bbox 772 613 859 689; x_wconf 77' lang='grc' dir='ltr'><strong><em>ἐντός</em></strong></span> <span class='ocrx_word' id='word_1_28' title='bbox 881 615 989 679; x_wconf 81' lang='grc' dir='ltr'><strong><em>είσέδα</em></strong></span> <span class='ocrx_word' id='word_1_29' title='bbox 1011 616 1065 700; x_wconf 82' lang='grc' dir='ltr'><strong>τῆς</strong></span> <span class='ocrx_word' id='word_1_30' title='bbox 1086 616 1199 681; x_wconf 86' lang='grc' dir='ltr'><strong><em>δευτέ-</em></strong></span> 
     </span>
     <span class='ocr_line' id='line_1_5' title="bbox 92 708 1279 801; baseline 0.007 -27"><span class='ocrx_word' id='word_1_31' title='bbox 92 733 156 793; x_wconf 94' lang='grc' dir='ltr'><strong>ρας</strong></span> <span class='ocrx_word' id='word_1_32' title='bbox 176 713 292 794; x_wconf 76' lang='grc' dir='ltr'><strong><em>σκηνῆς</em></strong></span> <span class='ocrx_word' id='word_1_33' title='bbox 320 713 378 775; x_wconf 80' lang='grc' dir='ltr'><strong><em>τοῦ</em></strong></span> <span class='ocrx_word' id='word_1_34' title='bbox 408 711 550 796; x_wconf 82' lang='grc' dir='ltr'><strong><em>μεγάλου</em></strong></span> <span class='ocrx_word' id='word_1_35' title='bbox 578 718 661 779; x_wconf 82' lang='grc' dir='ltr'><strong><em>ναοό</em></strong></span> <span class='ocrx_word' id='word_1_36' title='bbox 687 720 744 799; x_wconf 78' lang='grc' dir='ltr'><strong>τῆς</strong></span> <span class='ocrx_word' id='word_1_37' title='bbox 768 710 860 798; x_wconf 87' lang='grc' dir='ltr'><strong><em>άγιάς</em></strong></span> <span class='ocrx_word' id='word_1_38' title='bbox 889 720 1017 801; x_wconf 89' lang='grc' dir='ltr'><strong><em>σοφιάς,</em></strong></span> <span class='ocrx_word' id='word_1_39' title='bbox 1040 708 1106 800; x_wconf 80' lang='grc' dir='ltr'><strong><em>ήτις</em></strong></span> <span class='ocrx_word' id='word_1_40' title='bbox 1123 709 1197 799; x_wconf 71' lang='grc' dir='ltr'><strong><em>ἅγια</em></strong></span> <span class='ocrx_word' id='word_1_41' title='bbox 1273 731 1279 745; x_wconf 88' lang='grc'><em>·</em></span> 
     </span>
     <span class='ocr_line' id='line_1_6' title="bbox 12 808 1198 900; baseline 0.008 -28"><span class='ocrx_word' id='word_1_42' title='bbox 12 856 15 859; x_wconf 83' lang='lat'>-</span> <span class='ocrx_word' id='word_1_43' title='bbox 57 814 155 891; x_wconf 76' lang='grc' dir='ltr'><strong><em>ὁμέν</em></strong></span> <span class='ocrx_word' id='word_1_44' title='bbox 177 810 275 895; x_wconf 86' lang='grc' dir='ltr'><strong><em>άγίοον</em></strong></span> <span class='ocrx_word' id='word_1_45' title='bbox 295 820 359 887; x_wconf 80' lang='grc' dir='ltr'><strong><em>τοῖς</em></strong></span> <span class='ocrx_word' id='word_1_46' title='bbox 392 808 493 879; x_wconf 85' lang='grc' dir='ltr'><strong><em>πάλαι</em></strong></span> <span class='ocrx_word' id='word_1_47' title='bbox 514 817 769 900; x_wconf 71' lang='grc' dir='ltr'><strong><em>κατονομάζειν,</em></strong></span> <span class='ocrx_word' id='word_1_48' title='bbox 800 810 877 900; x_wconf 84' lang='grc' dir='ltr'><strong>ήμῖν</strong></span> <span class='ocrx_word' id='word_1_49' title='bbox 902 818 937 880; x_wconf 83' lang='grc' dir='ltr'><strong>δὲ</strong></span> <span class='ocrx_word' id='word_1_50' title='bbox 963 825 1028 891; x_wconf 84' lang='grc' dir='ltr'><strong><em>τοῖς</em></strong></span> <span class='ocrx_word' id='word_1_51' title='bbox 1047 818 1102 900; x_wconf 84' lang='grc' dir='ltr'><strong>τῆς</strong></span> <span class='ocrx_word' id='word_1_52' title='bbox 1124 816 1198 891; x_wconf 82' lang='grc' dir='ltr'><strong><em>νέας</em></strong></span> 
     </span>
     <span class='ocr_line' id='line_1_7' title="bbox 91 909 1198 1002; baseline 0.007 -29"><span class='ocrx_word' id='word_1_53' title='bbox 91 909 253 996; x_wconf 90' lang='grc' dir='ltr'><strong><em>διαθήκης</em></strong></span> <span class='ocrx_word' id='word_1_54' title='bbox 280 910 361 994; x_wconf 85' lang='grc' dir='ltr'><strong><em>πρός</em></strong></span> <span class='ocrx_word' id='word_1_55' title='bbox 382 914 487 1002; x_wconf 79' lang='grc' dir='ltr'><strong><em>τοότηι</em></strong></span> <span class='ocrx_word' id='word_1_56' title='bbox 517 914 572 979; x_wconf 89' lang='grc' dir='ltr'><strong>καί</strong></span> <span class='ocrx_word' id='word_1_57' title='bbox 591 915 815 1001; x_wconf 89' lang='grc' dir='ltr'><strong><em>θεσιαστήριον</em></strong></span> <span class='ocrx_word' id='word_1_58' title='bbox 835 913 891 980; x_wconf 89' lang='grc' dir='ltr'><strong>καί</strong></span> <span class='ocrx_word' id='word_1_59' title='bbox 911 910 1029 981; x_wconf 81' lang='grc' dir='ltr'><strong><em>άάυτον</em></strong></span> <span class='ocrx_word' id='word_1_60' title='bbox 1049 920 1105 981; x_wconf 83' lang='grc' dir='ltr'><strong>ναί</strong></span> <span class='ocrx_word' id='word_1_61' title='bbox 1124 912 1198 981; x_wconf 75' lang='grc' dir='ltr'><strong><em>έλα-</em></strong></span> 
     </span>
     <span class='ocr_line' id='line_1_8' title="bbox 91 1008 1198 1101; baseline 0.005 -26"><span class='ocrx_word' id='word_1_62' title='bbox 91 1008 243 1095; x_wconf 86' lang='grc' dir='ltr'><strong><em>στήριον·</em></strong></span> <span class='ocrx_word' id='word_1_63' title='bbox 286 1012 342 1077; x_wconf 87' lang='grc' dir='ltr'><strong>καί</strong></span> <span class='ocrx_word' id='word_1_64' title='bbox 367 1018 431 1079; x_wconf 80' lang='grc' dir='ltr'><strong>τάν</strong></span> <span class='ocrx_word' id='word_1_65' title='bbox 449 1014 546 1079; x_wconf 79' lang='grc' dir='ltr'><strong><em>θείαν</em></strong></span> <span class='ocrx_word' id='word_1_66' title='bbox 565 1014 660 1101; x_wconf 72' lang='grc' dir='ltr'><strong><em>ἀπρὶξ</em></strong></span> <span class='ocrx_word' id='word_1_67' title='bbox 686 1012 837 1098; x_wconf 86' lang='grc' dir='ltr'><strong><em>ε’χόμενος</em></strong></span> <span class='ocrx_word' id='word_1_68' title='bbox 864 1016 960 1082; x_wconf 85' lang='grc' dir='ltr'><strong><em>τόπον</em></strong></span> <span class='ocrx_word' id='word_1_69' title='bbox 984 1018 1119 1092; x_wconf 89' lang='grc' dir='ltr'><strong><em>άσυλιάς</em></strong></span> <span class='ocrx_word' id='word_1_70' title='bbox 1140 1015 1198 1101; x_wconf 86' lang='grc' dir='ltr'><strong>τήν</strong></span> 
     </span>
     <span class='ocr_line' id='line_1_9' title="bbox 89 1106 1197 1203; baseline 0.005 -26"><span class='ocrx_word' id='word_1_71' title='bbox 89 1114 189 1178; x_wconf 86' lang='grc' dir='ltr'><strong><em>θείαν</em></strong></span> <span class='ocrx_word' id='word_1_72' title='bbox 210 1116 347 1179; x_wconf 74' lang='grc' dir='ltr'><strong><em>ἐποιεῖτο</em></strong></span> <span class='ocrx_word' id='word_1_73' title='bbox 369 1116 547 1200; x_wconf 84' lang='grc' dir='ltr'><strong><em>ἀντίληψιν.</em></strong></span> <span class='ocrx_word' id='word_1_74' title='bbox 575 1106 581 1115; x_wconf 46' lang='grc'><em>“</em></span> <span class='ocrx_word' id='word_1_75' title='bbox 603 1114 673 1181; x_wconf 85' lang='grc' dir='ltr'><strong><em>ἀλλ’</em></strong></span> <span class='ocrx_word' id='word_1_76' title='bbox 695 1114 726 1180; x_wconf 83' lang='grc' dir='ltr'><strong>οί</strong></span> <span class='ocrx_word' id='word_1_77' title='bbox 748 1122 959 1203; x_wconf 86' lang='grc' dir='ltr'><strong><em>πεμφθέντες,</em></strong></span> <span class='ocrx_word' id='word_1_78' title='bbox 980 1116 1036 1197; x_wconf 78' lang='grc' dir='ltr'><strong><em>εἴτ’</em></strong></span> <span class='ocrx_word' id='word_1_79' title='bbox 1057 1120 1090 1194; x_wconf 85' lang='grc' dir='ltr'><strong>έξ</strong></span> <span class='ocrx_word' id='word_1_80' title='bbox 1113 1118 1197 1193; x_wconf 78' lang='grc' dir='ltr'><strong><em>ἰδίας</em></strong></span> 
     </span>
     <span class='ocr_line' id='line_1_10' title="bbox 89 1213 1195 1301; baseline 0.006 -24"><span class='ocrx_word' id='word_1_81' title='bbox 89 1214 245 1294; x_wconf 81' lang='grc' dir='ltr'><strong><em>ἀσεβείας</em></strong></span> <span class='ocrx_word' id='word_1_82' title='bbox 264 1218 320 1279; x_wconf 83' lang='grc' dir='ltr'><strong>καί</strong></span> <span class='ocrx_word' id='word_1_83' title='bbox 337 1218 515 1301; x_wconf 84' lang='grc' dir='ltr'><strong><em>θηριωδίας</em></strong></span> <span class='ocrx_word' id='word_1_84' title='bbox 535 1213 593 1281; x_wconf 79' lang='grc' dir='ltr'><strong><em>εἴτ’</em></strong></span> <span class='ocrx_word' id='word_1_85' title='bbox 621 1219 656 1280; x_wconf 82' lang='grc' dir='ltr'><strong>έκ</strong></span> <span class='ocrx_word' id='word_1_86' title='bbox 681 1221 896 1301; x_wconf 87' lang='grc' dir='ltr'><strong><em>παραγγελίας</em></strong></span> <span class='ocrx_word' id='word_1_87' title='bbox 926 1222 982 1284; x_wconf 76' lang='grc' dir='ltr'><strong><em>τοῦ</em></strong></span> <span class='ocrx_word' id='word_1_88' title='bbox 1003 1221 1195 1301; x_wconf 81' lang='grc' dir='ltr'><strong><em>πέμψαντος,</em></strong></span> 
     </span>
    </p>

    <p class='ocr_par' dir='ltr' id='par_1_3' title="bbox 39 1310 1324 1806">
     <span class='ocr_line' id='line_1_11' title="bbox 39 1310 1199 1401; baseline 0.002 -21"><span class='ocrx_word' id='word_1_89' title='bbox 39 1330 80 1383; x_wconf 85' lang='grc'><strong>10</strong></span> <span class='ocrx_word' id='word_1_90' title='bbox 90 1316 194 1399; x_wconf 80' lang='grc' dir='ltr'><strong><em>μηδὲν</em></strong></span> <span class='ocrx_word' id='word_1_91' title='bbox 214 1316 444 1400; x_wconf 71' lang='grc' dir='ltr'><strong><em>εὐλαβηθέντες</em></strong></span> <span class='ocrx_word' id='word_1_92' title='bbox 466 1318 541 1401; x_wconf 87' lang='grc' dir='ltr'><strong><em>μηδ’</em></strong></span> <span class='ocrx_word' id='word_1_93' title='bbox 561 1314 792 1401; x_wconf 79' lang='grc' dir='ltr'><strong><em>άτιοιιτήξαντες</em></strong></span> <span class='ocrx_word' id='word_1_94' title='bbox 815 1315 869 1401; x_wconf 87' lang='grc' dir='ltr'><strong>τήν</strong></span> <span class='ocrx_word' id='word_1_95' title='bbox 894 1310 991 1394; x_wconf 76' lang='grc' dir='ltr'><strong><em>ὄντως</em></strong></span> <span class='ocrx_word' id='word_1_96' title='bbox 1013 1320 1199 1385; x_wconf 86' lang='grc' dir='ltr'><strong><em>θεότευκτον</em></strong></span> 
     </span>
     <span class='ocr_line' id='line_1_12' title="bbox 90 1411 1198 1509; baseline 0.003 -28"><span class='ocrx_word' id='word_1_97' title='bbox 90 1411 210 1503; x_wconf 84' lang='grc' dir='ltr'><strong><em>σκηνήν</em></strong></span> <span class='ocrx_word' id='word_1_98' title='bbox 234 1418 290 1480; x_wconf 86' lang='grc' dir='ltr'><strong><em>καί</em></strong></span> <span class='ocrx_word' id='word_1_99' title='bbox 312 1420 377 1480; x_wconf 81' lang='grc' dir='ltr'><strong>τάν</strong></span> <span class='ocrx_word' id='word_1_100' title='bbox 395 1414 555 1500; x_wconf 78' lang='grc' dir='ltr'><strong><em>ου’ρανίοιν</em></strong></span> <span class='ocrx_word' id='word_1_101' title='bbox 580 1417 769 1494; x_wconf 84' lang='grc' dir='ltr'><strong><em>ἀντίτυπον,</em></strong></span> <span class='ocrx_word' id='word_1_102' title='bbox 800 1416 881 1482; x_wconf 86' lang='grc' dir='ltr'><strong><em>ἀλλά</em></strong></span> <span class='ocrx_word' id='word_1_103' title='bbox 905 1423 949 1509; x_wconf 73' lang='grc' dir='ltr'><strong><em>τῷ</em></strong></span> <span class='ocrx_word' id='word_1_104' title='bbox 969 1422 1066 1507; x_wconf 75' lang='grc' dir='ltr'><strong><em>θυμῷ</em></strong></span> <span class='ocrx_word' id='word_1_105' title='bbox 1090 1422 1198 1501; x_wconf 84' lang='grc' dir='ltr'><strong><em>μεθυ-</em></strong></span> 
     </span>
     <span class='ocr_line' id='line_1_13' title="bbox 91 1513 1193 1606; baseline 0.003 -25"><span class='ocrx_word' id='word_1_106' title='bbox 91 1519 225 1591; x_wconf 82' lang='grc' dir='ltr'><strong><em>σθέντες</em></strong></span> <span class='ocrx_word' id='word_1_107' title='bbox 245 1518 300 1580; x_wconf 84' lang='grc' dir='ltr'><strong>καί</strong></span> <span class='ocrx_word' id='word_1_108' title='bbox 318 1516 471 1599; x_wconf 81' lang='grc' dir='ltr'><strong><em>βακχικόν</em></strong></span> <span class='ocrx_word' id='word_1_109' title='bbox 494 1542 526 1581; x_wconf 90' lang='grc' dir='ltr'><strong><em>τι</em></strong></span> <span class='ocrx_word' id='word_1_110' title='bbox 558 1518 613 1581; x_wconf 88' lang='grc' dir='ltr'><strong>καί</strong></span> <span class='ocrx_word' id='word_1_111' title='bbox 644 1514 831 1601; x_wconf 83' lang='grc' dir='ltr'><strong><em>α’ρειμάνιον</em></strong></span> <span class='ocrx_word' id='word_1_112' title='bbox 854 1516 1146 1606; x_wconf 87' lang='grc' dir='ltr'><strong><em>συμφρονήσαντες,</em></strong></span> <span class='ocrx_word' id='word_1_113' title='bbox 1172 1513 1193 1602; x_wconf 82' lang='grc' dir='ltr'><strong><em>ή</em></strong></span> 
     </span>
     <span class='ocr_line' id='line_1_14' title="bbox 91 1613 1324 1704; baseline -0.002 -23"><span class='ocrx_word' id='word_1_114' title='bbox 91 1613 131 1681; x_wconf 85' lang='grc' dir='ltr'><strong><em>τό</em></strong></span> <span class='ocrx_word' id='word_1_115' title='bbox 151 1626 186 1699; x_wconf 87' lang='grc' dir='ltr'><strong>γε</strong></span> <span class='ocrx_word' id='word_1_116' title='bbox 218 1617 429 1702; x_wconf 86' lang='grc' dir='ltr'><strong><em>ἀληθέστερον</em></strong></span> <span class='ocrx_word' id='word_1_117' title='bbox 452 1621 570 1702; x_wconf 79' lang='grc' dir='ltr'><strong><em>είιιείν,</em></strong></span> <span class='ocrx_word' id='word_1_118' title='bbox 606 1616 757 1704; x_wconf 88' lang='grc' dir='ltr'><strong><em>άφρόναις</em></strong></span> <span class='ocrx_word' id='word_1_119' title='bbox 788 1617 1027 1704; x_wconf 77' lang='grc' dir='ltr'><strong><em>ἐπινοήσαντες,</em></strong></span> <span class='ocrx_word' id='word_1_120' title='bbox 1048 1622 1094 1695; x_wconf 87' lang='grc' dir='ltr'><strong>είς</strong></span> <span class='ocrx_word' id='word_1_121' title='bbox 1116 1614 1194 1685; x_wconf 68' lang='lat' dir='ltr'><strong>cairo*</strong></span> <span class='ocrx_word' id='word_1_122' title='bbox 1205 1620 1224 1676; x_wconf 79' lang='lat' dir='ltr'><strong>f·</strong></span> <span class='ocrx_word' id='word_1_123' title='bbox 1236 1624 1290 1683; x_wconf 75' lang='lat'><strong>224</strong></span> <span class='ocrx_word' id='word_1_124' title='bbox 1299 1640 1324 1680; x_wconf 87' lang='lat' dir='ltr'><strong>r.</strong></span> 
     </span>
     <span class='ocr_line' id='line_1_15' title="bbox 91 1716 1197 1806; baseline 0.004 -24"><span class='ocrx_word' id='word_1_125' title='bbox 91 1716 130 1782; x_wconf 85' lang='grc' dir='ltr'><strong><em>τό</em></strong></span> <span class='ocrx_word' id='word_1_126' title='bbox 151 1716 208 1783; x_wconf 83' lang='grc' dir='ltr'><strong>καί</strong></span> <span class='ocrx_word' id='word_1_127' title='bbox 228 1717 372 1801; x_wconf 77' lang='grc' dir='ltr'><strong><em>ἀγγέλοις</em></strong></span> <span class='ocrx_word' id='word_1_128' title='bbox 395 1719 561 1798; x_wconf 79' lang='grc' dir='ltr'><strong><em>αἰδέσιμον</em></strong></span> <span class='ocrx_word' id='word_1_129' title='bbox 588 1723 706 1803; x_wconf 84' lang='grc' dir='ltr'><strong><em>φονίοις</em></strong></span> <span class='ocrx_word' id='word_1_130' title='bbox 740 1718 980 1787; x_wconf 86' lang='grc' dir='ltr'><strong><em>είσελαόνουσιν</em></strong></span> <span class='ocrx_word' id='word_1_131' title='bbox 1004 1718 1197 1806; x_wconf 81' lang='grc' dir='ltr'><strong><em>ἱλαστήριον,</em></strong></span> 
     </span>
    </p>

    <p class='ocr_par' dir='ltr' id='par_1_4' title="bbox 41 1813 1198 2308">
     <span class='ocr_line' id='line_1_16' title="bbox 41 1813 1196 1911; baseline 0.003 -28"><span class='ocrx_word' id='word_1_132' title='bbox 41 1832 81 1885; x_wconf 83' lang='lat'><strong>15</strong></span> <span class='ocrx_word' id='word_1_133' title='bbox 92 1817 149 1884; x_wconf 86' lang='grc' dir='ltr'><strong>καί</strong></span> <span class='ocrx_word' id='word_1_134' title='bbox 168 1819 222 1886; x_wconf 89' lang='grc' dir='ltr'><strong>τόν</strong></span> <span class='ocrx_word' id='word_1_135' title='bbox 245 1820 400 1902; x_wconf 75' lang='grc' dir='ltr'><strong><em>ἀρχιερέα</em></strong></span> <span class='ocrx_word' id='word_1_136' title='bbox 422 1816 568 1905; x_wconf 76' lang='grc' dir='ltr'><strong><em>ξιφήρεις</em></strong></span> <span class='ocrx_word' id='word_1_137' title='bbox 590 1813 676 1894; x_wconf 81' lang='grc' dir='ltr'><strong><em>ὄντες</em></strong></span> <span class='ocrx_word' id='word_1_138' title='bbox 699 1819 902 1903; x_wconf 86' lang='grc' dir='ltr'><strong><em>ἀνάρπαστον</em></strong></span> <span class='ocrx_word' id='word_1_139' title='bbox 921 1820 1127 1907; x_wconf 84' lang='grc' dir='ltr'><strong><em>ποιησάμενοι</em></strong></span> <span class='ocrx_word' id='word_1_140' title='bbox 1150 1824 1196 1911; x_wconf 65' lang='lat' dir='ltr'><strong>sp?</strong></span> 
     </span>
     <span class='ocr_line' id='line_1_17' title="bbox 91 1915 1197 2004; baseline 0.003 -20"><span class='ocrx_word' id='word_1_141' title='bbox 91 1925 224 2003; x_wconf 76' lang='grc' dir='ltr'><strong><em>βασιλεῖ</em></strong></span> <span class='ocrx_word' id='word_1_142' title='bbox 247 1923 455 2003; x_wconf 76' lang='grc' dir='ltr'><strong><em>περισπῶσιν.</em></strong></span> <span class='ocrx_word' id='word_1_143' title='bbox 504 1916 523 1980; x_wconf 82' lang='grc' dir='ltr'><strong><em>ό</em></strong></span> <span class='ocrx_word' id='word_1_144' title='bbox 555 1921 590 1983; x_wconf 84' lang='grc' dir='ltr'><strong>δέ</strong></span> <span class='ocrx_word' id='word_1_145' title='bbox 622 1921 790 2004; x_wconf 82' lang='grc' dir='ltr'><strong><em>ἀνήκεστον</em></strong></span> <span class='ocrx_word' id='word_1_146' title='bbox 816 1923 889 2003; x_wconf 37' lang='grc' dir='ltr'><strong><em>μέν,</em></strong></span> <span class='ocrx_word' id='word_1_147' title='bbox 905 1924 1000 1986; x_wconf 82' lang='grc' dir='ltr'><strong><em>ου’δέν</em></strong></span> <span class='ocrx_word' id='word_1_148' title='bbox 1032 1924 1078 1996; x_wconf 86' lang='grc' dir='ltr'><strong>εἰς</strong></span> <span class='ocrx_word' id='word_1_149' title='bbox 1101 1915 1197 1987; x_wconf 85' lang='grc' dir='ltr'><strong><em>αότὸν</em></strong></span> 
     </span>
     <span class='ocr_line' id='line_1_18' title="bbox 93 2019 1195 2105; baseline -0.002 -20"><span class='ocrx_word' id='word_1_150' title='bbox 93 2019 300 2103; x_wconf 75' lang='grc' dir='ltr'><strong><em>διεπράξατο,</em></strong></span> <span class='ocrx_word' id='word_1_151' title='bbox 332 2022 390 2104; x_wconf 84' lang='grc' dir='ltr'><strong>τήν</strong></span> <span class='ocrx_word' id='word_1_152' title='bbox 411 2044 446 2085; x_wconf 93' lang='grc' dir='ltr'><strong><em>τε</em></strong></span> <span class='ocrx_word' id='word_1_153' title='bbox 465 2024 648 2105; x_wconf 87' lang='grc' dir='ltr'><strong><em>παρρησίαν</em></strong></span> <span class='ocrx_word' id='word_1_154' title='bbox 676 2023 734 2085; x_wconf 85' lang='grc' dir='ltr'><strong><em>τοό</em></strong></span> <span class='ocrx_word' id='word_1_155' title='bbox 763 2020 879 2105; x_wconf 83' lang='grc' dir='ltr'><strong><em>ἀνδρός</em></strong></span> <span class='ocrx_word' id='word_1_156' title='bbox 899 2023 1062 2097; x_wconf 83' lang='grc' dir='ltr'><strong><em>αἰδεσθείς</em></strong></span> <span class='ocrx_word' id='word_1_157' title='bbox 1082 2025 1138 2087; x_wconf 86' lang='grc' dir='ltr'><strong>καί</strong></span> <span class='ocrx_word' id='word_1_158' title='bbox 1157 2019 1195 2085; x_wconf 85' lang='grc' dir='ltr'><strong><em>τό</em></strong></span> 
     </span>
     <span class='ocr_line' id='line_1_19' title="bbox 93 2120 1198 2209; baseline 0.002 -23"><span class='ocrx_word' id='word_1_159' title='bbox 93 2124 128 2186; x_wconf 81' lang='grc' dir='ltr'><strong>έν</strong></span> <span class='ocrx_word' id='word_1_160' title='bbox 147 2120 251 2205; x_wconf 86' lang='grc' dir='ltr'><strong><em>λόγοις</em></strong></span> <span class='ocrx_word' id='word_1_161' title='bbox 273 2122 454 2203; x_wconf 87' lang='grc' dir='ltr'><strong><em>εάδόκιμον,</em></strong></span> <span class='ocrx_word' id='word_1_162' title='bbox 473 2124 530 2187; x_wconf 84' lang='grc' dir='ltr'><strong>καί</strong></span> <span class='ocrx_word' id='word_1_163' title='bbox 549 2120 606 2205; x_wconf 89' lang='grc' dir='ltr'><strong>τήν</strong></span> <span class='ocrx_word' id='word_1_164' title='bbox 636 2123 697 2187; x_wconf 86' lang='grc' dir='ltr'><strong>ἀπό</strong></span> <span class='ocrx_word' id='word_1_165' title='bbox 728 2126 783 2189; x_wconf 81' lang='grc' dir='ltr'><strong><em>τοῦ</em></strong></span> <span class='ocrx_word' id='word_1_166' title='bbox 805 2128 897 2188; x_wconf 86' lang='grc' dir='ltr'><strong><em>θείου</em></strong></span> <span class='ocrx_word' id='word_1_167' title='bbox 919 2124 1122 2209; x_wconf 25' lang='grc' dir='ltr'><strong><em>νέμεσινικαί</em></strong></span> <span class='ocrx_word' id='word_1_168' title='bbox 1141 2120 1198 2188; x_wconf 89' lang='grc' dir='ltr'><strong>τόν</strong></span> 
     </span>
     <span class='ocr_line' id='line_1_20' title="bbox 92 2218 1196 2308; baseline -0.001 -21"><span class='ocrx_word' id='word_1_169' title='bbox 92 2224 130 2287; x_wconf 75' lang='grc' dir='ltr'><strong>ἐκ</strong></span> <span class='ocrx_word' id='word_1_170' title='bbox 150 2225 206 2287; x_wconf 79' lang='grc' dir='ltr'><strong><em>τοῦ</em></strong></span> <span class='ocrx_word' id='word_1_171' title='bbox 227 2226 461 2307; x_wconf 79' lang='grc' dir='ltr'><strong><em>θυσιαστηρίου</em></strong></span> <span class='ocrx_word' id='word_1_172' title='bbox 483 2220 693 2303; x_wconf 83' lang='grc' dir='ltr'><strong><em>καταπλαγείς</em></strong></span> <span class='ocrx_word' id='word_1_173' title='bbox 716 2218 893 2304; x_wconf 76' lang='grc' dir='ltr'><strong><em>ἑλκυσμόν·</em></strong></span> <span class='ocrx_word' id='word_1_174' title='bbox 937 2224 973 2289; x_wconf 85' lang='grc' dir='ltr'><strong><em>τό</em></strong></span> <span class='ocrx_word' id='word_1_175' title='bbox 1000 2227 1035 2289; x_wconf 83' lang='grc' dir='ltr'><strong>δέ</strong></span> <span class='ocrx_word' id='word_1_176' title='bbox 1055 2224 1112 2308; x_wconf 80' lang='grc' dir='ltr'><strong>τῆς</strong></span> <span class='ocrx_word' id='word_1_177' title='bbox 1131 2248 1196 2287; x_wconf 86' lang='grc' dir='ltr'><strong><em>τια-</em></strong></span> 
     </span>
    </p>

    <p class='ocr_par' dir='ltr' id='par_1_5' title="bbox 41 2322 1278 2509">
     <span class='ocr_line' id='line_1_21' title="bbox 41 2322 1278 2410; baseline -0.001 -20"><span class='ocrx_word' id='word_1_178' title='bbox 41 2322 250 2407; x_wconf 70' lang='grc' dir='ltr'><strong><em>λθρανομίος</em></strong></span> <span class='ocrx_word' id='word_1_179' title='bbox 263 2324 319 2387; x_wconf 83' lang='grc' dir='ltr'><strong>καί</strong></span> <span class='ocrx_word' id='word_1_180' title='bbox 339 2324 470 2402; x_wconf 82' lang='grc' dir='ltr'><strong><em>ἀτοπίας</em></strong></span> <span class='ocrx_word' id='word_1_181' title='bbox 492 2322 694 2410; x_wconf 73' lang='grc' dir='ltr'><strong><em>ἐκληρώσατο</em></strong></span> <span class='ocrx_word' id='word_1_182' title='bbox 715 2332 809 2407; x_wconf 82' lang='grc' dir='ltr'><strong><em>μίσος</em></strong></span> <span class='ocrx_word' id='word_1_183' title='bbox 828 2329 861 2391; x_wconf 77' lang='grc' dir='ltr'><strong>ἐκ</strong></span> <span class='ocrx_word' id='word_1_184' title='bbox 876 2328 979 2410; x_wconf 87' lang='grc' dir='ltr'><strong><em>πάσης</em></strong></span> <span class='ocrx_word' id='word_1_185' title='bbox 993 2326 1118 2410; x_wconf 81' lang='grc' dir='ltr'><strong><em>ἡλικίας</em></strong></span> <span class='ocrx_word' id='word_1_186' title='bbox 1141 2326 1198 2390; x_wconf 86' lang='grc' dir='ltr'><strong>καί</strong></span> <span class='ocrx_word' id='word_1_187' title='bbox 1273 2388 1278 2399; x_wconf 86' lang='grc'><strong><em>,</em></strong></span> 
     </span>
     <span class='ocr_line' id='line_1_22' title="bbox 92 2417 857 2509; baseline 0.009 -21"><span class='ocrx_word' id='word_1_188' title='bbox 92 2417 193 2508; x_wconf 81' lang='grc' dir='ltr'><strong><em>τόχης</em></strong></span> <span class='ocrx_word' id='word_1_189' title='bbox 212 2424 269 2488; x_wconf 82' lang='grc' dir='ltr'><strong>καί</strong></span> <span class='ocrx_word' id='word_1_190' title='bbox 284 2417 423 2509; x_wconf 81' lang='grc' dir='ltr'><strong><em>φάσεως.</em></strong></span> <span class='ocrx_word' id='word_1_191' title='bbox 854 2492 857 2495; x_wconf 88' lang='grc'><strong><em>.</em></strong></span> 
     </span>
    </p>

    <p class='ocr_par' dir='ltr' id='par_1_6' title="bbox 181 2521 1196 2613">
     <span class='ocr_line' id='line_1_23' title="bbox 181 2521 1196 2613; baseline 0.004 -24"><span class='ocrx_word' id='word_1_192' title='bbox 181 2522 265 2607; x_wconf 76' lang='grc' dir='ltr'><strong><em>,Καί</em></strong></span> <span class='ocrx_word' id='word_1_193' title='bbox 286 2522 329 2603; x_wconf 75' lang='grc' dir='ltr'><strong>ὥς</strong></span> <span class='ocrx_word' id='word_1_194' title='bbox 348 2527 408 2606; x_wconf 81' lang='grc' dir='ltr'><strong>μὲν</strong></span> <span class='ocrx_word' id='word_1_195' title='bbox 436 2525 467 2591; x_wconf 86' lang='grc' dir='ltr'><strong>σί</strong></span> <span class='ocrx_word' id='word_1_196' title='bbox 494 2528 631 2613; x_wconf 81' lang='grc' dir='ltr'><strong><em>ἀρχηγοὶ</em></strong></span> <span class='ocrx_word' id='word_1_197' title='bbox 652 2529 688 2593; x_wconf 87' lang='grc' dir='ltr'><strong>έκ</strong></span> <span class='ocrx_word' id='word_1_198' title='bbox 711 2531 766 2594; x_wconf 79' lang='grc' dir='ltr'><strong><em>τοῦ</em></strong></span> <span class='ocrx_word' id='word_1_199' title='bbox 795 2526 943 2593; x_wconf 83' lang='grc' dir='ltr'><strong><em>τοιοότου</em></strong></span> <span class='ocrx_word' id='word_1_200' title='bbox 960 2528 1084 2611; x_wconf 88' lang='grc' dir='ltr'><strong><em>μόσους</em></strong></span> <span class='ocrx_word' id='word_1_201' title='bbox 1105 2521 1196 2605; x_wconf 84' lang='grc' dir='ltr'><strong><em>δίκας</em></strong></span> 
     </span>
    </p>
   </div>
   <div class='ocr_carea' id='block_1_3' title="bbox 170 2686 410 2761">
    <p class='ocr_par' dir='ltr' id='par_1_7' title="bbox 170 2686 410 2761">
     <span class='ocr_line' id='line_1_24' title="bbox 170 2686 410 2761; baseline 0.008 -22"><span class='ocrx_word' id='word_1_202' title='bbox 170 2686 212 2743; x_wconf 81' lang='grc'><strong>14.</strong></span> <span class='ocrx_word' id='word_1_203' title='bbox 238 2690 363 2761; x_wconf 83' lang='grc' dir='ltr'><strong><em>φονείως</em></strong></span> <span class='ocrx_word' id='word_1_204' title='bbox 380 2689 410 2743; x_wconf 82' lang='lat' dir='ltr'><strong>G.</strong></span> 
     </span>
    </p>
   </div>
   <div class='ocr_carea' id='block_1_4' title="bbox 70 2835 1200 4102">
    <p class='ocr_par' dir='ltr' id='par_1_8' title="bbox 96 2835 1200 3475">
     <span class='ocr_line' id='line_1_25' title="bbox 98 2835 1200 2907; baseline 0 -20"><span class='ocrx_word' id='word_1_205' title='bbox 98 2837 145 2907; x_wconf 90' lang='lat' dir='ltr'><strong>qui</strong></span> <span class='ocrx_word' id='word_1_206' title='bbox 166 2835 265 2889; x_wconf 87' lang='lat' dir='ltr'><strong>clarius</strong></span> <span class='ocrx_word' id='word_1_207' title='bbox 285 2844 312 2887; x_wconf 87' lang='lat' dir='ltr'><strong>et</strong></span> <span class='ocrx_word' id='word_1_208' title='bbox 331 2836 457 2889; x_wconf 73' lang='lat' dir='ltr'><strong>disertius</strong></span> <span class='ocrx_word' id='word_1_209' title='bbox 471 2836 586 2890; x_wconf 89' lang='lat' dir='ltr'><strong>consilio</strong></span> <span class='ocrx_word' id='word_1_210' title='bbox 604 2839 763 2891; x_wconf 88' lang='lat' dir='ltr'><strong>sententiam</strong></span> <span class='ocrx_word' id='word_1_211' title='bbox 781 2853 854 2892; x_wconf 87' lang='lat' dir='ltr'><strong>suam</strong></span> <span class='ocrx_word' id='word_1_212' title='bbox 873 2839 1087 2907; x_wconf 80' lang='lat' dir='ltr'><strong>significaverat,</strong></span> <span class='ocrx_word' id='word_1_213' title='bbox 1107 2837 1200 2889; x_wconf 86' lang='lat' dir='ltr'><strong>inimi.</strong></span> 
     </span>
     <span class='ocr_line' id='line_1_26' title="bbox 97 2907 1198 2977; baseline -0.002 -16"><span class='ocrx_word' id='word_1_214' title='bbox 97 2910 222 2962; x_wconf 88' lang='lat' dir='ltr'><strong>cissimus</strong></span> <span class='ocrx_word' id='word_1_215' title='bbox 241 2907 347 2961; x_wconf 83' lang='lat' dir='ltr'><strong>habitus</strong></span> <span class='ocrx_word' id='word_1_216' title='bbox 367 2916 408 2962; x_wconf 89' lang='lat' dir='ltr'><strong>cst</strong></span> <span class='ocrx_word' id='word_1_217' title='bbox 424 2907 582 2977; x_wconf 73' lang='lat' dir='ltr'><strong>logothetae</strong></span> <span class='ocrx_word' id='word_1_218' title='bbox 607 2919 634 2961; x_wconf 91' lang='lat' dir='ltr'><strong>et</strong></span> <span class='ocrx_word' id='word_1_219' title='bbox 659 2911 711 2977; x_wconf 89' lang='lat' dir='ltr'><strong>ipsi</strong></span> <span class='ocrx_word' id='word_1_220' title='bbox 737 2911 809 2977; x_wconf 80' lang='lat' dir='ltr'><strong>regi:</strong></span> <span class='ocrx_word' id='word_1_221' title='bbox 839 2917 918 2975; x_wconf 89' lang='lat' dir='ltr'><strong>atque</strong></span> <span class='ocrx_word' id='word_1_222' title='bbox 946 2911 1034 2961; x_wconf 88' lang='lat' dir='ltr'><strong>statim</strong></span> <span class='ocrx_word' id='word_1_223' title='bbox 1062 2922 1124 2971; x_wconf 84' lang='lat' dir='ltr'><strong>eos,</strong></span> <span class='ocrx_word' id='word_1_224' title='bbox 1151 2908 1198 2975; x_wconf 85' lang='lat' dir='ltr'><strong>qui</strong></span> 
     </span>
     <span class='ocr_line' id='line_1_27' title="bbox 98 2979 1197 3048; baseline -0.005 -17"><span class='ocrx_word' id='word_1_225' title='bbox 98 2996 159 3032; x_wconf 89' lang='lat' dir='ltr'><strong>eum</strong></span> <span class='ocrx_word' id='word_1_226' title='bbox 174 2987 277 3046; x_wconf 86' lang='lat' dir='ltr'><strong>raptum</strong></span> <span class='ocrx_word' id='word_1_227' title='bbox 296 2988 422 3048; x_wconf 78' lang='lat' dir='ltr'>agerent,</span> <span class='ocrx_word' id='word_1_228' title='bbox 442 2980 580 3033; x_wconf 86' lang='lat' dir='ltr'><strong>miserunt.</strong></span> <span class='ocrx_word' id='word_1_229' title='bbox 618 2980 667 3031; x_wconf 89' lang='lat' dir='ltr'><strong>ille</strong></span> <span class='ocrx_word' id='word_1_230' title='bbox 692 2988 779 3030; x_wconf 90' lang='lat' dir='ltr'><strong>autem</strong></span> <span class='ocrx_word' id='word_1_231' title='bbox 797 2979 958 3044; x_wconf 85' lang='lat' dir='ltr'><strong>praevidens</strong></span> <span class='ocrx_word' id='word_1_232' title='bbox 976 2979 1034 3030; x_wconf 85' lang='lat' dir='ltr'><strong>irae</strong></span> <span class='ocrx_word' id='word_1_233' title='bbox 1061 2979 1197 3044; x_wconf 79' lang='lat' dir='ltr'><strong>impoten-</strong></span> 
     </span>
     <span class='ocr_line' id='line_1_28' title="bbox 97 3048 1197 3118; baseline -0.006 -15"><span class='ocrx_word' id='word_1_234' title='bbox 97 3054 162 3103; x_wconf 90' lang='lat' dir='ltr'><strong>tiam</strong></span> <span class='ocrx_word' id='word_1_235' title='bbox 180 3067 210 3103; x_wconf 88' lang='lat' dir='ltr'><strong>se</strong></span> <span class='ocrx_word' id='word_1_236' title='bbox 228 3050 353 3105; x_wconf 82' lang='lat' dir='ltr'><strong>subduxit</strong></span> <span class='ocrx_word' id='word_1_237' title='bbox 370 3054 440 3105; x_wconf 87' lang='lat' dir='ltr'><strong>iutra</strong></span> <span class='ocrx_word' id='word_1_238' title='bbox 458 3052 601 3118; x_wconf 89' lang='lat' dir='ltr'><strong>secundum</strong></span> <span class='ocrx_word' id='word_1_239' title='bbox 618 3050 762 3100; x_wconf 89' lang='lat' dir='ltr'><strong>tentorium</strong></span> <span class='ocrx_word' id='word_1_240' title='bbox 780 3050 870 3116; x_wconf 84' lang='lat' dir='ltr'><strong>magni</strong></span> <span class='ocrx_word' id='word_1_241' title='bbox 897 3048 991 3115; x_wconf 88' lang='lat' dir='ltr'><strong>templi</strong></span> <span class='ocrx_word' id='word_1_242' title='bbox 1016 3056 1124 3101; x_wconf 81' lang='lat' dir='ltr'><strong>sanctae</strong></span> <span class='ocrx_word' id='word_1_243' title='bbox 1150 3063 1197 3107; x_wconf 85' lang='lat' dir='ltr'><strong>sa.</strong></span> 
     </span>
     <span class='ocr_line' id='line_1_29' title="bbox 96 3118 1197 3193; baseline -0.004 -20"><span class='ocrx_word' id='word_1_244' title='bbox 96 3123 232 3191; x_wconf 80' lang='lat' dir='ltr'><strong>pientiae,</strong></span> <span class='ocrx_word' id='word_1_245' title='bbox 254 3138 323 3193; x_wconf 85' lang='lat' dir='ltr'><strong>quae</strong></span> <span class='ocrx_word' id='word_1_246' title='bbox 350 3124 456 3191; x_wconf 91' lang='lat' dir='ltr'><strong>quidem</strong></span> <span class='ocrx_word' id='word_1_247' title='bbox 475 3128 566 3173; x_wconf 88' lang='lat' dir='ltr'><strong>sancta</strong></span> <span class='ocrx_word' id='word_1_248' title='bbox 585 3126 734 3175; x_wconf 86' lang='lat' dir='ltr'><strong>sanctarum</strong></span> <span class='ocrx_word' id='word_1_249' title='bbox 751 3135 774 3169; x_wconf 84' lang='lat' dir='ltr'><strong>-a</strong></span> <span class='ocrx_word' id='word_1_250' title='bbox 799 3120 895 3187; x_wconf 75' lang='lat' dir='ltr'><strong>priscis</strong></span> <span class='ocrx_word' id='word_1_251' title='bbox 926 3119 1092 3182; x_wconf 86' lang='lat' dir='ltr'><strong>vocabatur,</strong></span> <span class='ocrx_word' id='word_1_252' title='bbox 1118 3118 1197 3170; x_wconf 88' lang='lat' dir='ltr'><strong>nobis</strong></span> 
     </span>
     <span class='ocr_line' id='line_1_30' title="bbox 98 3184 1198 3263; baseline -0.006 -18"><span class='ocrx_word' id='word_1_253' title='bbox 98 3202 187 3245; x_wconf 89' lang='lat' dir='ltr'><strong>autem</strong></span> <span class='ocrx_word' id='word_1_254' title='bbox 205 3196 250 3263; x_wconf 88' lang='lat' dir='ltr'><strong>qui</strong></span> <span class='ocrx_word' id='word_1_255' title='bbox 268 3210 340 3248; x_wconf 86' lang='lat' dir='ltr'><strong>novo</strong></span> <span class='ocrx_word' id='word_1_256' title='bbox 361 3191 464 3245; x_wconf 83' lang='lat' dir='ltr'><strong>foederi</strong></span> <span class='ocrx_word' id='word_1_257' title='bbox 485 3184 602 3241; x_wconf 73' lang='lat' dir='ltr'><strong>adstricti</strong></span> <span class='ocrx_word' id='word_1_258' title='bbox 621 3205 720 3253; x_wconf 90' lang='lat' dir='ltr'><strong>sumus,</strong></span> <span class='ocrx_word' id='word_1_259' title='bbox 739 3198 880 3256; x_wconf 89' lang='lat' dir='ltr'><strong>praeterea</strong></span> <span class='ocrx_word' id='word_1_260' title='bbox 901 3192 979 3243; x_wconf 84' lang='lat' dir='ltr'><strong>etiam</strong></span> <span class='ocrx_word' id='word_1_261' title='bbox 999 3207 1044 3244; x_wconf 85' lang='lat' dir='ltr'><strong>ara</strong></span> <span class='ocrx_word' id='word_1_262' title='bbox 1072 3198 1098 3242; x_wconf 88' lang='lat' dir='ltr'><strong>ct</strong></span> <span class='ocrx_word' id='word_1_263' title='bbox 1111 3204 1198 3258; x_wconf 76' lang='lat' dir='ltr'><strong>peue-</strong></span> 
     </span>
     <span class='ocr_line' id='line_1_31' title="bbox 97 3260 1199 3329; baseline -0.006 -12"><span class='ocrx_word' id='word_1_264' title='bbox 97 3264 167 3317; x_wconf 85' lang='lat' dir='ltr'><strong>trale</strong></span> <span class='ocrx_word' id='word_1_265' title='bbox 187 3274 214 3317; x_wconf 89' lang='lat' dir='ltr'><strong>et</strong></span> <span class='ocrx_word' id='word_1_266' title='bbox 232 3266 392 3318; x_wconf 83' lang='lat' dir='ltr'><strong>clementiae</strong></span> <span class='ocrx_word' id='word_1_267' title='bbox 413 3261 499 3324; x_wconf 87' lang='lat' dir='ltr'><strong>sedes,</strong></span> <span class='ocrx_word' id='word_1_268' title='bbox 520 3267 546 3310; x_wconf 89' lang='lat' dir='ltr'><strong>et</strong></span> <span class='ocrx_word' id='word_1_269' title='bbox 564 3262 641 3329; x_wconf 80' lang='lat' dir='ltr'><strong>signa</strong></span> <span class='ocrx_word' id='word_1_270' title='bbox 666 3262 757 3313; x_wconf 83' lang='lat' dir='ltr'><strong>divina</strong></span> <span class='ocrx_word' id='word_1_271' title='bbox 786 3264 892 3315; x_wconf 81' lang='lat' dir='ltr'><strong>assidue</strong></span> <span class='ocrx_word' id='word_1_272' title='bbox 919 3271 1013 3317; x_wconf 91' lang='lat' dir='ltr'><strong>teneus</strong></span> <span class='ocrx_word' id='word_1_273' title='bbox 1040 3261 1103 3314; x_wconf 90' lang='lat' dir='ltr'><strong>loco</strong></span> <span class='ocrx_word' id='word_1_274' title='bbox 1128 3260 1199 3327; x_wconf 69' lang='lat' dir='ltr'><strong>asyli</strong></span> 
     </span>
     <span class='ocr_line' id='line_1_32' title="bbox 97 3328 1199 3402; baseline -0.004 -13"><span class='ocrx_word' id='word_1_275' title='bbox 97 3338 215 3389; x_wconf 84' lang='lat' dir='ltr'><strong>divinum</strong></span> <span class='ocrx_word' id='word_1_276' title='bbox 239 3338 290 3390; x_wconf 90' lang='lat' dir='ltr'><strong>sibi</strong></span> <span class='ocrx_word' id='word_1_277' title='bbox 315 3331 477 3387; x_wconf 65' lang='lat' dir='ltr'><strong>conciliabat</strong></span> <span class='ocrx_word' id='word_1_278' title='bbox 494 3333 663 3399; x_wconf 83' lang='lat' dir='ltr'><strong>praesidium.</strong></span> <span class='ocrx_word' id='word_1_279' title='bbox 700 3334 748 3385; x_wconf 91' lang='lat' dir='ltr'><strong>scd</strong></span> <span class='ocrx_word' id='word_1_280' title='bbox 767 3335 812 3401; x_wconf 90' lang='lat' dir='ltr'><strong>qui</strong></span> <span class='ocrx_word' id='word_1_281' title='bbox 830 3335 904 3387; x_wconf 89' lang='lat' dir='ltr'><strong>missi</strong></span> <span class='ocrx_word' id='word_1_282' title='bbox 923 3344 1007 3400; x_wconf 88' lang='lat' dir='ltr'><strong>eraut,</strong></span> <span class='ocrx_word' id='word_1_283' title='bbox 1021 3328 1199 3402; x_wconf 77' lang='lat' dir='ltr'><strong>siveproprie</strong></span> 
     </span>
     <span class='ocr_line' id='line_1_33' title="bbox 97 3404 1197 3475; baseline -0.007 -16"><span class='ocrx_word' id='word_1_284' title='bbox 97 3410 234 3475; x_wconf 81' lang='lat' dir='ltr'><strong>impietate</strong></span> <span class='ocrx_word' id='word_1_285' title='bbox 254 3417 281 3459; x_wconf 88' lang='lat' dir='ltr'><strong>et</strong></span> <span class='ocrx_word' id='word_1_286' title='bbox 298 3405 461 3457; x_wconf 91' lang='lat' dir='ltr'><strong>immanitate</strong></span> <span class='ocrx_word' id='word_1_287' title='bbox 478 3404 538 3457; x_wconf 89' lang='lat' dir='ltr'><strong>sive</strong></span> <span class='ocrx_word' id='word_1_288' title='bbox 557 3404 632 3456; x_wconf 91' lang='lat' dir='ltr'><strong>iussu</strong></span> <span class='ocrx_word' id='word_1_289' title='bbox 651 3405 719 3469; x_wconf 88' lang='lat' dir='ltr'><strong>eius,</strong></span> <span class='ocrx_word' id='word_1_290' title='bbox 740 3408 785 3473; x_wconf 91' lang='lat' dir='ltr'><strong>qui</strong></span> <span class='ocrx_word' id='word_1_291' title='bbox 805 3422 851 3459; x_wconf 89' lang='lat' dir='ltr'><strong>eos</strong></span> <span class='ocrx_word' id='word_1_292' title='bbox 870 3408 988 3473; x_wconf 84' lang='lat' dir='ltr'><strong>miserat,</strong></span> <span class='ocrx_word' id='word_1_293' title='bbox 1007 3405 1075 3458; x_wconf 90' lang='lat' dir='ltr'><strong>nihil</strong></span> <span class='ocrx_word' id='word_1_294' title='bbox 1095 3419 1197 3457; x_wconf 85' lang='lat' dir='ltr'><strong>caven.</strong></span> 
     </span>
    </p>

    <p class='ocr_par' dir='ltr' id='par_1_9' title="bbox 70 3474 1198 3831">
     <span class='ocr_line' id='line_1_34' title="bbox 70 3474 1196 3547; baseline -0.006 -16"><span class='ocrx_word' id='word_1_295' title='bbox 70 3497 75 3505; x_wconf 91' lang='lat'><em>·</em></span> <span class='ocrx_word' id='word_1_296' title='bbox 97 3488 139 3531; x_wconf 87' lang='lat' dir='ltr'><strong>tes</strong></span> <span class='ocrx_word' id='word_1_297' title='bbox 156 3495 246 3547; x_wconf 89' lang='lat' dir='ltr'><strong>neque</strong></span> <span class='ocrx_word' id='word_1_298' title='bbox 265 3484 393 3530; x_wconf 85' lang='lat' dir='ltr'><strong>verentes</strong></span> <span class='ocrx_word' id='word_1_299' title='bbox 411 3491 507 3527; x_wconf 84' lang='lat' dir='ltr'><strong>revera</strong></span> <span class='ocrx_word' id='word_1_300' title='bbox 526 3476 645 3527; x_wconf 88' lang='lat' dir='ltr'><strong>divinum</strong></span> <span class='ocrx_word' id='word_1_301' title='bbox 663 3478 806 3529; x_wconf 88' lang='lat' dir='ltr'><strong>tentorium</strong></span> <span class='ocrx_word' id='word_1_302' title='bbox 826 3486 853 3529; x_wconf 91' lang='lat' dir='ltr'><strong>et</strong></span> <span class='ocrx_word' id='word_1_303' title='bbox 872 3474 1030 3531; x_wconf 89' lang='lat' dir='ltr'><strong>coelestium</strong></span> <span class='ocrx_word' id='word_1_304' title='bbox 1043 3476 1196 3543; x_wconf 81' lang='lat' dir='ltr'><strong>imaginem,</strong></span> 
     </span>
     <span class='ocr_line' id='line_1_35' title="bbox 98 3543 1198 3616; baseline -0.005 -13"><span class='ocrx_word' id='word_1_305' title='bbox 98 3551 145 3604; x_wconf 88' lang='lat' dir='ltr'><strong>sed</strong></span> <span class='ocrx_word' id='word_1_306' title='bbox 164 3550 251 3599; x_wconf 89' lang='lat' dir='ltr'><strong>animo</strong></span> <span class='ocrx_word' id='word_1_307' title='bbox 273 3548 340 3600; x_wconf 86' lang='lat' dir='ltr'><strong>ebrii</strong></span> <span class='ocrx_word' id='word_1_308' title='bbox 359 3556 386 3598; x_wconf 87' lang='lat' dir='ltr'><strong>et</strong></span> <span class='ocrx_word' id='word_1_309' title='bbox 403 3547 558 3600; x_wconf 82' lang='lat' dir='ltr'><strong>bacchicam</strong></span> <span class='ocrx_word' id='word_1_310' title='bbox 577 3547 640 3615; x_wconf 87' lang='lat' dir='ltr'><strong>quid</strong></span> <span class='ocrx_word' id='word_1_311' title='bbox 660 3555 687 3598; x_wconf 89' lang='lat' dir='ltr'><strong>et</strong></span> <span class='ocrx_word' id='word_1_312' title='bbox 705 3546 772 3600; x_wconf 83' lang='lat' dir='ltr'><strong>belli</strong></span> <span class='ocrx_word' id='word_1_313' title='bbox 792 3549 909 3601; x_wconf 77' lang='lat' dir='ltr'><strong>furorem</strong></span> <span class='ocrx_word' id='word_1_314' title='bbox 928 3550 1060 3616; x_wconf 84' lang='lat' dir='ltr'><strong>spirantes</strong></span> <span class='ocrx_word' id='word_1_315' title='bbox 1087 3546 1146 3597; x_wconf 83' lang='lat' dir='ltr'><strong>sive</strong></span> <span class='ocrx_word' id='word_1_316' title='bbox 1170 3543 1198 3597; x_wconf 85' lang='lat' dir='ltr'><strong>id</strong></span> 
     </span>
     <span class='ocr_line' id='line_1_36' title="bbox 98 3614 1198 3691; baseline -0.003 -20"><span class='ocrx_word' id='word_1_317' title='bbox 98 3621 170 3689; x_wconf 88' lang='lat' dir='ltr'><strong>quod</strong></span> <span class='ocrx_word' id='word_1_318' title='bbox 188 3620 280 3672; x_wconf 85' lang='lat' dir='ltr'><strong>verius</strong></span> <span class='ocrx_word' id='word_1_319' title='bbox 299 3628 345 3691; x_wconf 79' lang='lat' dir='ltr'><strong>est</strong></span> <span class='ocrx_word' id='word_1_320' title='bbox 357 3620 474 3684; x_wconf 80' lang='lat' dir='ltr'><strong>dictum,</strong></span> <span class='ocrx_word' id='word_1_321' title='bbox 493 3620 674 3686; x_wconf 86' lang='lat' dir='ltr'><strong>imprudenter</strong></span> <span class='ocrx_word' id='word_1_322' title='bbox 694 3620 844 3686; x_wconf 85' lang='lat' dir='ltr'><strong>cogitantes</strong></span> <span class='ocrx_word' id='word_1_323' title='bbox 863 3622 890 3671; x_wconf 87' lang='lat' dir='ltr'><strong>iu</strong></span> <span class='ocrx_word' id='word_1_324' title='bbox 915 3621 998 3685; x_wconf 90' lang='lat' dir='ltr'><strong>ipsam</strong></span> <span class='ocrx_word' id='word_1_325' title='bbox 1022 3617 1069 3669; x_wconf 87' lang='lat' dir='ltr'><strong>vel</strong></span> <span class='ocrx_word' id='word_1_326' title='bbox 1094 3614 1198 3682; x_wconf 80' lang='lat' dir='ltr'><strong>angelis</strong></span> 
     </span>
     <span class='ocr_line' id='line_1_37' title="bbox 99 3690 1198 3746; baseline -0.007 -1"><span class='ocrx_word' id='word_1_327' title='bbox 99 3690 284 3745; x_wconf 77' lang='lat' dir='ltr'><strong>venerabilem</strong></span> <span class='ocrx_word' id='word_1_328' title='bbox 301 3707 376 3743; x_wconf 92' lang='lat' dir='ltr'><strong>more</strong></span> <span class='ocrx_word' id='word_1_329' title='bbox 396 3690 588 3746; x_wconf 85' lang='lat' dir='ltr'><strong>homicidarum</strong></span> <span class='ocrx_word' id='word_1_330' title='bbox 607 3691 711 3741; x_wconf 89' lang='lat' dir='ltr'><strong>irruunt</strong></span> <span class='ocrx_word' id='word_1_331' title='bbox 730 3690 890 3742; x_wconf 86' lang='lat' dir='ltr'><strong>clementiae</strong></span> <span class='ocrx_word' id='word_1_332' title='bbox 909 3690 999 3742; x_wconf 89' lang='lat' dir='ltr'><strong>sedem</strong></span> <span class='ocrx_word' id='word_1_333' title='bbox 1028 3693 1054 3737; x_wconf 91' lang='lat' dir='ltr'><strong>et</strong></span> <span class='ocrx_word' id='word_1_334' title='bbox 1072 3701 1198 3739; x_wconf 88' lang='lat' dir='ltr'><strong>summum</strong></span> 
     </span>
     <span class='ocr_line' id='line_1_38' title="bbox 98 3761 1198 3831; baseline -0.005 -16"><span class='ocrx_word' id='word_1_335' title='bbox 98 3762 252 3831; x_wconf 85' lang='lat' dir='ltr'><strong>pontificem</strong></span> <span class='ocrx_word' id='word_1_336' title='bbox 271 3761 368 3831; x_wconf 80' lang='lat' dir='ltr'><strong>gladiis</strong></span> <span class='ocrx_word' id='word_1_337' title='bbox 385 3763 507 3814; x_wconf 88' lang='lat' dir='ltr'><strong>instructi</strong></span> <span class='ocrx_word' id='word_1_338' title='bbox 526 3763 632 3829; x_wconf 86' lang='lat' dir='ltr'><strong>rapiunt</strong></span> <span class='ocrx_word' id='word_1_339' title='bbox 651 3770 678 3811; x_wconf 91' lang='lat' dir='ltr'><strong>et</strong></span> <span class='ocrx_word' id='word_1_340' title='bbox 694 3762 753 3829; x_wconf 85' lang='lat' dir='ltr'><strong>regi</strong></span> <span class='ocrx_word' id='word_1_341' title='bbox 773 3764 945 3814; x_wconf 84' lang='lat' dir='ltr'><strong>constituunt.</strong></span> <span class='ocrx_word' id='word_1_342' title='bbox 984 3762 1007 3813; x_wconf 89' lang='lat' dir='ltr'><strong>is</strong></span> <span class='ocrx_word' id='word_1_343' title='bbox 1027 3764 1113 3811; x_wconf 87' lang='lat' dir='ltr'><strong>autern</strong></span> <span class='ocrx_word' id='word_1_344' title='bbox 1134 3774 1198 3811; x_wconf 82' lang='lat' dir='ltr'><strong>cru.-</strong></span> 
     </span>
    </p>

    <p class='ocr_par' dir='ltr' id='par_1_10' title="bbox 74 3831 1199 4102">
     <span class='ocr_line' id='line_1_39' title="bbox 74 3831 1197 3897; baseline -0.006 -9"><span class='ocrx_word' id='word_1_345' title='bbox 74 3853 78 3862; x_wconf 92' lang='lat'>·</span> <span class='ocrx_word' id='word_1_346' title='bbox 98 3834 160 3888; x_wconf 89' lang='lat' dir='ltr'><strong>dele</strong></span> <span class='ocrx_word' id='word_1_347' title='bbox 179 3833 247 3885; x_wconf 88' lang='lat' dir='ltr'><strong>nihil</strong></span> <span class='ocrx_word' id='word_1_348' title='bbox 266 3835 294 3886; x_wconf 89' lang='lat' dir='ltr'><strong>iu</strong></span> <span class='ocrx_word' id='word_1_349' title='bbox 314 3851 373 3885; x_wconf 89' lang='lat' dir='ltr'><strong>eum</strong></span> <span class='ocrx_word' id='word_1_350' title='bbox 393 3834 533 3897; x_wconf 86' lang='lat' dir='ltr'><strong>commisit,</strong></span> <span class='ocrx_word' id='word_1_351' title='bbox 554 3833 704 3884; x_wconf 88' lang='lat' dir='ltr'><strong>libertatem</strong></span> <span class='ocrx_word' id='word_1_352' title='bbox 725 3833 829 3884; x_wconf 88' lang='lat' dir='ltr'><strong>dicendi</strong></span> <span class='ocrx_word' id='word_1_353' title='bbox 848 3835 875 3883; x_wconf 91' lang='lat' dir='ltr'><strong>in</strong></span> <span class='ocrx_word' id='word_1_354' title='bbox 894 3834 952 3885; x_wconf 83' lang='lat' dir='ltr'><strong>viro</strong></span> <span class='ocrx_word' id='word_1_355' title='bbox 974 3831 1076 3883; x_wconf 87' lang='lat' dir='ltr'><strong>veritus</strong></span> <span class='ocrx_word' id='word_1_356' title='bbox 1098 3837 1197 3881; x_wconf 89' lang='lat' dir='ltr'><strong>etora-</strong></span> 
     </span>
     <span class='ocr_line' id='line_1_40' title="bbox 100 3898 1198 3974; baseline -0.008 -17"><span class='ocrx_word' id='word_1_357' title='bbox 100 3908 202 3957; x_wconf 89' lang='lat' dir='ltr'><strong>tionum</strong></span> <span class='ocrx_word' id='word_1_358' title='bbox 223 3904 345 3974; x_wconf 84' lang='lat' dir='ltr'><strong>gloriam,</strong></span> <span class='ocrx_word' id='word_1_359' title='bbox 366 3913 393 3957; x_wconf 92' lang='lat' dir='ltr'><strong>et</strong></span> <span class='ocrx_word' id='word_1_360' title='bbox 410 3906 501 3958; x_wconf 83' lang='lat' dir='ltr'><strong>diviua</strong></span> <span class='ocrx_word' id='word_1_361' title='bbox 521 3904 624 3955; x_wconf 88' lang='lat' dir='ltr'><strong>ultione</strong></span> <span class='ocrx_word' id='word_1_362' title='bbox 644 3912 671 3954; x_wconf 92' lang='lat' dir='ltr'><strong>et</strong></span> <span class='ocrx_word' id='word_1_363' title='bbox 690 3904 761 3971; x_wconf 90' lang='lat' dir='ltr'><strong>quod</strong></span> <span class='ocrx_word' id='word_1_364' title='bbox 780 3903 812 3954; x_wconf 90' lang='lat' dir='ltr'><strong>ab</strong></span> <span class='ocrx_word' id='word_1_365' title='bbox 831 3919 877 3955; x_wconf 84' lang='lat' dir='ltr'><strong>ara</strong></span> <span class='ocrx_word' id='word_1_366' title='bbox 894 3905 1026 3957; x_wconf 84' lang='lat' dir='ltr'><strong>detractus</strong></span> <span class='ocrx_word' id='word_1_367' title='bbox 1052 3908 1127 3964; x_wconf 88' lang='lat' dir='ltr'><strong>crat,</strong></span> <span class='ocrx_word' id='word_1_368' title='bbox 1147 3898 1198 3951; x_wconf 87' lang='lat' dir='ltr'><strong>ob.</strong></span> 
     </span>
     <span class='ocr_line' id='line_1_41' title="bbox 98 3970 1199 4044; baseline -0.008 -14"><span class='ocrx_word' id='word_1_369' title='bbox 98 3977 272 4044; x_wconf 76' lang='lat' dir='ltr'><strong>stupefactus.</strong></span> <span class='ocrx_word' id='word_1_370' title='bbox 312 3976 401 4028; x_wconf 85' lang='lat' dir='ltr'><strong>odium</strong></span> <span class='ocrx_word' id='word_1_371' title='bbox 420 3984 507 4028; x_wconf 90' lang='lat' dir='ltr'><strong>autem</strong></span> <span class='ocrx_word' id='word_1_372' title='bbox 526 3976 640 4027; x_wconf 86' lang='lat' dir='ltr'><strong>iniuriae</strong></span> <span class='ocrx_word' id='word_1_373' title='bbox 660 3982 687 4026; x_wconf 91' lang='lat' dir='ltr'><strong>et</strong></span> <span class='ocrx_word' id='word_1_374' title='bbox 705 3974 867 4027; x_wconf 87' lang='lat' dir='ltr'><strong>insolentiae</strong></span> <span class='ocrx_word' id='word_1_375' title='bbox 886 3977 995 4030; x_wconf 91' lang='lat' dir='ltr'><strong>sortitus</strong></span> <span class='ocrx_word' id='word_1_376' title='bbox 1016 3981 1057 4027; x_wconf 90' lang='lat' dir='ltr'><strong>est</strong></span> <span class='ocrx_word' id='word_1_377' title='bbox 1075 3972 1107 4024; x_wconf 86' lang='lat' dir='ltr'><strong>ab</strong></span> <span class='ocrx_word' id='word_1_378' title='bbox 1127 3970 1199 4023; x_wconf 85' lang='lat' dir='ltr'><strong>omni</strong></span> 
     </span>
     <span class='ocr_line' id='line_1_42' title="bbox 99 4030 535 4102; baseline -0.007 0"><span class='ocrx_word' id='word_1_379' title='bbox 99 4056 186 4102; x_wconf 88' lang='lat' dir='ltr'><strong>aetate</strong></span> <span class='ocrx_word' id='word_1_380' title='bbox 206 4056 234 4101; x_wconf 87' lang='lat' dir='ltr'><strong>et</strong></span> <span class='ocrx_word' id='word_1_381' title='bbox 251 4048 358 4101; x_wconf 84' lang='lat' dir='ltr'><strong>fortuna</strong></span> <span class='ocrx_word' id='word_1_382' title='bbox 369 4055 406 4099; x_wconf 73' lang='lat' dir='ltr'><strong>‘et</strong></span> <span class='ocrx_word' id='word_1_383' title='bbox 421 4030 535 4101; x_wconf 59' lang='lat' dir='ltr'><strong>natura?</strong></span> 
     </span>
    </p>
   </div>
   <div class='ocr_carea' id='block_1_5' title="bbox 196 4140 1198 4240">
    <p class='ocr_par' dir='ltr' id='par_1_11' title="bbox 196 4140 1198 4240">
     <span class='ocr_line' id='line_1_43' title="bbox 196 4140 1198 4240; baseline -0.008 -38"><span class='ocrx_word' id='word_1_384' title='bbox 196 4146 285 4240; x_wconf 65' lang='grc' dir='ltr'><strong><em>λιστα</em></strong></span> <span class='ocrx_word' id='word_1_385' title='bbox 306 4146 438 4216; x_wconf 85' lang='lat' dir='ltr'><strong>quomodo</strong></span> <span class='ocrx_word' id='word_1_386' title='bbox 456 4146 538 4204; x_wconf 81' lang='lat' dir='ltr'><strong>duces</strong></span> <span class='ocrx_word' id='word_1_387' title='bbox 556 4152 667 4215; x_wconf 86' lang='lat' dir='ltr'><strong>propter</strong></span> <span class='ocrx_word' id='word_1_388' title='bbox 685 4143 741 4199; x_wconf 82' lang='lat' dir='ltr'><strong>tale</strong></span> <span class='ocrx_word' id='word_1_389' title='bbox 760 4144 848 4200; x_wconf 85' lang='lat' dir='ltr'><strong>odium</strong></span> <span class='ocrx_word' id='word_1_390' title='bbox 867 4158 968 4215; x_wconf 84' lang='lat' dir='ltr'><strong>poenas</strong></span> <span class='ocrx_word' id='word_1_391' title='bbox 986 4156 1041 4199; x_wconf 84' lang='lat' dir='ltr'><strong>nou</strong></span> <span class='ocrx_word' id='word_1_392' title='bbox 1068 4140 1113 4196; x_wconf 84' lang='lat' dir='ltr'><strong>diu</strong></span> <span class='ocrx_word' id='word_1_393' title='bbox 1136 4146 1198 4210; x_wconf 82' lang='lat' dir='ltr'><strong>post</strong></span> 
     </span>
    </p>
   </div>
   <div class='ocr_carea' id='block_1_6' title="bbox 0 0 1450 4734">
    <p class='ocr_par' dir='ltr' id='par_1_12' title="bbox 0 0 1450 4734">
     <span class='ocr_line' id='line_1_44' title="bbox 0 0 1450 4734; baseline 0 0"><span class='ocrx_word' id='word_1_394' title='bbox 0 0 1450 4734; x_wconf 95' lang='lat' dir='ltr'><strong> </strong></span> 
     </span>
    </p>
   </div>
  </div>
 </body>
</html>
