2875 4734
571 236 783 308 maioma
1146 231 1223 311 tta

119 398 158 462 δὲ
178 395 252 474 τούς
280 394 466 482 ὁμοφύλους
485 395 755 481 ίαιγαυροόμενος
774 398 936 483 ἀκρατῶς,
969 396 1023 465 καί
1044 401 1221 479 πολυειδεῖς

120 497 309 581 ἀπαιτήσεις
339 498 395 562 καί
424 502 579 581 τιμωρίας
611 494 852 578 κατασκεδάζων
877 501 1004 581 ου’τοῖν,
1027 502 1221 581 καὶμᾶλλον

118 598 193 673 τούς
216 603 323 676 ξένους
353 603 480 679 ξεσμοῖς
503 598 712 681 δποβάλλων,
732 601 771 663 ἵν’
794 602 828 663 ἐκ
850 603 913 666 τῶν
935 596 1092 681 σωμάτων
1116 597 1223 668 birds

122 700 185 781 οοίχ
208 696 351 780 αἱμάτων
375 700 458 763 α’λλά
477 697 649 784 χρημάτων
675 700 869 789 α’νερευνήσῃ
889 704 1000 786 πηγάς.

88 808 107 859 5
188 836 190 844 =
214 795 251 864 ‘0
270 800 306 865 δὲ
320 800 531 885 Βοτανειάτής
552 802 591 863 ον’
592 826 615 884 χ
639 794 750 882 οότως,
774 796 855 867 ἄλλα
879 800 955 883 τοδς
975 802 1021 877 τίς
1043 798 1225 869 αότὸυτίσ-

118 906 251 985 ρέοντας
273 895 419 986 ξένουςή
439 895 574 966 άλλοθίν
594 906 692 965 ποθεν
707 903 796 989 crispi
817 907 1096 987 παρεμπίπτοντας
1109 900 1226 983 ου’-μό-

119 1023 173 1064 νον
196 998 414 1085 ἀτιμωρήτους
433 1000 489 1065 ιιαί
508 1003 640 1086 οίναφεΐς
656 1005 905 1083 ιιατελίμπσνεν,
930 1001 1011 1067 οίλλά
1033 1003 1089 1067 καί
1107 1002 1223 1087 δοίροις

118 1103 214 1183 ε’τίμα
227 1102 282 1164 καί
301 1106 460 1182 μεγίστοις
482 1096 714 1186 περιλάμπροις
735 1110 800 1177 τοῖς
818 1100 987 1184 ἀξιώμασι,
1009 1104 1063 1169 καί
1083 1100 1225 1186 σιτήσεις

86 1267 91 1274 ,
119 1201 268 1284 ἐχορήγει
302 1198 360 1284 τήν
388 1202 502 1326 χρείαν
530 1204 564 1265 εἰι
586 1205 705 1264 πολλοῦ
735 1204 790 1266 τοῦ
815 1203 977 1285 περιόντος
1003 1202 1140 1277 νικάσας
1160 1202 1224 1265 ου’-

70 1304 193 1373 toreis
238 1294 313 1365 ὅθεν
342 1304 396 1367 καί
417 1301 434 1366 δ
458 1299 596 1380 δικάζων
620 1299 802 1377 άδεκόστως
833 1300 908 1379 θεός
942 1300 1048 1379 δεξιάν
1076 1299 1134 1386 τήν
1155 1305 1223 1387 ψή-

120 1424 183 1486 φον
204 1403 277 1515 τήν,
270 1404 379 1479 δεξιάς
406 1404 572 1489 χρωμένῳ
594 1411 681 1478 τοῖς
679 1403 871 1485 mptiyunosu
899 1401 1126 1485 ίπεβράβτυστ.
1169 1404 1225 1467 καί

73 1560 77 1563 .
120 1495 219 1583 ὅπως,
243 1470 349 1586 ήδηι
329 1504 456 1617 ρήτίον.

218 1600 267 1665 Ἐν
284 1598 439 1679 τοιούτοις
460 1607 524 1669 suiv
547 1605 739 1687 πραγμάτων
762 1604 1024 1690 άμφιδοξοόντων
1045 1602 1143 1684 ἔξεισι
1168 1604 1223 1689 τῆς

120 1704 206 1777 ἰδίας
227 1701 347 1779 πόλεως
369 1702 384 1767 ὅ
410 1704 640 1789 Βοτανειάτης,
667 1708 724 1788 τῆς
746 1703 825 1787 πρός
845 1703 903 1789 τήν
928 1708 1080 1787 βασιλίδα
1102 1702 1226 1791 φεροί-

73 1811 179 1885 ibone
204 1806 272 1884 μετ’
301 1801 462 1885 εὐψυχίας
495 1799 682 1886 ἁπτόμενος.
736 1804 792 1868 δίο
821 1809 855 1868 δὲ
885 1810 948 1869 τῶν
975 1802 1225 1889 ὑποστρατήγων

121 1905 234 1984 ου’τοά,
257 1902 367 1987 κράτος
377 1903 464 1987 ἔχειν
481 1905 651 1986 πολεμικόν
667 1909 723 1970 καί
745 1909 865 1989 πλῆθος
883 1904 1111 1989 στρατιωτικόν
1131 1910 1313 1990 dms-1325
1324 1940 1348 1979 r.

121 2005 297 2085 δυόμεναι,
332 2002 389 2088 τήν
412 2004 616 2091 ὑποχώρησιν
640 2003 779 2088 ἔκλεψαν
808 2004 863 2070 καί
891 2006 1073 2085 λιποταξίου
1096 2002 1224 2092 γραφήν

121 2106 359 2187 α’πήνὲγιιαντο,
384 2110 603 2188 πανταχόθεν.
620 2101 747 2172 άπιστοι
775 2110 831 2170 καί
857 2106 1027 2189 α’χάριστοι
1049 2108 1104 2170 καί
1123 2106 1224 2189 όγιω·
1293 2143 1298 2152 s

121 2203 262 2286 μοσύνης
285 2210 435 2290 φανέντες
459 2206 645 2285 ἀνάμεστον·
698 2214 739 2270 ου’
759 2207 820 2291 γάρ
841 2208 991 2294 ιήήδήσαν
1021 2202 1051 2270 οἱ
1072 2206 1225 2270 κακοδαί-

72 2310 215 2386 2ομονες
237 2305 306 2368 οὐδ’
335 2310 381 2381 εἰς
405 2309 478 2370 νοῦν
510 2304 625 2387 ἔβαλον
646 2305 679 2371 τί
705 2308 762 2390 τής
783 2311 954 2391 θεηγορίας
975 2302 1157 2391 διάταγμα,
1181 2304 1253 2380 uic·

113 2407 160 2468 ὀδ
180 2404 317 2483 σώζεται
340 2407 490 2487 βασιλεὺς
514 2407 567 2471 διά
585 2405 704 2491 πολλήν
726 2408 881 2488 δύναμιν·
931 2407 1011 2473 etto
1037 2407 1224 2471 δειλιάσαν-

121 2529 173 2580 τες
194 2505 274 2589 πρὸς
297 2505 356 2582 τοὶς
388 2512 452 2574 τάν
478 2507 628 2591 Τοόραων
655 2510 864 2592 παρατάξεις,
897 2506 934 2573 ui
959 2508 1002 2597 τῷ
1022 2500 1221 2594 Βοτανειότῃ

121 2603 323 2691 ἐφήδρευον,
344 2606 399 2691 τήν
434 2609 514 2693 πρὸς
537 2606 635 2675 αότόν
657 2607 792 2694 στοργήν
820 2606 1017 2693 ἐξωμόσαντο
1039 2610 1094 2675 καί
1113 2630 1223 2693 πειρα-

192 2782 218 2835 8.
236 2799 300 2857 μεγ.
321 2788 370 2840 καί
387 2784 503 2858 nepem

122 2930 281 2998 superbiens
299 2932 460 2999 impotenter
471 2942 498 2985 et
509 2933 597 2986 varias
616 2933 812 2999 postulationes
832 2914 858 2983 et
875 2946 979 2998 poenas
997 2932 1112 2991 fundens
1130 2945 1223 3016 ροτοιτι
1279 2986 1289 3003 ‚

122 3005 261 3071 magisque
278 3005 437 3073 peregrinos
457 3020 557 3057 exuens
576 3012 605 3055 ut
624 3018 658 3053 er
675 3002 833 3067 corporibus
853 3003 1159 3070 eorumnonsangninis
1173 3004 1222 3058 sed

123 3076 254 3142 pecuniae
272 3076 411 3144 indagaret
422 3078 520 3127 fontes.

222 3172 275 3226 Sed
291 3174 445 3225 Bateniates
464 3185 518 3220 non
545 3170 599 3220 ita·
619 3170 667 3223 sed
688 3184 751 3233 eos,
779 3170 824 3239 qni
843 3171 874 3222 ad
894 3186 953 3221 enm
974 3168 1118 3223 affluebant
1140 3185 1223 3237 pere-

124 3244 205 3312 grini,
225 3243 271 3296 vel
290 3243 424 3295 aliunde
417 3258 445 3292 ιιι
465 3257 524 3293 enm
542 3241 704 3303 incidebant,
723 3257 777 3293 non
796 3242 882 3293 solum
902 3241 1050 3295 incolumes
1073 3250 1098 3295 et
1109 3242 1223 3295 intactos
1275 3289 1277 3293 .

127 3315 310 3384 relinquebat,
330 3314 376 3366 sed
396 3314 474 3365 etiam
493 3313 570 3365 donis
589 3313 738 3364 honorabat
759 3321 785 3365 et
803 3314 923 3367 maximis
944 3322 970 3365 et
988 3314 1137 3367 illustribus
1161 3314 1223 3383 dig-

124 3387 263 3459 nitatibus,
284 3394 310 3436 et
328 3384 455 3435 alimenta
472 3383 619 3452 praebebat
638 3393 784 3453 egestatem
804 3401 895 3437 eorum
912 3385 995 3453 longe
1019 3386 1181 3453 superantia

225 3481 400 3545 Quamobrem
421 3483 499 3533 etiam
518 3482 638 3533 indicans
657 3482 813 3549 incorrupte
831 3483 896 3535 deus
923 3483 1043 3534 dextrum
1069 3481 1223 3547 suffragium

124 3555 218 3623 dextre
237 3567 286 3603 uso
306 3552 385 3604 rebus
405 3553 505 3617 tribuit,
524 3561 614 3620 atque,
634 3561 662 3603 nt
681 3554 732 3605 iam
748 3555 846 3605 dictum
867 3562 922 3617 est,
942 3556 969 3605 in
988 3559 1061 3603 tanta
1079 3553 1222 3603 incertitu-

124 3625 186 3677 dine
206 3622 285 3675 rebus
307 3625 475 3677 versantibus
496 3625 632 3692 egreditur
653 3640 702 3676 suu
719 3625 785 3675 urbe
805 3626 971 3687 Botaniates,
989 3624 1060 3675 uiam
1080 3623 1112 3674 ad
1130 3623 1241 3676 urbemi

125 3698 256 3747 ferentem
274 3695 343 3746 bono
363 3698 450 3747 animo
470 3705 573 3747 tenens.
611 3698 662 3747 dno
682 3704 770 3746 autem
799 3696 969 3747 centuriones
995 3694 1052 3745 eins
1077 3696 1223 3771 potentiam

122 3766 250 3819 bellicam
269 3774 296 3817 et
313 3768 508 3819 multitudinem
527 3767 667 3819 militarem
686 3782 717 3819 se
736 3766 836 3818 habere
848 3766 995 3835 gloriantes
1014 3764 1082 3816 clam
1098 3781 1223 3819 recessa.

123 3846 186 3891 runt
204 3846 231 3888 et
249 3839 317 3889 aciei
336 3839 447 3889 relictae
470 3855 575 3890 causam
594 3846 773 3905 reportarunt,
793 3838 892 3905 ubique
918 3836 991 3890 infidi
1018 3845 1045 3888 et
1069 3838 1167 3907 ingrati
1195 3844 1223 3888 et
1246 3832 1250 3842 ‘

124 3910 263 3979 pravitatis
289 3895 447 3977 apparentes
467 3910 558 3975 pleni:
576 3926 665 3993 neque
686 3910 755 3960 enirn
773 3917 899 3975 putarunt
916 3909 1025 3961 infausti
1044 3923 1133 3977 neque
1160 3906 1221 3959 ani.

124 3982 324 4035 madverterunt
342 3982 449 4033 divinae
470 3983 597 4033 orationis
624 3982 887 4046 determinationem,
916 3996 969 4033 non
997 3981 1100 4033 servari
1128 3992 1220 4045 regem

126 4062 235 4120 propter
254 4051 363 4103 multam
381 4054 545 4119 potentiam.
566 4053 611 4106 sed
630 4051 716 4104 timidi
734 4053 861 4106 adversus
881 4052 1021 4107 lurcarum
1042 4050 1158 4113 ordines,
1175 4049 1221 4131 qui
1290 4075 1296 4085 ·

90 4120 100 4124 ”
126 4124 283 4180 Botauiatae
296 4123 497 4192 insidiabantur,
518 4126 575 4182 eius
589 4140 705 4179 amorem
726 4124 897 4181 eiuraveruut
916 4134 942 4179 et
959 4121 1127 4203 proditores
1120 4116 1222 4180 rmum-
