<?xml version="1.0" encoding="UTF-8"?>
<!DOCTYPE html PUBLIC "-//W3C//DTD XHTML 1.0 Transitional//EN"
    "http://www.w3.org/TR/xhtml1/DTD/xhtml1-transitional.dtd">
<html xmlns="http://www.w3.org/1999/xhtml" xml:lang="en" lang="en">
 <head>
  <title>
</title>
<meta http-equiv="Content-Type" content="text/html;charset=utf-8" />
  <meta name='ocr-system' content='tesseract 3.04.00' />
  <meta name='ocr-capabilities' content='ocr_page ocr_carea ocr_par ocr_line ocrx_word'/>
</head>
<body>
  <div class='ocr_page' id='page_1' title='image "./corpusscriptoru05theogoog/corpusscriptoru05theogoog_0236.png"; bbox 0 0 2875 4734; ppageno 0'>
   <div class='ocr_carea' id='block_1_1' title="bbox 167 230 1033 380">
    <p class='ocr_par' dir='ltr' id='par_1_1' title="bbox 167 230 1033 380">
     <span class='ocr_line' id='line_1_1' title="bbox 167 230 1033 380; baseline -0.01 -14"><span class='ocrx_word' id='word_1_1' title='bbox 167 260 172 270; x_wconf 82' lang='grc'><em>’</em></span> <span class='ocrx_word' id='word_1_2' title='bbox 217 230 306 374; x_wconf 76' lang='lat' dir='ltr'>ros</span> <span class='ocrx_word' id='word_1_3' title='bbox 373 375 375 380; x_wconf 82' lang='lat'><em>.</em></span> <span class='ocrx_word' id='word_1_4' title='bbox 438 256 442 263; x_wconf 68' lang='grc'><strong>’</strong></span> <span class='ocrx_word' id='word_1_5' title='bbox 523 280 742 365; x_wconf 77' lang='lat' dir='ltr'>arcelaum</span> <span class='ocrx_word' id='word_1_6' title='bbox 771 286 1033 362; x_wconf 74' lang='lat' dir='ltr'>amotionis</span> 
     </span>
    </p>
   </div>
   <div class='ocr_carea' id='block_1_2' title="bbox 148 458 1403 2665">
    <p class='ocr_par' dir='ltr' id='par_1_2' title="bbox 209 458 1330 651">
     <span class='ocr_line' id='line_1_2' title="bbox 209 458 1319 555; baseline -0.014 -14"><span class='ocrx_word' id='word_1_7' title='bbox 209 500 269 541; x_wconf 86' lang='grc' dir='ltr'>ται</span> <span class='ocrx_word' id='word_1_8' title='bbox 290 470 401 555; x_wconf 90' lang='grc' dir='ltr'><strong><em>τύχας.</em></strong></span> <span class='ocrx_word' id='word_1_9' title='bbox 449 473 622 553; x_wconf 77' lang='grc' dir='ltr'><strong><em>’περιέσχον</em></strong></span> <span class='ocrx_word' id='word_1_10' title='bbox 655 462 719 549; x_wconf 78' lang='grc' dir='ltr'>μάρ</span> <span class='ocrx_word' id='word_1_11' title='bbox 746 460 829 549; x_wconf 74' lang='grc' dir='ltr'><strong><em>ἡμᾶς</em></strong></span> <span class='ocrx_word' id='word_1_12' title='bbox 856 462 966 536; x_wconf 80' lang='grc' dir='ltr'><strong><em>ῶάίνες</em></strong></span> <span class='ocrx_word' id='word_1_13' title='bbox 1000 462 1155 539; x_wconf 89' lang='grc' dir='ltr'><strong><em>θανάτου,</em></strong></span> <span class='ocrx_word' id='word_1_14' title='bbox 1179 458 1260 525; x_wconf 87' lang='grc' dir='ltr'><strong><em>κατά</em></strong></span> <span class='ocrx_word' id='word_1_15' title='bbox 1284 482 1319 525; x_wconf 83' lang='grc' dir='ltr'>τε</span> 
     </span>
     <span class='ocr_line' id='line_1_3' title="bbox 213 560 1330 651; baseline -0.014 -10"><span class='ocrx_word' id='word_1_16' title='bbox 213 578 319 641; x_wconf 80' lang='grc' dir='ltr'><strong><em>πᾶσαν</em></strong></span> <span class='ocrx_word' id='word_1_17' title='bbox 340 568 426 637; x_wconf 76' lang='grc' dir='ltr'><strong><em>ἓῶαν</em></strong></span> <span class='ocrx_word' id='word_1_18' title='bbox 447 570 501 634; x_wconf 85' lang='grc' dir='ltr'><strong><em>καί</em></strong></span> <span class='ocrx_word' id='word_1_19' title='bbox 516 566 576 651; x_wconf 77' lang='grc' dir='ltr'>’τήν</span> <span class='ocrx_word' id='word_1_20' title='bbox 597 560 736 648; x_wconf 67' lang='grc' dir='ltr'><strong><em>ἑσπέραν</em></strong></span> <span class='ocrx_word' id='word_1_21' title='bbox 765 566 828 629; x_wconf 89' lang='grc' dir='ltr'><strong><em>τῶν</em></strong></span> <span class='ocrx_word' id='word_1_22' title='bbox 849 566 881 627; x_wconf 93' lang='grc' dir='ltr'>Γ</span> <span class='ocrx_word' id='word_1_23' title='bbox 879 564 1014 627; x_wconf 84' lang='grc' dir='ltr'><strong><em>οτθωιῶν</em></strong></span> <span class='ocrx_word' id='word_1_24' title='bbox 1036 560 1091 625; x_wconf 84' lang='grc' dir='ltr'><strong><em>ναί</em></strong></span> <span class='ocrx_word' id='word_1_25' title='bbox 1111 563 1330 646; x_wconf 63' lang='grc' dir='ltr'><strong><em>μιαρωτάτων</em></strong></span> 
     </span>
    </p>

    <p class='ocr_par' dir='ltr' id='par_1_3' title="bbox 173 662 1384 1260">
     <span class='ocr_line' id='line_1_4' title="bbox 173 662 1318 760; baseline -0.017 -17"><span class='ocrx_word' id='word_1_26' title='bbox 173 708 176 712; x_wconf 91' lang='lat'>·</span> <span class='ocrx_word' id='word_1_27' title='bbox 206 674 488 760; x_wconf 60' lang='grc' dir='ltr'><strong><em>ἐπικρατησάντων</em></strong></span> <span class='ocrx_word' id='word_1_28' title='bbox 515 672 627 752; x_wconf 76' lang='grc' dir='ltr'><strong><em>ἐθνῶν,</em></strong></span> <span class='ocrx_word' id='word_1_29' title='bbox 648 672 703 732; x_wconf 85' lang='grc' dir='ltr'><strong><em>καί</em></strong></span> <span class='ocrx_word' id='word_1_30' title='bbox 724 664 1033 750; x_wconf 77' lang='grc' dir='ltr'><strong><em>κατατρυφησάντων</em></strong></span> <span class='ocrx_word' id='word_1_31' title='bbox 1053 666 1108 746; x_wconf 82' lang='grc' dir='ltr'>τῆς</span> <span class='ocrx_word' id='word_1_32' title='bbox 1129 663 1218 746; x_wconf 74' lang='grc' dir='ltr'><strong><em>ἡμῶν</em></strong></span> <span class='ocrx_word' id='word_1_33' title='bbox 1239 662 1318 745; x_wconf 84' lang='grc' dir='ltr'><strong><em>εύη-</em></strong></span> 
     </span>
     <span class='ocr_line' id='line_1_5' title="bbox 212 765 1318 860; baseline -0.015 -17"><span class='ocrx_word' id='word_1_34' title='bbox 212 778 305 851; x_wconf 83' lang='grc' dir='ltr'><strong><em>θείας</em></strong></span> <span class='ocrx_word' id='word_1_35' title='bbox 334 768 354 860; x_wconf 71' lang='grc' dir='ltr'><em>ἢ</em></span> <span class='ocrx_word' id='word_1_36' title='bbox 375 777 544 855; x_wconf 74' lang='grc' dir='ltr'><strong><em>ἀμελείας,</em></strong></span> <span class='ocrx_word' id='word_1_37' title='bbox 558 767 590 859; x_wconf 79' lang='grc' dir='ltr'><em>ἢ</em></span> <span class='ocrx_word' id='word_1_38' title='bbox 610 773 647 835; x_wconf 88' lang='grc' dir='ltr'><strong><em>τύ</em></strong></span> <span class='ocrx_word' id='word_1_39' title='bbox 670 793 705 852; x_wconf 83' lang='grc' dir='ltr'><strong><em>γε</em></strong></span> <span class='ocrx_word' id='word_1_40' title='bbox 735 770 943 852; x_wconf 76' lang='grc' dir='ltr'><strong><em>ἀληθέστερον</em></strong></span> <span class='ocrx_word' id='word_1_41' title='bbox 968 768 1089 845; x_wconf 80' lang='grc' dir='ltr'><strong><em>εἰπεῖν,</em></strong></span> <span class='ocrx_word' id='word_1_42' title='bbox 1108 765 1318 847; x_wconf 75' lang='grc' dir='ltr'><strong><em>θεοβλαβείας</em></strong></span> 
     </span>
     <span class='ocr_line' id='line_1_6' title="bbox 214 862 1344 959; baseline -0.016 -15"><span class='ocrx_word' id='word_1_43' title='bbox 214 874 270 945; x_wconf 80' lang='grc' dir='ltr'><strong><em>καί</em></strong></span> <span class='ocrx_word' id='word_1_44' title='bbox 288 880 420 959; x_wconf 85' lang='grc' dir='ltr'><strong><em>μανίαις,</em></strong></span> <span class='ocrx_word' id='word_1_45' title='bbox 447 868 498 939; x_wconf 80' lang='grc' dir='ltr'><strong><em>ὅτι</em></strong></span> <span class='ocrx_word' id='word_1_46' title='bbox 531 875 597 937; x_wconf 83' lang='grc' dir='ltr'><strong><em>κατ’</em></strong></span> <span class='ocrx_word' id='word_1_47' title='bbox 624 872 768 955; x_wconf 74' lang='grc' dir='ltr'><strong><em>ἀλλήλων</em></strong></span> <span class='ocrx_word' id='word_1_48' title='bbox 797 870 966 942; x_wconf 73' lang='grc' dir='ltr'><strong><em>λυττῶντες</em></strong></span> <span class='ocrx_word' id='word_1_49' title='bbox 995 866 1049 929; x_wconf 82' lang='grc' dir='ltr'><strong><em>καί</em></strong></span> <span class='ocrx_word' id='word_1_50' title='bbox 1077 862 1224 949; x_wconf 85' lang='grc' dir='ltr'><strong><em>ἀκρατῶς</em></strong></span> <span class='ocrx_word' id='word_1_51' title='bbox 1252 872 1344 939; x_wconf 67' lang='lat' dir='ltr'>noted</span> 
     </span>
     <span class='ocr_line' id='line_1_7' title="bbox 215 966 1318 1063; baseline -0.015 -21"><span class='ocrx_word' id='word_1_52' title='bbox 215 973 391 1063; x_wconf 73' lang='grc' dir='ltr'><strong><em>ὁμοφύλοις</em></strong></span> <span class='ocrx_word' id='word_1_53' title='bbox 413 971 591 1058; x_wconf 86' lang='grc' dir='ltr'><strong><em>μαχόμενοι</em></strong></span> <span class='ocrx_word' id='word_1_54' title='bbox 625 975 679 1036; x_wconf 85' lang='grc' dir='ltr'><strong><em>καί</em></strong></span> <span class='ocrx_word' id='word_1_55' title='bbox 708 972 854 1034; x_wconf 84' lang='grc' dir='ltr'><strong><em>θανάτου</em></strong></span> <span class='ocrx_word' id='word_1_56' title='bbox 889 969 1173 1053; x_wconf 80' lang='grc' dir='ltr'><strong><em>καταφρονοῦντες,</em></strong></span> <span class='ocrx_word' id='word_1_57' title='bbox 1198 966 1232 1029; x_wconf 78' lang='grc' dir='ltr'>ἐν</span> <span class='ocrx_word' id='word_1_58' title='bbox 1253 970 1318 1041; x_wconf 77' lang='grc' dir='ltr'><strong><em>τοῖς</em></strong></span> 
     </span>
     <span class='ocr_line' id='line_1_8' title="bbox 217 1063 1384 1164; baseline -0.013 -21"><span class='ocrx_word' id='word_1_59' title='bbox 217 1075 411 1164; x_wconf 71' lang='grc' dir='ltr'><strong><em>ἀλλοφύλοις</em></strong></span> <span class='ocrx_word' id='word_1_60' title='bbox 440 1078 587 1152; x_wconf 81' lang='grc' dir='ltr'><strong><em>πολέμοις</em></strong></span> <span class='ocrx_word' id='word_1_61' title='bbox 619 1075 718 1137; x_wconf 75' lang='grc' dir='ltr'><strong><em>δειλοί</em></strong></span> <span class='ocrx_word' id='word_1_62' title='bbox 748 1072 801 1136; x_wconf 84' lang='grc' dir='ltr'><strong><em>καί</em></strong></span> <span class='ocrx_word' id='word_1_63' title='bbox 825 1067 991 1143; x_wconf 83' lang='grc' dir='ltr'><strong><em>ἀνάλκιύες</em></strong></span> <span class='ocrx_word' id='word_1_64' title='bbox 1016 1072 1076 1135; x_wconf 82' lang='grc' dir='ltr'><strong><em>ναί</em></strong></span> <span class='ocrx_word' id='word_1_65' title='bbox 1096 1063 1157 1149; x_wconf 85' lang='grc' dir='ltr'>πρὸ</span> <span class='ocrx_word' id='word_1_66' title='bbox 1177 1068 1316 1147; x_wconf 82' lang='grc' dir='ltr'><strong><em>πολέμου</em></strong></span> <span class='ocrx_word' id='word_1_67' title='bbox 1380 1067 1384 1075; x_wconf 82' lang='grc'><strong>“</strong></span> 
     </span>
     <span class='ocr_line' id='line_1_9' title="bbox 210 1165 702 1260; baseline -0.014 -18"><span class='ocrx_word' id='word_1_68' title='bbox 210 1177 301 1242; x_wconf 83' lang='grc' dir='ltr'><strong><em>νῶτα</em></strong></span> <span class='ocrx_word' id='word_1_69' title='bbox 321 1165 484 1251; x_wconf 75' lang='grc' dir='ltr'><strong><em>διδούντες</em></strong></span> <span class='ocrx_word' id='word_1_70' title='bbox 505 1168 702 1260; x_wconf 85' lang='grc' dir='ltr'><strong><em>φαινόμεθα.</em></strong></span> 
     </span>
    </p>

    <p class='ocr_par' dir='ltr' id='par_1_4' title="bbox 153 1260 1403 2563">
     <span class='ocr_line' id='line_1_10' title="bbox 311 1260 1318 1355; baseline -0.014 -12"><span class='ocrx_word' id='word_1_71' title='bbox 311 1268 414 1343; x_wconf 86' lang='grc' dir='ltr'><strong><em>Ἀλλὰ</em></strong></span> <span class='ocrx_word' id='word_1_72' title='bbox 433 1276 535 1340; x_wconf 77' lang='grc' dir='ltr'><strong><em>ταῦτα</em></strong></span> <span class='ocrx_word' id='word_1_73' title='bbox 555 1276 615 1355; x_wconf 82' lang='grc' dir='ltr'><strong><em>μὲν</em></strong></span> <span class='ocrx_word' id='word_1_74' title='bbox 637 1269 731 1337; x_wconf 80' lang='grc' dir='ltr'><strong><em>ἱκανά</em></strong></span> <span class='ocrx_word' id='word_1_75' title='bbox 753 1270 833 1354; x_wconf 81' lang='grc' dir='ltr'><strong><em>πρὸς</em></strong></span> <span class='ocrx_word' id='word_1_76' title='bbox 855 1260 976 1352; x_wconf 78' lang='grc' dir='ltr'><strong><em>ἀνδρας</em></strong></span> <span class='ocrx_word' id='word_1_77' title='bbox 998 1267 1097 1333; x_wconf 88' lang='grc' dir='ltr'><strong><em>πολλά</em></strong></span> <span class='ocrx_word' id='word_1_78' title='bbox 1119 1269 1175 1332; x_wconf 89' lang='grc' dir='ltr'><strong><em>καί</em></strong></span> <span class='ocrx_word' id='word_1_79' title='bbox 1195 1264 1228 1345; x_wconf 81' lang='grc' dir='ltr'>ἐξ</span> <span class='ocrx_word' id='word_1_80' title='bbox 1248 1266 1318 1330; x_wconf 88' lang='grc' dir='ltr'><strong><em>ἀλί-</em></strong></span> 
     </span>
     <span class='ocr_line' id='line_1_11' title="bbox 214 1368 1363 1464; baseline -0.011 -20"><span class='ocrx_word' id='word_1_81' title='bbox 214 1403 279 1464; x_wconf 72' lang='lat' dir='ltr'>ymo</span> <span class='ocrx_word' id='word_1_82' title='bbox 311 1379 508 1457; x_wconf 71' lang='grc' dir='ltr'><strong><em>δυναμένους</em></strong></span> <span class='ocrx_word' id='word_1_83' title='bbox 539 1382 622 1438; x_wconf 86' lang='grc' dir='ltr'><strong><em>νοεῖν</em></strong></span> <span class='ocrx_word' id='word_1_84' title='bbox 650 1372 706 1437; x_wconf 79' lang='grc' dir='ltr'><strong><em>καὶ</em></strong></span> <span class='ocrx_word' id='word_1_85' title='bbox 739 1378 882 1458; x_wconf 79' lang='grc' dir='ltr'><strong><em>προνοεῖν</em></strong></span> <span class='ocrx_word' id='word_1_86' title='bbox 914 1373 973 1433; x_wconf 77' lang='grc' dir='ltr'><strong><em>τοῦ</em></strong></span> <span class='ocrx_word' id='word_1_87' title='bbox 994 1368 1222 1455; x_wconf 73' lang='grc' dir='ltr'><strong><em>συμφέροντος.</em></strong></span> <span class='ocrx_word' id='word_1_88' title='bbox 1275 1368 1363 1432; x_wconf 65' lang='lat' dir='ltr'>selo</span> 
     </span>
     <span class='ocr_line' id='line_1_12' title="bbox 214 1468 1324 1557; baseline -0.015 -12"><span class='ocrx_word' id='word_1_89' title='bbox 214 1481 386 1553; x_wconf 87' lang='grc' dir='ltr'><strong><em>σελθύντος</em></strong></span> <span class='ocrx_word' id='word_1_90' title='bbox 417 1478 453 1539; x_wconf 73' lang='lat' dir='ltr'>dd</span> <span class='ocrx_word' id='word_1_91' title='bbox 497 1480 555 1540; x_wconf 84' lang='grc' dir='ltr'><strong><em>τού</em></strong></span> <span class='ocrx_word' id='word_1_92' title='bbox 585 1478 755 1556; x_wconf 84' lang='grc' dir='ltr'><strong><em>Καίσαρος</em></strong></span> <span class='ocrx_word' id='word_1_93' title='bbox 773 1474 842 1557; x_wconf 62' lang='lat' dir='ltr'>{aad</span> <span class='ocrx_word' id='word_1_94' title='bbox 877 1468 1095 1552; x_wconf 78' lang='grc' dir='ltr'><strong><em>παραστάντος</em></strong></span> <span class='ocrx_word' id='word_1_95' title='bbox 1122 1470 1167 1555; x_wconf 74' lang='grc' dir='ltr'><strong><em>τῷ</em></strong></span> <span class='ocrx_word' id='word_1_96' title='bbox 1193 1472 1324 1551; x_wconf 76' lang='grc' dir='ltr'><strong><em>βασιλεῖ’</em></strong></span> 
     </span>
     <span class='ocr_line' id='line_1_13' title="bbox 215 1557 1319 1661; baseline -0.014 -17"><span class='ocrx_word' id='word_1_97' title='bbox 215 1576 321 1661; x_wconf 77' lang='grc' dir='ltr'><strong><em>ἔμεινε</em></strong></span> <span class='ocrx_word' id='word_1_98' title='bbox 343 1580 402 1659; x_wconf 79' lang='grc' dir='ltr'><strong><em>μὲν</em></strong></span> <span class='ocrx_word' id='word_1_99' title='bbox 424 1575 544 1660; x_wconf 74' lang='grc' dir='ltr'><strong><em>ἡσυχία</em></strong></span> <span class='ocrx_word' id='word_1_100' title='bbox 564 1578 636 1660; x_wconf 76' lang='grc' dir='ltr'><strong><em>[τοῖς</em></strong></span> <span class='ocrx_word' id='word_1_101' title='bbox 656 1574 842 1656; x_wconf 78' lang='grc' dir='ltr'><strong><em>βασιλείοις,</em></strong></span> <span class='ocrx_word' id='word_1_102' title='bbox 862 1568 916 1635; x_wconf 83' lang='grc' dir='ltr'><strong><em>καί</em></strong></span> <span class='ocrx_word' id='word_1_103' title='bbox 946 1567 1051 1648; x_wconf 77' lang='grc' dir='ltr'><strong><em>ἔδοξεν</em></strong></span> <span class='ocrx_word' id='word_1_104' title='bbox 1072 1567 1089 1632; x_wconf 80' lang='lat' dir='ltr'>d</span> <span class='ocrx_word' id='word_1_105' title='bbox 1111 1571 1237 1654; x_wconf 83' lang='grc' dir='ltr'><strong><em>κρατῶν</em></strong></span> <span class='ocrx_word' id='word_1_106' title='bbox 1257 1557 1319 1649; x_wconf 73' lang='grc' dir='ltr'>ἤδη</span> 
     </span>
     <span class='ocr_line' id='line_1_14' title="bbox 173 1666 1403 1761; baseline -0.014 -16"><span class='ocrx_word' id='word_1_107' title='bbox 173 1684 180 1694; x_wconf 89' lang='grc'><strong>’</strong></span> <span class='ocrx_word' id='word_1_108' title='bbox 216 1680 467 1761; x_wconf 76' lang='grc' dir='ltr'><strong><em>κατωρθωκέναι</em></strong></span> <span class='ocrx_word' id='word_1_109' title='bbox 494 1672 529 1737; x_wconf 87' lang='grc' dir='ltr'><strong><em>τύ</em></strong></span> <span class='ocrx_word' id='word_1_110' title='bbox 551 1676 628 1758; x_wconf 82' lang='grc' dir='ltr'><strong><em>πῶν,</em></strong></span> <span class='ocrx_word' id='word_1_111' title='bbox 650 1676 732 1757; x_wconf 74' lang='grc' dir='ltr'><strong><em>πλὴν</em></strong></span> <span class='ocrx_word' id='word_1_112' title='bbox 754 1668 829 1739; x_wconf 85' lang='grc' dir='ltr'><strong><em>ύσου</em></strong></span> <span class='ocrx_word' id='word_1_113' title='bbox 860 1670 999 1753; x_wconf 77' lang='grc' dir='ltr'><strong><em>ἀπέτυχε</em></strong></span> <span class='ocrx_word' id='word_1_114' title='bbox 1029 1667 1064 1735; x_wconf 87' lang='grc' dir='ltr'><strong><em>τύ</em></strong></span> <span class='ocrx_word' id='word_1_115' title='bbox 1085 1666 1320 1753; x_wconf 81' lang='grc' dir='ltr'><strong><em>μῆτύνῬου-</em></strong></span> <span class='ocrx_word' id='word_1_116' title='bbox 1398 1704 1403 1709; x_wconf 90' lang='grc'>-</span> 
     </span>
     <span class='ocr_line' id='line_1_15' title="bbox 153 1766 1319 1861; baseline -0.013 -16"><span class='ocrx_word' id='word_1_117' title='bbox 153 1770 156 1784; x_wconf 54' lang='grc'><em>’</em></span> <span class='ocrx_word' id='word_1_118' title='bbox 215 1782 322 1845; x_wconf 75' lang='lat' dir='ltr'>oditur</span> <span class='ocrx_word' id='word_1_119' title='bbox 345 1773 379 1841; x_wconf 72' lang='grc' dir='ltr'>ἓν</span> <span class='ocrx_word' id='word_1_120' title='bbox 397 1780 493 1861; x_wconf 82' lang='grc' dir='ltr'><strong><em>χερσί</em></strong></span> <span class='ocrx_word' id='word_1_121' title='bbox 509 1780 622 1859; x_wconf 47' lang='grc' dir='ltr'><strong><em>’λαβεῖν</em></strong></span> <span class='ocrx_word' id='word_1_122' title='bbox 645 1778 700 1841; x_wconf 85' lang='grc' dir='ltr'><strong><em>καί</em></strong></span> <span class='ocrx_word' id='word_1_123' title='bbox 721 1772 921 1856; x_wconf 85' lang='grc' dir='ltr'><strong><em>ἀμύνασθαι.</em></strong></span> <span class='ocrx_word' id='word_1_124' title='bbox 967 1768 1020 1856; x_wconf 71' lang='grc' dir='ltr'><strong><em>τὴν</em></strong></span> <span class='ocrx_word' id='word_1_125' title='bbox 1041 1769 1102 1855; x_wconf 81' lang='grc' dir='ltr'>χάρ</span> <span class='ocrx_word' id='word_1_126' title='bbox 1127 1772 1190 1846; x_wconf 80' lang='grc' dir='ltr'><strong><em>τῶν</em></strong></span> <span class='ocrx_word' id='word_1_127' title='bbox 1217 1766 1319 1854; x_wconf 75' lang='grc' dir='ltr'><strong><em>Τούρ·</em></strong></span> 
     </span>
     <span class='ocr_line' id='line_1_16' title="bbox 216 1868 1364 1958; baseline -0.01 -14"><span class='ocrx_word' id='word_1_128' title='bbox 216 1902 280 1944; x_wconf 82' lang='grc' dir='ltr'>κων</span> <span class='ocrx_word' id='word_1_129' title='bbox 300 1873 381 1943; x_wconf 85' lang='grc' dir='ltr'><strong><em>ναεά</em></strong></span> <span class='ocrx_word' id='word_1_130' title='bbox 411 1879 475 1940; x_wconf 88' lang='grc' dir='ltr'><strong><em>τῶν</em></strong></span> <span class='ocrx_word' id='word_1_131' title='bbox 492 1876 659 1958; x_wconf 87' lang='grc' dir='ltr'><strong><em>Ῥωμαίων</em></strong></span> <span class='ocrx_word' id='word_1_132' title='bbox 695 1872 933 1956; x_wconf 74' lang='grc' dir='ltr'><strong><em>ἐπιστρατείαν,</em></strong></span> <span class='ocrx_word' id='word_1_133' title='bbox 963 1874 1020 1936; x_wconf 83' lang='grc' dir='ltr'><strong><em>καί</em></strong></span> <span class='ocrx_word' id='word_1_134' title='bbox 1048 1868 1083 1935; x_wconf 88' lang='grc' dir='ltr'><strong><em>τύ</em></strong></span> <span class='ocrx_word' id='word_1_135' title='bbox 1117 1869 1320 1955; x_wconf 80' lang='grc' dir='ltr'><strong><em>σφάττεσθαι</em></strong></span> <span class='ocrx_word' id='word_1_136' title='bbox 1331 1887 1364 1939; x_wconf 87' lang='lat'>15</span> 
     </span>
     <span class='ocr_line' id='line_1_17' title="bbox 216 1968 1320 2062; baseline -0.011 -18"><span class='ocrx_word' id='word_1_137' title='bbox 216 1980 367 2044; x_wconf 85' lang='grc' dir='ltr'><strong><em>τοσούτου</em></strong></span> <span class='ocrx_word' id='word_1_138' title='bbox 388 1977 478 2062; x_wconf 76' lang='grc' dir='ltr'><strong><em>γένος’</em></strong></span> <span class='ocrx_word' id='word_1_139' title='bbox 497 1975 714 2061; x_wconf 69' lang='grc' dir='ltr'><strong><em>Χριστιανῶν,</em></strong></span> <span class='ocrx_word' id='word_1_140' title='bbox 736 1978 790 2039; x_wconf 88' lang='grc' dir='ltr'><strong><em>καί</em></strong></span> <span class='ocrx_word' id='word_1_141' title='bbox 811 1978 969 2061; x_wconf 69' lang='grc' dir='ltr'><strong><em>δῃοῦσθαι</em></strong></span> <span class='ocrx_word' id='word_1_142' title='bbox 992 1972 1100 2053; x_wconf 83' lang='grc' dir='ltr'><strong><em>κῶμος</em></strong></span> <span class='ocrx_word' id='word_1_143' title='bbox 1123 1970 1179 2034; x_wconf 81' lang='grc' dir='ltr'><strong><em>καί</em></strong></span> <span class='ocrx_word' id='word_1_144' title='bbox 1197 1968 1320 2053; x_wconf 87' lang='grc' dir='ltr'><strong><em>χῶρος,</em></strong></span> 
     </span>
     <span class='ocr_line' id='line_1_18' title="bbox 216 2066 1321 2161; baseline -0.008 -19"><span class='ocrx_word' id='word_1_145' title='bbox 216 2080 272 2142; x_wconf 87' lang='grc' dir='ltr'><strong><em>ιιαί</em></strong></span> <span class='ocrx_word' id='word_1_146' title='bbox 302 2066 405 2161; x_wconf 77' lang='grc' dir='ltr'><strong><em>ἀρδην</em></strong></span> <span class='ocrx_word' id='word_1_147' title='bbox 432 2075 613 2143; x_wconf 79' lang='grc' dir='ltr'><strong><em>ἀνάστατον</em></strong></span> <span class='ocrx_word' id='word_1_148' title='bbox 644 2074 701 2160; x_wconf 76' lang='grc' dir='ltr'><strong><em>τήν</em></strong></span> <span class='ocrx_word' id='word_1_149' title='bbox 719 2068 803 2139; x_wconf 81' lang='grc' dir='ltr'><strong><em>ἓῶ-αν</em></strong></span> <span class='ocrx_word' id='word_1_150' title='bbox 827 2069 985 2158; x_wconf 82' lang='grc' dir='ltr'><strong><em>ὁρᾶσθαι,</em></strong></span> <span class='ocrx_word' id='word_1_151' title='bbox 1007 2074 1050 2157; x_wconf 78' lang='grc' dir='ltr'>πῇ</span> <span class='ocrx_word' id='word_1_152' title='bbox 1072 2074 1132 2150; x_wconf 81' lang='grc' dir='ltr'><strong><em>μὲν</em></strong></span> <span class='ocrx_word' id='word_1_153' title='bbox 1153 2072 1321 2155; x_wconf 79' lang='grc' dir='ltr'><strong><em>σφαζομέ-</em></strong></span> 
     </span>
     <span class='ocr_line' id='line_1_19' title="bbox 215 2172 1320 2263; baseline -0.009 -18"><span class='ocrx_word' id='word_1_154' title='bbox 215 2202 280 2245; x_wconf 85' lang='grc' dir='ltr'>νων</span> <span class='ocrx_word' id='word_1_155' title='bbox 307 2176 538 2261; x_wconf 73' lang='grc' dir='ltr'><strong><em>ἀναριθμήτων</em></strong></span> <span class='ocrx_word' id='word_1_156' title='bbox 571 2172 751 2263; x_wconf 86' lang='grc' dir='ltr'><strong><em>ἀνθρῶπων</em></strong></span> <span class='ocrx_word' id='word_1_157' title='bbox 776 2180 820 2263; x_wconf 77' lang='grc' dir='ltr'>πῇ</span> <span class='ocrx_word' id='word_1_158' title='bbox 838 2177 885 2257; x_wconf 48' lang='lat' dir='ltr'>¹dd</span> <span class='ocrx_word' id='word_1_159' title='bbox 917 2174 1253 2256; x_wconf 82' lang='grc' dir='ltr'><strong><em>αἵχμαλωτιζομένων,</em></strong></span> <span class='ocrx_word' id='word_1_160' title='bbox 1286 2172 1320 2235; x_wconf 78' lang='grc' dir='ltr'>ἐν</span> 
     </span>
     <span class='ocr_line' id='line_1_20' title="bbox 217 2272 1319 2366; baseline -0.015 -21"><span class='ocrx_word' id='word_1_161' title='bbox 217 2282 506 2366; x_wconf 66' lang='lat' dir='ltr'>lacessentem.</span> <span class='ocrx_word' id='word_1_162' title='bbox 551 2274 568 2341; x_wconf 82' lang='grc' dir='ltr'><em>ὃ</em></span> <span class='ocrx_word' id='word_1_163' title='bbox 592 2281 634 2345; x_wconf 69' lang='grc' dir='ltr'>δέ..</span> <span class='ocrx_word' id='word_1_164' title='bbox 648 2302 683 2361; x_wconf 77' lang='grc' dir='ltr'><strong><em>χε</em></strong></span> <span class='ocrx_word' id='word_1_165' title='bbox 697 2278 888 2353; x_wconf 84' lang='grc' dir='ltr'><strong><em>Ῥουσὲλιος,</em></strong></span> <span class='ocrx_word' id='word_1_166' title='bbox 915 2276 946 2339; x_wconf 85' lang='grc' dir='ltr'><strong><em>εἰ</em></strong></span> <span class='ocrx_word' id='word_1_167' title='bbox 965 2273 1018 2339; x_wconf 79' lang='grc' dir='ltr'><strong><em>καί</em></strong></span> <span class='ocrx_word' id='word_1_168' title='bbox 1039 2272 1071 2336; x_wconf 85' lang='grc' dir='ltr'>οἱ</span> <span class='ocrx_word' id='word_1_169' title='bbox 1096 2276 1230 2360; x_wconf 82' lang='grc' dir='ltr'><strong><em>Τοῦρκοι</em></strong></span> <span class='ocrx_word' id='word_1_170' title='bbox 1252 2273 1319 2335; x_wconf 77' lang='grc' dir='ltr'><strong><em>διε.</em></strong></span> 
     </span>
     <span class='ocr_line' id='line_1_21' title="bbox 217 2365 1367 2463; baseline -0.008 -18"><span class='ocrx_word' id='word_1_171' title='bbox 217 2382 394 2459; x_wconf 81' lang='grc' dir='ltr'><strong><em>σποσμύνοι</em></strong></span> <span class='ocrx_word' id='word_1_172' title='bbox 415 2380 497 2463; x_wconf 85' lang='grc' dir='ltr'><strong><em>πρὸς</em></strong></span> <span class='ocrx_word' id='word_1_173' title='bbox 518 2365 632 2445; x_wconf 85' lang='grc' dir='ltr'><strong><em>πάντα</em></strong></span> <span class='ocrx_word' id='word_1_174' title='bbox 652 2375 690 2443; x_wconf 91' lang='grc' dir='ltr'><strong><em>τά</em></strong></span> <span class='ocrx_word' id='word_1_175' title='bbox 710 2374 872 2455; x_wconf 85' lang='grc' dir='ltr'><strong><em>Ῥωμαῖκά</em></strong></span> <span class='ocrx_word' id='word_1_176' title='bbox 894 2372 1068 2457; x_wconf 79' lang='grc' dir='ltr'><strong><em>ἐτύγχανον</em></strong></span> <span class='ocrx_word' id='word_1_177' title='bbox 1089 2375 1227 2454; x_wconf 84' lang='grc' dir='ltr'><strong><em>θέματα,</em></strong></span> <span class='ocrx_word' id='word_1_178' title='bbox 1251 2374 1319 2437; x_wconf 87' lang='grc' dir='ltr'><strong><em>ἀλλ’</em></strong></span> <span class='ocrx_word' id='word_1_179' title='bbox 1331 2381 1367 2437; x_wconf 80' lang='lat'>20</span> 
     </span>
     <span class='ocr_line' id='line_1_22' title="bbox 218 2472 1320 2563; baseline -0.006 -19"><span class='ocrx_word' id='word_1_180' title='bbox 218 2476 319 2553; x_wconf 87' lang='grc' dir='ltr'><strong><em>αύτὸς</em></strong></span> <span class='ocrx_word' id='word_1_181' title='bbox 340 2474 422 2561; x_wconf 80' lang='grc' dir='ltr'><strong><em>ἄρας</em></strong></span> <span class='ocrx_word' id='word_1_182' title='bbox 445 2482 480 2543; x_wconf 78' lang='grc' dir='ltr'>ἐκ</span> <span class='ocrx_word' id='word_1_183' title='bbox 499 2484 555 2545; x_wconf 77' lang='grc' dir='ltr'><strong><em>τοῦ</em></strong></span> <span class='ocrx_word' id='word_1_184' title='bbox 576 2482 631 2563; x_wconf 81' lang='grc' dir='ltr'>τῆς</span> <span class='ocrx_word' id='word_1_185' title='bbox 654 2480 847 2559; x_wconf 80' lang='grc' dir='ltr'><strong><em>Μεταβολῆς</em></strong></span> <span class='ocrx_word' id='word_1_186' title='bbox 870 2479 1028 2561; x_wconf 82' lang='grc' dir='ltr'><strong><em>φρουρίου</em></strong></span> <span class='ocrx_word' id='word_1_187' title='bbox 1049 2472 1214 2554; x_wconf 83' lang='grc' dir='ltr'><strong><em>μετὰτῶν</em></strong></span> <span class='ocrx_word' id='word_1_188' title='bbox 1236 2473 1320 2537; x_wconf 82' lang='grc' dir='ltr'><strong><em>ὑπο-</em></strong></span> 
     </span>
    </p>

    <p class='ocr_par' dir='ltr' id='par_1_5' title="bbox 148 2571 1320 2665">
     <span class='ocr_line' id='line_1_23' title="bbox 148 2571 1320 2665; baseline -0.003 -22"><span class='ocrx_word' id='word_1_189' title='bbox 148 2621 150 2628; x_wconf 92' lang='lat'>·</span> <span class='ocrx_word' id='word_1_190' title='bbox 217 2582 414 2663; x_wconf 82' lang='grc' dir='ltr'><strong><em>λειφθέντων</em></strong></span> <span class='ocrx_word' id='word_1_191' title='bbox 436 2577 595 2665; x_wconf 77' lang='grc' dir='ltr'><strong><em>Φράχγων</em></strong></span> <span class='ocrx_word' id='word_1_192' title='bbox 625 2580 830 2663; x_wconf 86' lang='grc' dir='ltr'><strong><em>στρατιωτῶν</em></strong></span> <span class='ocrx_word' id='word_1_193' title='bbox 855 2578 909 2658; x_wconf 84' lang='grc' dir='ltr'><strong><em>καί</em></strong></span> <span class='ocrx_word' id='word_1_194' title='bbox 928 2578 984 2661; x_wconf 78' lang='grc' dir='ltr'>τῆς</span> <span class='ocrx_word' id='word_1_195' title='bbox 1006 2571 1161 2641; x_wconf 81' lang='grc' dir='ltr'><strong><em>συνεύνου</em></strong></span> <span class='ocrx_word' id='word_1_196' title='bbox 1181 2572 1237 2639; x_wconf 84' lang='grc' dir='ltr'><em>καί</em></span> <span class='ocrx_word' id='word_1_197' title='bbox 1257 2577 1320 2639; x_wconf 90' lang='grc' dir='ltr'><strong><em>τῶν</em></strong></span> 
     </span>
    </p>
   </div>
   <div class='ocr_carea' id='block_1_3' title="bbox 50 2672 1320 2765">
    <p class='ocr_par' dir='ltr' id='par_1_6' title="bbox 50 2672 1320 2765">
     <span class='ocr_line' id='line_1_24' title="bbox 50 2672 1320 2765; baseline -0.002 -24"><span class='ocrx_word' id='word_1_198' title='bbox 50 2677 56 2690; x_wconf 82' lang='grc'><em>’</em></span> <span class='ocrx_word' id='word_1_199' title='bbox 150 2729 160 2741; x_wconf 80' lang='grc'><strong><em>,</em></strong></span> <span class='ocrx_word' id='word_1_200' title='bbox 214 2680 401 2756; x_wconf 55' lang='grc' dir='ltr'><strong><em>»τέκνωνιιαί</em></strong></span> <span class='ocrx_word' id='word_1_201' title='bbox 413 2683 476 2744; x_wconf 90' lang='grc' dir='ltr'><strong><em>τῶν</em></strong></span> <span class='ocrx_word' id='word_1_202' title='bbox 497 2675 703 2765; x_wconf 85' lang='grc' dir='ltr'><strong><em>ύπαρχόντων</em></strong></span> <span class='ocrx_word' id='word_1_203' title='bbox 719 2678 808 2763; x_wconf 76' lang='grc' dir='ltr'><strong><em>αύτῷ</em></strong></span> <span class='ocrx_word' id='word_1_204' title='bbox 829 2675 883 2742; x_wconf 69' lang='lat' dir='ltr'>tad</span> <span class='ocrx_word' id='word_1_205' title='bbox 903 2679 1003 2760; x_wconf 80' lang='grc' dir='ltr'><strong><em>μέσης</em></strong></span> <span class='ocrx_word' id='word_1_206' title='bbox 1022 2678 1077 2760; x_wconf 78' lang='grc' dir='ltr'>τῆς</span> <span class='ocrx_word' id='word_1_207' title='bbox 1090 2672 1199 2760; x_wconf 85' lang='grc' dir='ltr'><strong><em>χῶρος</em></strong></span> <span class='ocrx_word' id='word_1_208' title='bbox 1221 2675 1320 2759; x_wconf 80' lang='grc' dir='ltr'><strong><em>ἀτρέ-</em></strong></span> 
     </span>
    </p>
   </div>
   <div class='ocr_carea' id='block_1_4' title="bbox 290 2867 565 2943">
    <p class='ocr_par' dir='ltr' id='par_1_7' title="bbox 290 2867 565 2943">
     <span class='ocr_line' id='line_1_25' title="bbox 290 2867 565 2943; baseline 0.011 -21"><span class='ocrx_word' id='word_1_209' title='bbox 290 2868 317 2922; x_wconf 87' lang='grc'>6.</span> <span class='ocrx_word' id='word_1_210' title='bbox 335 2867 452 2943; x_wconf 78' lang='grc' dir='ltr'><strong><em>θανάτφ</em></strong></span> <span class='ocrx_word' id='word_1_211' title='bbox 472 2869 502 2925; x_wconf 69' lang='lat' dir='ltr'>G·</span> <span class='ocrx_word' id='word_1_212' title='bbox 560 2867 565 2877; x_wconf 87' lang='lat'><strong><em>‘</em></strong></span> 
     </span>
    </p>
   </div>
   <div class='ocr_carea' id='block_1_5' title="bbox 217 3032 1320 3459">
    <p class='ocr_par' dir='ltr' id='par_1_8' title="bbox 217 3032 1320 3459">
     <span class='ocr_line' id='line_1_26' title="bbox 217 3032 1319 3102; baseline 0.001 -17"><span class='ocrx_word' id='word_1_213' title='bbox 217 3040 284 3102; x_wconf 83' lang='lat' dir='ltr'>gunt</span> <span class='ocrx_word' id='word_1_214' title='bbox 302 3034 431 3086; x_wconf 76' lang='lat' dir='ltr'>fomanus.</span> <span class='ocrx_word' id='word_1_215' title='bbox 470 3040 611 3085; x_wconf 84' lang='lat' dir='ltr'>tenuerant</span> <span class='ocrx_word' id='word_1_216' title='bbox 631 3033 701 3084; x_wconf 89' lang='lat' dir='ltr'>euim</span> <span class='ocrx_word' id='word_1_217' title='bbox 725 3044 775 3085; x_wconf 84' lang='lat' dir='ltr'>uos</span> <span class='ocrx_word' id='word_1_218' title='bbox 803 3032 911 3085; x_wconf 87' lang='lat' dir='ltr'>dolores</span> <span class='ocrx_word' id='word_1_219' title='bbox 937 3034 1038 3097; x_wconf 87' lang='lat' dir='ltr'>mortis,</span> <span class='ocrx_word' id='word_1_220' title='bbox 1064 3035 1092 3085; x_wconf 89' lang='lat' dir='ltr'>iu</span> <span class='ocrx_word' id='word_1_221' title='bbox 1117 3034 1188 3085; x_wconf 88' lang='lat' dir='ltr'>omni</span> <span class='ocrx_word' id='word_1_222' title='bbox 1214 3036 1319 3086; x_wconf 89' lang='lat' dir='ltr'>oriente</span> 
     </span>
     <span class='ocr_line' id='line_1_27' title="bbox 218 3104 1320 3175; baseline -0.004 -18"><span class='ocrx_word' id='word_1_223' title='bbox 218 3115 299 3175; x_wconf 84' lang='lat' dir='ltr'>utque</span> <span class='ocrx_word' id='word_1_224' title='bbox 316 3105 596 3158; x_wconf 80' lang='lat' dir='ltr'>occidente-Gothicis</span> <span class='ocrx_word' id='word_1_225' title='bbox 616 3113 643 3156; x_wconf 87' lang='lat' dir='ltr'>et</span> <span class='ocrx_word' id='word_1_226' title='bbox 661 3104 860 3157; x_wconf 78' lang='lat' dir='ltr'>scelestissimis</span> <span class='ocrx_word' id='word_1_227' title='bbox 885 3104 1079 3157; x_wconf 80' lang='lat' dir='ltr'>dominantibus</span> <span class='ocrx_word' id='word_1_228' title='bbox 1099 3104 1216 3172; x_wconf 87' lang='lat' dir='ltr'>populis,</span> <span class='ocrx_word' id='word_1_229' title='bbox 1236 3105 1320 3157; x_wconf 88' lang='lat' dir='ltr'>etlu.</span> 
     </span>
     <span class='ocr_line' id='line_1_28' title="bbox 218 3176 1320 3244; baseline -0.001 -14"><span class='ocrx_word' id='word_1_230' title='bbox 218 3177 385 3230; x_wconf 84' lang='lat' dir='ltr'>xuriuntibus</span> <span class='ocrx_word' id='word_1_231' title='bbox 404 3186 496 3228; x_wconf 90' lang='lat' dir='ltr'>nostra</span> <span class='ocrx_word' id='word_1_232' title='bbox 514 3177 684 3242; x_wconf 77' lang='lat' dir='ltr'>simplicitate</span> <span class='ocrx_word' id='word_1_233' title='bbox 711 3179 770 3231; x_wconf 84' lang='lat' dir='ltr'>sive</span> <span class='ocrx_word' id='word_1_234' title='bbox 797 3176 964 3244; x_wconf 86' lang='lat' dir='ltr'>negligentia</span> <span class='ocrx_word' id='word_1_235' title='bbox 989 3178 1063 3240; x_wconf 86' lang='lat' dir='ltr'>sire,</span> <span class='ocrx_word' id='word_1_236' title='bbox 1082 3178 1109 3228; x_wconf 95' lang='lat' dir='ltr'>id</span> <span class='ocrx_word' id='word_1_237' title='bbox 1133 3176 1203 3243; x_wconf 87' lang='lat' dir='ltr'>quod</span> <span class='ocrx_word' id='word_1_238' title='bbox 1229 3180 1320 3230; x_wconf 87' lang='lat' dir='ltr'>verius</span> 
     </span>
     <span class='ocr_line' id='line_1_29' title="bbox 219 3246 1320 3316; baseline -0.001 -16"><span class='ocrx_word' id='word_1_239' title='bbox 219 3256 261 3300; x_wconf 91' lang='lat' dir='ltr'>est</span> <span class='ocrx_word' id='word_1_240' title='bbox 278 3262 385 3310; x_wconf 88' lang='lat' dir='ltr'>nomen,</span> <span class='ocrx_word' id='word_1_241' title='bbox 404 3250 500 3299; x_wconf 82' lang='lat' dir='ltr'>mentis</span> <span class='ocrx_word' id='word_1_242' title='bbox 519 3246 716 3299; x_wconf 82' lang='lat' dir='ltr'>abalienatione</span> <span class='ocrx_word' id='word_1_243' title='bbox 737 3256 764 3299; x_wconf 89' lang='lat' dir='ltr'>et</span> <span class='ocrx_word' id='word_1_244' title='bbox 782 3249 895 3311; x_wconf 90' lang='lat' dir='ltr'>insania,</span> <span class='ocrx_word' id='word_1_245' title='bbox 914 3249 976 3316; x_wconf 88' lang='lat' dir='ltr'>quia</span> <span class='ocrx_word' id='word_1_246' title='bbox 1005 3257 1097 3300; x_wconf 86' lang='lat' dir='ltr'>contra</span> <span class='ocrx_word' id='word_1_247' title='bbox 1125 3262 1175 3299; x_wconf 92' lang='lat' dir='ltr'>nos</span> <span class='ocrx_word' id='word_1_248' title='bbox 1203 3250 1320 3300; x_wconf 83' lang='lat' dir='ltr'>inuicem</span> 
     </span>
     <span class='ocr_line' id='line_1_30' title="bbox 218 3318 1319 3387; baseline -0.004 -17"><span class='ocrx_word' id='word_1_249' title='bbox 218 3318 340 3370; x_wconf 80' lang='lat' dir='ltr'>furentes</span> <span class='ocrx_word' id='word_1_250' title='bbox 359 3324 386 3368; x_wconf 91' lang='lat' dir='ltr'>et</span> <span class='ocrx_word' id='word_1_251' title='bbox 404 3320 565 3385; x_wconf 83' lang='lat' dir='ltr'>impotenter</span> <span class='ocrx_word' id='word_1_252' title='bbox 583 3335 642 3369; x_wconf 93' lang='lat' dir='ltr'>cum</span> <span class='ocrx_word' id='word_1_253' title='bbox 661 3321 782 3386; x_wconf 86' lang='lat' dir='ltr'>cognatis</span> <span class='ocrx_word' id='word_1_254' title='bbox 802 3327 949 3387; x_wconf 84' lang='lat' dir='ltr'>pugnantes</span> <span class='ocrx_word' id='word_1_255' title='bbox 970 3328 997 3371; x_wconf 91' lang='lat' dir='ltr'>ct</span> <span class='ocrx_word' id='word_1_256' title='bbox 1014 3328 1125 3370; x_wconf 88' lang='lat' dir='ltr'>mortem</span> <span class='ocrx_word' id='word_1_257' title='bbox 1144 3326 1319 3371; x_wconf 85' lang='lat' dir='ltr'>contemnen.</span> 
     </span>
     <span class='ocr_line' id='line_1_31' title="bbox 218 3389 1319 3459; baseline 0.002 -18"><span class='ocrx_word' id='word_1_258' title='bbox 218 3396 271 3454; x_wconf 83' lang='lat' dir='ltr'>tes,</span> <span class='ocrx_word' id='word_1_259' title='bbox 290 3392 417 3441; x_wconf 84' lang='lat' dir='ltr'>tamenin</span> <span class='ocrx_word' id='word_1_260' title='bbox 435 3389 532 3441; x_wconf 86' lang='lat' dir='ltr'>alienis</span> <span class='ocrx_word' id='word_1_261' title='bbox 550 3390 631 3442; x_wconf 87' lang='lat' dir='ltr'>bellis</span> <span class='ocrx_word' id='word_1_262' title='bbox 650 3391 742 3458; x_wconf 84' lang='lat' dir='ltr'>ignavi</span> <span class='ocrx_word' id='word_1_263' title='bbox 762 3392 894 3445; x_wconf 83' lang='lat' dir='ltr'>etinlirmi</span> <span class='ocrx_word' id='word_1_264' title='bbox 908 3399 934 3442; x_wconf 89' lang='lat' dir='ltr'>et</span> <span class='ocrx_word' id='word_1_265' title='bbox 953 3399 1015 3443; x_wconf 84' lang='lat' dir='ltr'>unte</span> <span class='ocrx_word' id='word_1_266' title='bbox 1029 3390 1130 3442; x_wconf 86' lang='lat' dir='ltr'>bellum</span> <span class='ocrx_word' id='word_1_267' title='bbox 1140 3398 1216 3459; x_wconf 81' lang='lat' dir='ltr'>terga</span> <span class='ocrx_word' id='word_1_268' title='bbox 1226 3392 1319 3443; x_wconf 86' lang='lat' dir='ltr'>dautes</span> 
     </span>
    </p>
   </div>
   <div class='ocr_carea' id='block_1_6' title="bbox 127 3476 387 3529">
    <p class='ocr_par' dir='ltr' id='par_1_9' title="bbox 127 3476 387 3529">
     <span class='ocr_line' id='line_1_32' title="bbox 127 3476 387 3529; baseline 0.004 -16"><span class='ocrx_word' id='word_1_269' title='bbox 127 3494 131 3498; x_wconf 80' lang='lat'>.</span> <span class='ocrx_word' id='word_1_270' title='bbox 218 3476 387 3529; x_wconf 85' lang='lat' dir='ltr'>apparemus.</span> 
     </span>
    </p>
   </div>
   <div class='ocr_carea' id='block_1_7' title="bbox 217 3556 1367 4269">
    <p class='ocr_par' dir='ltr' id='par_1_10' title="bbox 217 3556 1367 4269">
     <span class='ocr_line' id='line_1_33' title="bbox 319 3556 1319 3625; baseline -0.004 -12"><span class='ocrx_word' id='word_1_271' title='bbox 319 3558 371 3613; x_wconf 86' lang='lat' dir='ltr'>Sed</span> <span class='ocrx_word' id='word_1_272' title='bbox 390 3556 458 3609; x_wconf 86' lang='lat' dir='ltr'>haec</span> <span class='ocrx_word' id='word_1_273' title='bbox 477 3559 615 3611; x_wconf 89' lang='lat' dir='ltr'>sulliciunt</span> <span class='ocrx_word' id='word_1_274' title='bbox 634 3560 699 3611; x_wconf 89' lang='lat' dir='ltr'>viris</span> <span class='ocrx_word' id='word_1_275' title='bbox 718 3558 800 3610; x_wconf 88' lang='lat' dir='ltr'>multu</span> <span class='ocrx_word' id='word_1_276' title='bbox 821 3566 847 3609; x_wconf 87' lang='lat' dir='ltr'>et</span> <span class='ocrx_word' id='word_1_277' title='bbox 865 3574 951 3625; x_wconf 93' lang='lat' dir='ltr'>pauca</span> <span class='ocrx_word' id='word_1_278' title='bbox 969 3558 1132 3624; x_wconf 83' lang='lat' dir='ltr'>valentibus,</span> <span class='ocrx_word' id='word_1_279' title='bbox 1151 3567 1180 3610; x_wconf 93' lang='lat' dir='ltr'>ut</span> <span class='ocrx_word' id='word_1_280' title='bbox 1199 3560 1319 3625; x_wconf 80' lang='lat' dir='ltr'>cogitent</span> 
     </span>
     <span class='ocr_line' id='line_1_34' title="bbox 219 3628 1321 3699; baseline -0.006 -17"><span class='ocrx_word' id='word_1_281' title='bbox 219 3639 247 3682; x_wconf 86' lang='lat' dir='ltr'>ct</span> <span class='ocrx_word' id='word_1_282' title='bbox 265 3630 429 3699; x_wconf 76' lang='lat' dir='ltr'>prospiciant</span> <span class='ocrx_word' id='word_1_283' title='bbox 446 3631 565 3683; x_wconf 85' lang='lat' dir='ltr'>utilitati.</span> <span class='ocrx_word' id='word_1_284' title='bbox 604 3646 662 3682; x_wconf 92' lang='lat' dir='ltr'>cum</span> <span class='ocrx_word' id='word_1_285' title='bbox 682 3637 769 3681; x_wconf 87' lang='lat' dir='ltr'>autem</span> <span class='ocrx_word' id='word_1_286' title='bbox 790 3630 887 3683; x_wconf 86' lang='lat' dir='ltr'>Caesar</span> <span class='ocrx_word' id='word_1_287' title='bbox 905 3632 1041 3697; x_wconf 85' lang='lat' dir='ltr'>ingressus</span> <span class='ocrx_word' id='word_1_288' title='bbox 1057 3628 1133 3682; x_wconf 76' lang='lat' dir='ltr'>&#39;esset</span> <span class='ocrx_word' id='word_1_289' title='bbox 1151 3638 1177 3681; x_wconf 89' lang='lat' dir='ltr'>ct</span> <span class='ocrx_word' id='word_1_290' title='bbox 1200 3631 1321 3682; x_wconf 89' lang='lat' dir='ltr'>adstitis.</span> 
     </span>
     <span class='ocr_line' id='line_1_35' title="bbox 218 3702 1320 3769; baseline -0.005 -15"><span class='ocrx_word' id='word_1_291' title='bbox 218 3708 261 3754; x_wconf 86' lang='lat' dir='ltr'>set</span> <span class='ocrx_word' id='word_1_292' title='bbox 277 3702 348 3768; x_wconf 86' lang='lat' dir='ltr'>regi,</span> <span class='ocrx_word' id='word_1_293' title='bbox 367 3702 490 3755; x_wconf 87' lang='lat' dir='ltr'>manebat</span> <span class='ocrx_word' id='word_1_294' title='bbox 514 3702 694 3769; x_wconf 85' lang='lat' dir='ltr'>tranquillitas</span> <span class='ocrx_word' id='word_1_295' title='bbox 722 3702 822 3769; x_wconf 85' lang='lat' dir='ltr'>regiae,</span> <span class='ocrx_word' id='word_1_296' title='bbox 844 3710 869 3752; x_wconf 88' lang='lat' dir='ltr'>ct</span> <span class='ocrx_word' id='word_1_297' title='bbox 889 3702 962 3753; x_wconf 90' lang='lat' dir='ltr'>visus</span> <span class='ocrx_word' id='word_1_298' title='bbox 983 3710 1023 3752; x_wconf 87' lang='lat' dir='ltr'>est</span> <span class='ocrx_word' id='word_1_299' title='bbox 1048 3703 1168 3753; x_wconf 87' lang='lat' dir='ltr'>domiuus</span> <span class='ocrx_word' id='word_1_300' title='bbox 1186 3704 1237 3752; x_wconf 91' lang='lat' dir='ltr'>ium</span> <span class='ocrx_word' id='word_1_301' title='bbox 1255 3716 1320 3767; x_wconf 88' lang='lat' dir='ltr'>per.</span> 
     </span>
     <span class='ocr_line' id='line_1_36' title="bbox 217 3772 1320 3842; baseline 0.003 -21"><span class='ocrx_word' id='word_1_302' title='bbox 217 3778 340 3840; x_wconf 74' lang='lat' dir='ltr'>petresse</span> <span class='ocrx_word' id='word_1_303' title='bbox 360 3775 457 3836; x_wconf 89' lang='lat' dir='ltr'>omnia,</span> <span class='ocrx_word' id='word_1_304' title='bbox 476 3776 528 3826; x_wconf 89' lang='lat' dir='ltr'>nisi</span> <span class='ocrx_word' id='word_1_305' title='bbox 548 3774 618 3842; x_wconf 93' lang='lat' dir='ltr'>quod</span> <span class='ocrx_word' id='word_1_306' title='bbox 647 3776 671 3824; x_wconf 91' lang='lat' dir='ltr'>ei</span> <span class='ocrx_word' id='word_1_307' title='bbox 690 3789 744 3825; x_wconf 90' lang='lat' dir='ltr'>uon</span> <span class='ocrx_word' id='word_1_308' title='bbox 768 3774 857 3825; x_wconf 87' lang='lat' dir='ltr'>cessit</span> <span class='ocrx_word' id='word_1_309' title='bbox 885 3781 913 3823; x_wconf 90' lang='lat' dir='ltr'>ut</span> <span class='ocrx_word' id='word_1_310' title='bbox 932 3772 1070 3824; x_wconf 79' lang='lat' dir='ltr'>Ruseiium</span> <span class='ocrx_word' id='word_1_311' title='bbox 1090 3775 1117 3823; x_wconf 91' lang='lat' dir='ltr'>in</span> <span class='ocrx_word' id='word_1_312' title='bbox 1136 3789 1227 3825; x_wconf 80' lang='lat' dir='ltr'>manus</span> <span class='ocrx_word' id='word_1_313' title='bbox 1246 3776 1320 3824; x_wconf 89' lang='lat' dir='ltr'>reci-</span> 
     </span>
     <span class='ocr_line' id='line_1_37' title="bbox 219 3843 1322 3912; baseline 0.002 -20"><span class='ocrx_word' id='word_1_314' title='bbox 219 3850 298 3912; x_wconf 88' lang='lat' dir='ltr'>peret</span> <span class='ocrx_word' id='word_1_315' title='bbox 317 3850 344 3893; x_wconf 85' lang='lat' dir='ltr'>et</span> <span class='ocrx_word' id='word_1_316' title='bbox 362 3843 527 3897; x_wconf 83' lang='lat' dir='ltr'>defenderet.</span> <span class='ocrx_word' id='word_1_317' title='bbox 565 3845 707 3897; x_wconf 80' lang='lat' dir='ltr'>&#39;lurcorum</span> <span class='ocrx_word' id='word_1_318' title='bbox 734 3846 802 3894; x_wconf 89' lang='lat' dir='ltr'>enim</span> <span class='ocrx_word' id='word_1_319' title='bbox 823 3853 915 3895; x_wconf 85' lang='lat' dir='ltr'>contra</span> <span class='ocrx_word' id='word_1_320' title='bbox 935 3844 1051 3896; x_wconf 87' lang='lat' dir='ltr'>Graecos</span> <span class='ocrx_word' id='word_1_321' title='bbox 1078 3845 1274 3912; x_wconf 81' lang='lat' dir='ltr'>expeditionem</span> <span class='ocrx_word' id='word_1_322' title='bbox 1294 3853 1322 3895; x_wconf 93' lang='lat' dir='ltr'>et</span> 
     </span>
     <span class='ocr_line' id='line_1_38' title="bbox 218 3913 1324 3983; baseline -0.002 -16"><span class='ocrx_word' id='word_1_323' title='bbox 218 3913 347 3967; x_wconf 82' lang='lat' dir='ltr'>trucidari</span> <span class='ocrx_word' id='word_1_324' title='bbox 375 3920 474 3966; x_wconf 82' lang='lat' dir='ltr'>tantum</span> <span class='ocrx_word' id='word_1_325' title='bbox 499 3930 584 3983; x_wconf 83' lang='lat' dir='ltr'>genus</span> <span class='ocrx_word' id='word_1_326' title='bbox 610 3916 819 3971; x_wconf 81' lang='lat' dir='ltr'>Christianorum</span> <span class='ocrx_word' id='word_1_327' title='bbox 846 3924 872 3966; x_wconf 91' lang='lat' dir='ltr'>ct</span> <span class='ocrx_word' id='word_1_328' title='bbox 897 3918 996 3967; x_wconf 85' lang='lat' dir='ltr'>vastari</span> <span class='ocrx_word' id='word_1_329' title='bbox 1022 3930 1107 3983; x_wconf 87' lang='lat' dir='ltr'>pagos</span> <span class='ocrx_word' id='word_1_330' title='bbox 1134 3924 1159 3967; x_wconf 91' lang='lat' dir='ltr'>et</span> <span class='ocrx_word' id='word_1_331' title='bbox 1182 3924 1266 3967; x_wconf 89' lang='lat' dir='ltr'>terras</span> <span class='ocrx_word' id='word_1_332' title='bbox 1295 3923 1324 3965; x_wconf 91' lang='lat' dir='ltr'>et</span> 
     </span>
     <span class='ocr_line' id='line_1_39' title="bbox 219 3984 1322 4054; baseline -0.005 -15"><span class='ocrx_word' id='word_1_333' title='bbox 219 3985 339 4039; x_wconf 78' lang='lat' dir='ltr'>funditus</span> <span class='ocrx_word' id='word_1_334' title='bbox 358 3984 492 4035; x_wconf 89' lang='lat' dir='ltr'>desertum</span> <span class='ocrx_word' id='word_1_335' title='bbox 512 3990 641 4040; x_wconf 86' lang='lat' dir='ltr'>orientem</span> <span class='ocrx_word' id='word_1_336' title='bbox 652 3988 763 4054; x_wconf 85' lang='lat' dir='ltr'>adspici‚</span> <span class='ocrx_word' id='word_1_337' title='bbox 784 4005 843 4038; x_wconf 91' lang='lat' dir='ltr'>cum</span> <span class='ocrx_word' id='word_1_338' title='bbox 861 3986 905 4037; x_wconf 90' lang='lat' dir='ltr'>hic</span> <span class='ocrx_word' id='word_1_339' title='bbox 924 3988 1121 4039; x_wconf 87' lang='lat' dir='ltr'>trucidarentur</span> <span class='ocrx_word' id='word_1_340' title='bbox 1139 3985 1322 4038; x_wconf 83' lang='lat' dir='ltr'>innumerabi-</span> 
     </span>
     <span class='ocr_line' id='line_1_40' title="bbox 219 4056 1323 4125; baseline -0.005 -16"><span class='ocrx_word' id='word_1_341' title='bbox 219 4058 260 4110; x_wconf 91' lang='lat' dir='ltr'>les</span> <span class='ocrx_word' id='word_1_342' title='bbox 279 4057 410 4119; x_wconf 84' lang='lat' dir='ltr'>homines‚</span> <span class='ocrx_word' id='word_1_343' title='bbox 430 4056 489 4106; x_wconf 87' lang='lat' dir='ltr'>illic</span> <span class='ocrx_word' id='word_1_344' title='bbox 509 4061 608 4124; x_wconf 85' lang='lat' dir='ltr'>captivi</span> <span class='ocrx_word' id='word_1_345' title='bbox 632 4060 743 4123; x_wconf 83' lang='lat' dir='ltr'>flerent,</span> <span class='ocrx_word' id='word_1_346' title='bbox 762 4060 890 4111; x_wconf 87' lang='lat' dir='ltr'>inferiore</span> <span class='ocrx_word' id='word_1_347' title='bbox 916 4058 978 4109; x_wconf 92' lang='lat' dir='ltr'>loco</span> <span class='ocrx_word' id='word_1_348' title='bbox 1005 4060 1129 4125; x_wconf 86' lang='lat' dir='ltr'>ponebat.</span> <span class='ocrx_word' id='word_1_349' title='bbox 1168 4060 1215 4111; x_wconf 89' lang='lat' dir='ltr'>sed</span> <span class='ocrx_word' id='word_1_350' title='bbox 1232 4058 1323 4108; x_wconf 86' lang='lat' dir='ltr'>Ruse.</span> 
     </span>
     <span class='ocr_line' id='line_1_41' title="bbox 218 4126 1323 4197; baseline -0.002 -19"><span class='ocrx_word' id='word_1_351' title='bbox 218 4127 273 4179; x_wconf 90' lang='lat' dir='ltr'>lius</span> <span class='ocrx_word' id='word_1_352' title='bbox 288 4129 410 4195; x_wconf 84' lang='lat' dir='ltr'>quidem,</span> <span class='ocrx_word' id='word_1_353' title='bbox 438 4126 503 4179; x_wconf 92' lang='lat' dir='ltr'>licet</span> <span class='ocrx_word' id='word_1_354' title='bbox 520 4130 620 4181; x_wconf 87' lang='lat' dir='ltr'>Turcae</span> <span class='ocrx_word' id='word_1_355' title='bbox 642 4132 757 4197; x_wconf 88' lang='lat' dir='ltr'>dispersi</span> <span class='ocrx_word' id='word_1_356' title='bbox 776 4140 866 4183; x_wconf 88' lang='lat' dir='ltr'>essent</span> <span class='ocrx_word' id='word_1_357' title='bbox 892 4144 1055 4197; x_wconf 69' lang='lat' dir='ltr'>perromnes</span> <span class='ocrx_word' id='word_1_358' title='bbox 1077 4130 1238 4182; x_wconf 85' lang='lat' dir='ltr'>Graecorum</span> <span class='ocrx_word' id='word_1_359' title='bbox 1255 4142 1323 4196; x_wconf 88' lang='lat' dir='ltr'>pro.</span> 
     </span>
     <span class='ocr_line' id='line_1_42' title="bbox 220 4197 1367 4269; baseline 0.003 -20"><span class='ocrx_word' id='word_1_360' title='bbox 220 4197 335 4263; x_wconf 72' lang='lat' dir='ltr'>vincias,</span> <span class='ocrx_word' id='word_1_361' title='bbox 354 4200 412 4266; x_wconf 88' lang='lat' dir='ltr'>ipse</span> <span class='ocrx_word' id='word_1_362' title='bbox 431 4207 505 4251; x_wconf 90' lang='lat' dir='ltr'>certe</span> <span class='ocrx_word' id='word_1_363' title='bbox 524 4200 661 4269; x_wconf 82' lang='lat' dir='ltr'>profectus</span> <span class='ocrx_word' id='word_1_364' title='bbox 679 4218 695 4252; x_wconf 88' lang='lat' dir='ltr'>a</span> <span class='ocrx_word' id='word_1_365' title='bbox 713 4201 846 4254; x_wconf 82' lang='lat' dir='ltr'>Metubole</span> <span class='ocrx_word' id='word_1_366' title='bbox 872 4202 984 4255; x_wconf 83' lang='lat' dir='ltr'>castello</span> <span class='ocrx_word' id='word_1_367' title='bbox 1011 4217 1069 4253; x_wconf 89' lang='lat' dir='ltr'>cum</span> <span class='ocrx_word' id='word_1_368' title='bbox 1089 4201 1193 4255; x_wconf 85' lang='lat' dir='ltr'>relictis</span> <span class='ocrx_word' id='word_1_369' title='bbox 1212 4200 1322 4255; x_wconf 83' lang='lat' dir='ltr'>Francis</span> <span class='ocrx_word' id='word_1_370' title='bbox 1356 4206 1367 4216; x_wconf 74' lang='grc'><strong>“</strong></span> 
     </span>
    </p>
   </div>
   <div class='ocr_carea' id='block_1_8' title="bbox 0 0 1454 4734">
    <p class='ocr_par' dir='ltr' id='par_1_11' title="bbox 0 0 1454 4734">
     <span class='ocr_line' id='line_1_43' title="bbox 0 0 1454 4734; baseline 0 0"><span class='ocrx_word' id='word_1_371' title='bbox 0 0 1454 4734; x_wconf 95' lang='lat' dir='ltr'> </span> 
     </span>
    </p>
   </div>
  </div>
 </body>
</html>
