2875 4734
567 336 773 404 ulsuoum.
1171 325 1218 400 57

117 501 162 586 μὴ
186 496 399 584 προήσεσθαι,
420 500 474 563 καί
495 496 591 562 αύτόν
615 494 754 571 σπονδάς
777 499 846 577 μετ’
870 493 990 559 ἐκείνου
1011 491 1223 559 συντίθεσθαι

119 603 174 668 κάί
194 604 251 686 τῆς
272 603 438 683 βασιλικῆς
461 596 606 676 ἐξουσίας
634 594 851 679 μεταδιδόναι.
905 598 960 660 καί
980 594 1095 659 αύτίνια
1119 595 1223 678 εύφη-

117 704 208 786 μίαις
234 702 292 767 τόν
321 699 488 784 Κομνηνὸν
508 703 753 783 κατεγὲραιρον,
781 697 949 782 κατήγοροι
981 699 1013 760 ἐν
1044 691 1225 782 sadregisitus*

120 801 290 888 συνήγοροι
313 806 367 868 καί
391 799 605 884 προασπιστοί
626 797 900 880 cressonessart
922 796 1051 880 α’νδρόα·
1109 790 1143 858 ὃν
1160 790 1222 878 γάρ

95 882 122 968 5⁵
121 904 341 987 ἐξομόσασθαι
371 899 475 987 ἔλεγον
507 905 561 967 καί
591 894 628 966 οὗ
659 903 717 988 τήν
745 906 857 990 φιλίαν
877 902 955 984 μετὰ
986 900 1042 966 τού
1066 903 1225 986 βασιλέως

122 1005 272 1084 καθάπαξ
310 1007 542 1088 ἀπαγορεύειν,
577 1001 679 1092 τούτῳ
715 1006 1022 1089 παρεμβεβλημδνως
1059 1002 1225 1084 βασιλικῆς

122 1108 213 1184 άξίας
233 1110 433 1188 περιετίθουν
455 1103 557 1189 τιμάν.
600 1107 809 1189 συνεκρότησε
824 1106 859 1171 δὲ
882 1106 1006 1181 τούτοις
1030 1106 1084 1169 καί
1103 1101 1121 1187 ἦ
1146 1097 1226 1183 πρός

124 1207 242 1283 αύτούς
261 1205 396 1282 κάθοδος
417 1215 478 1272 τῶν
500 1207 559 1270 τοῦ
585 1201 787 1290 πατριάρχου
820 1209 974 1290 α’νεψιῶν.
1027 1208 1140 1270 ἐκεῖνον,
1162 1199 1224 1285 γάρ

125 1304 168 1383 ὥς
188 1311 379 1388 πευσόμενοι
400 1306 456 1391 την
479 1309 583 1372 αἰτίαν
604 1311 658 1388 τῆς
693 1305 831 1381 στάσεως
856 1306 1067 1380 καταπτάντες
1090 1308 1123 1382 ἐξ
1145 1304 1227 1368 άπσ-

81 1412 234 1492 1οστολῇς
268 1415 325 1472 τοῦ
348 1409 521 1492 ἀρχιερέως
546 1412 761 1492 συλληφθεῖσι
790 1406 876 1491 παρά
909 1411 970 1473 τεόν
991 1405 1227 1491 στασιαζόντων

125 1506 273 1596 εἰμ’κεσαν,
294 1512 350 1572 καί
377 1501 448 1592 άρτι
471 1510 754 1592 διαχειρισθῆναι,
778 1509 808 1572 εί
840 1508 884 1592 μὴ
909 1505 924 1571 ὃ
949 1508 1146 1591 πατριάρχης
1168 1529 1227 1569 κα-

123 1607 244 1674 τελθιόν
267 1611 463 1691 συμπνεύσει
485 1607 607 1684 τούτοις
632 1608 710 1692 πρὸς
733 1609 765 1672 τὸ
798 1608 996 1694 ζητούμενον.
1048 1609 1150 1689 νυγείς
1171 1597 1228 1669 ode·

126 1717 193 1786 τοῖς
215 1710 405 1793 σπλάγχνοις
437 1714 491 1794 τῆς
516 1713 660 1796 φύσεως,
684 1712 755 1774 ἐπεί
770 1715 825 1776 κατ’
851 1707 1078 1795 πατράδελφος
1102 1700 1140 1791 ἦν
1163 1733 1228 1771 πα-

126 1808 199 1894 τρός
214 1811 329 1894 μικρὸν
350 1812 506 1897 άποδδων,
522 1812 617 1876 καίει
635 1812 689 1876 κατ’
704 1815 870 1895 άναγκαῖον
884 1809 1228 1895 ύπολογισάμενος,ΐνα

79 1910 171 1994 15μὴ
197 1913 414 1994 διχονοοῠντος
436 1916 494 1975 τού
515 1909 658 1993 πλήθους
686 1909 734 1981 ἔτι
754 1909 794 1976 τά
815 1914 869 1994 τῆς
898 1910 993 1994 σ’ργῆς
1012 1911 1153 1997 ἐκκαυθῇ
1175 1910 1230 1972 καί

128 2008 263 2091 πόλεμος
285 2005 441 2096 ἐμφύλιος
463 2012 507 2088 εἰς
529 2010 585 2096 την
606 2016 880 2077 καταστέλλσυσαν
913 2012 1002 2075 πόλιν
1021 2007 1078 2084 τάς
1100 2008 1228 2080 στάσεις

128 2113 298 2197 ἐγγίνηται,
322 2113 466 2196 πρόεισιν
488 2114 533 2188 εἰς
555 2112 591 2175 τό
611 2111 707 2195 ἱερόν,
728 2112 783 2178 καί
809 2121 873 2189 τοῖς
897 2109 1024 2187 α’δύτοις
1046 2111 1228 2193 προσκαθί-

128 2236 188 2286 σας
210 2208 293 2278 οότω
317 2211 423 2298 κριτης
454 2217 514 2279 τῶν
541 2218 715 2297 λεγομένων
746 2216 802 2277 καί
828 2209 989 2298 διαιτητὴς
1023 2209 1226 2294 ἐχρημάτισε,

130 2337 183 2376 και
206 2337 263 2396 την
284 2322 385 2398 ροπήν
406 2323 472 2390 τοῖς
504 2317 740 2397 καθαιρεθῆναι
763 2311 818 2379 τόν
838 2315 973 2394 βασιλέα
997 2313 1052 2374 καί
1077 2310 1227 2373 άντεισα-

82 2416 256 2498 νυχθῆναι
283 2412 337 2477 τόν
360 2412 526 2500 Κομνηνόν
560 2405 709 2479 ἐθέλουσι
732 2413 807 2489 δούς
828 2411 881 2478 διά
916 2409 973 2495 τήν
996 2412 1059 2474 τάν
1079 2404 1230 2473 πλειόνων

129 2514 314 2597 ἀρέσκειαν,
336 2513 389 2580 ἵνα
409 2513 452 2599 μή
474 2513 512 2580 τό
546 2516 599 2601 τῆς
624 2515 802 2589 ἐνστάσεως
822 2514 866 2588 εἷς
891 2508 1055 2598 ἐμφύλιον,
1076 2508 1120 2584 ὥς
1141 2503 1230 2572 εἴπο-

128 2637 198 2696 μεν,
218 2614 447 2699 ἐναποσκὴψειε
469 2617 624 2700 πόλεμον,
648 2610 730 2683 οότω
753 2614 811 2700 τὴν
831 2611 995 2700 εδφημίαν
1017 2615 1075 2676 τού
1097 2614 1229 2694 Κομνη-

129 2717 187 2779 νού
206 2717 316 2796 μεῖζον
338 2721 440 2801 ἐξῆρε,
463 2726 529 2795 τοῖς
550 2717 689 2804 ἱερεῦσιν
711 2720 813 2782 αύτού
833 2717 948 2800 ταύτην
970 2710 1143 2796 καθολικὴν
1158 2706 1231 2774 ἔπι·

205 2882 228 3003 ἓ·
248 2886 456 3010 πργσδσαὸθαι
474 2883 503 2937 0·
665 2885 690 2937 7·
709 2886 867 2956 περιετίθει
886 2881 922 2938 0:
952 2880 1069 2934 correxit
1085 2879 1227 2947 interpres.

224 2972 299 3008 Ι’του
318 2970 360 3006 om
402 2994 408 3007 .
1144 2978 1147 2981 .

132 3118 206 3173 sent,
236 3110 397 3163 Comnenum
429 3129 482 3164 non
518 3115 684 3164 concessisse
717 3121 744 3186 pt
775 3113 859 3179 ipsum
894 3118 969 3177 pacta
1001 3123 1059 3159 cnm
1088 3107 1136 3159 illo
1162 3122 1233 3181 pan-7

132 3198 208 3248 gere,
235 3191 261 3232 et
285 3185 376 3250 regiae
401 3187 541 3251 potestatis
567 3186 722 3251 participem
751 3184 859 3234 facere:
888 3191 969 3249 atque
994 3182 1081 3232 statim
1110 3179 1231 3230 laudibus

133 3253 296 3306 Comnenum
326 3255 498 3320 honoratam,
523 3265 692 3307 accusatores
712 3254 790 3308 simul
811 3254 1011 3306 et'deiensorcs
1031 3260 1058 3303 et
1076 3266 1231 3320 propugna-

132 3333 205 3374 tores
234 3340 263 3375 se
291 3326 432 3377 reddentes
457 3329 525 3379 riri:
551 3342 629 3395 quem
654 3329 773 3378 enimse
793 3326 930 3377 abiurasse
951 3333 977 3375 et
996 3325 1072 3375 cuins
1091 3324 1231 3374 amicitiam

132 3411 192 3446 cum
211 3411 276 3462 rege
296 3400 402 3448 omnino
421 3413 521 3467 negare
541 3398 672 3461 dicebant,
692 3400 755 3450 hnic
774 3406 874 3450 mutato
894 3397 976 3448 modo
991 3395 1231 3464 regiaedignitetis

132 3465 276 3517 induebant
294 3467 433 3519 honorem.
471 3472 598 3522 convenit
626 3470 666 3522 his
687 3471 764 3520 etiarn
789 3470 889 3521 reditus
917 3469 1036 3521 affinium
1055 3463 1230 3533 patriarchae.

130 3536 174 3589 iili
195 3538 263 3587 enim
283 3541 358 3605 qnasi
378 3543 510 3607 cognituri
530 3557 634 3592 causam
654 3543 746 3593 turbae
766 3550 938 3593 occurrentes
956 3541 1038 3590 missu
1057 3537 1231 3600 summipon-

132 3608 212 3661 titicis
233 3611 317 3675 captis
336 3626 350 3660 u
370 3612 504 3664 seditiosis
525 3614 710 3678 comprehensi
732 3621 822 3665 erant:
843 3621 869 3662 et
887 3611 975 3662 necati
995 3614 1094 3669 essent,
1113 3607 1165 3656 nisi
1182 3620 1232 3671 ps-

132 3678 249 3731 triarcbe
268 3682 408 3749 degressus
437 3700 561 3737 assensus
590 3693 661 3736 esset
679 3686 711 3736 iis
731 3686 763 3735 de
782 3701 812 3735 re
834 3683 961 3751 quaesita.
1000 3680 1069 3729 ictus
1086 3678 1169 3744 igitur
1187 3677 1232 3727 in.

131 3752 230 3803 testinu
249 3759 368 3816 naturae,
389 3771 451 3806 cum.
468 3763 494 3806 ct
512 3755 659 3808 avunculus
680 3765 752 3807 esset
770 3762 844 3822 patre
863 3767 916 3806 non
935 3750 1045 3801 multum
1064 3748 1185 3813 inferior,
1206 3756 1233 3800 et

132 3830 259 3889 reputans
274 3822 373 3890 aliquid
386 3828 541 3892 necessarii,
560 3843 594 3878 ne
613 3827 788 3878 dissentiente
801 3824 970 3879 multitudine
988 3823 1040 3872 iam
1058 3823 1097 3873 ire
1116 3836 1232 3890 augere-

132 3904 184 3957 tur,
205 3903 232 3944 et
259 3892 359 3945 bellum
387 3899 517 3949 internum
543 3900 570 3949 in
597 3898 662 3949 urbe
681 3897 804 3950 dissidies
823 3895 988 3962 deprimente
1007 3893 1140 3956 oriretur,
1167 3906 1232 3956 pro-

133 3965 252 4034 greditur
272 3965 303 4016 ad
322 3966 448 4032 templum
467 3971 494 4020 in
514 3972 605 4021 intimo
627 3971 684 4021 eius
702 3969 765 4019 loco
784 3967 903 4035 assidens
923 3967 959 4017 itu
977 3966 1057 4017 index
1082 3975 1232 4015 sermonum

134 4045 161 4088 et
179 4037 278 4088 arbiter
298 4036 383 4088 iactus
403 4048 458 4102 est,
479 4049 505 4091 et
523 4043 698 4109 principatum
718 4040 816 4106 iisqni
834 4038 894 4090 tolli
913 4051 1006 4105 regem
1026 4044 1052 4086 et
1070 4050 1119 4101 pro
1139 4046 1171 4081 eo
1188 4032 1233 4081 in.

136 4108 197 4159 duci
218 4107 380 4160 Cornnenum
407 4111 525 4176 vellent,
552 4113 669 4164 tribuens
698 4119 808 4178 propter
833 4110 948 4176 plurium
975 4107 1172 4165 assensionem,
1198 4117 1233 4153 ne

134 4179 244 4230 dissidia
263 4180 289 4229 in
309 4180 449 4246 internum,
469 4191 497 4233 ut
512 4185 634 4247 diximus,
655 4183 784 4248 incideret
801 4181 912 4244 bellum,
930 4182 967 4231 ite
986 4178 1090 4229 laudem
1104 4173 1232 4228 comneni

47 4319 52 4330 Ι
135 4252 220 4317 magis
241 4251 369 4303 efferebat
378 4255 559 4310 sacerdotibus
570 4257 624 4310 suis
643 4256 711 4307 banc
723 4254 875 4322 generalem
895 4251 1052 4305 sententiam
1068 4247 1228 4299 concedens:
