2875 4734
618 250 826 325 meroris.
961 201 972 275 Ῑ
1169 248 1267 333 νον,

170 409 257 485 ζίκου
298 411 499 491 α’νακομίζων
530 410 683 501 οἷφηρέθη
719 415 851 490 τούτους
883 411 964 498 πρὸς
1003 416 1041 501 τῇ
1069 417 1146 501 ακτῇ
1179 410 1269 501 παρέ
1362 417 1366 421 ’

167 514 229 573 τῶν
264 512 323 575 τού
355 508 571 577 Βοτανειύτου
605 516 829 599 στρατιωτῶν,
866 506 927 598 ἤδη
955 503 1184 597 καταλαβόντος
1213 511 1270 589 τύς

169 611 515 695 Προποντιλιυςύκτδς
534 617 590 679 κατ’
610 613 669 689 τδς
699 619 773 680 καθ’
793 610 1027 699 Ἑλλήσποντον.
1073 612 1154 678 οἷλλίι
1175 614 1230 679 καί
1252 610 1269 679 o‘

167 715 307 786 Λατῖνος
326 709 507 791 Ῥουσέλιος
529 713 720 791 α’ποσταλείς
754 716 789 781 τδ
816 712 965 802 δεύτερον
987 714 1065 781 κατὰ
1086 717 1144 781 τού
1167 716 1270 781 αύτο-

141 813 287 897 5δέλφου
308 817 366 876 τού
378 815 569 899 Βρυεννίοο,
590 819 705 901 μέχρις
722 816 913 903 Ἡρακλείας
929 815 1056 905 Θρᾴκης
1075 816 1270 901 α’πολέμητος

136 922 146 933 ⁸
167 908 227 977 σύν
248 919 314 987 τοῖς
335 919 598 998 στρατευομένοις
623 921 865 999 καταλέλειπτο,
886 918 941 981 καί
965 914 1021 1003 την
1039 902 1133 982 πόλιν
1154 914 1280 1001 ταύτην,
1309 994 1318 1013 .

167 1008 324 1097 ύχύρωμα
347 1018 403 1079 τού
424 1017 510 1082 ἰδίου
527 1018 762 1102 στρατεύματος
779 1017 960 1103 ἐποιήσατο,
982 1012 1267 1104 παραφυλαττόντων

167 1108 293 1178 πάντων
312 1117 367 1178 καί
391 1114 683 1200 προσδοποιούντων
701 1123 745 1207 τῷ
765 1119 963 1207 Βοτανειύτη
985 1116 1023 1184 τὰ
1049 1113 1226 1202 νικητήρια.

270 1215 312 1280 To
337 1218 363 1279 δ’
387 1216 449 1281 dub
470 1222 565 1283 τούδε
584 1218 841 1304 παρεσκευάζετο
862 1224 922 1301 μέν
948 1218 964 1284 δ
987 1218 1139 1304 βασιλεύς
1161 1212 1268 1298 ούτύν,

122 1329 156 1382 10
168 1319 249 1400 λέγω
272 1314 325 1382 τὸν
347 1318 583 1409 θεοπρύβλητπν
602 1321 832 1405 Βοτανειύτην,
853 1325 899 1397 εἰς
918 1320 952 1387 ro'
973 1330 1091 1406 χωρεῖν
1110 1317 1190 1404 πρδς
1210 1315 1268 1401 τήν

164 1412 399 1500 βασιλεύουσαν
423 1421 458 1485 έκ
481 1426 638 1497 Νικαίας·
682 1420 764 1487 πολύ
794 1424 829 1487 δέ
851 1424 970 1507 πλῆθος
996 1427 1132 1508 συρρέον
1155 1418 1190 1485 έκ
1212 1424 1267 1501 τῆς
1306 1506 1309 1512 Ι

165 1511 409 1602 μεγαλοπόλεως
442 1518 522 1606 πρδς
547 1520 645 1587 αύτύυ
666 1526 799 1608 έφσίτα,
831 1528 886 1588 καί
906 1523 1075 1602 διεσώζετο
1095 1521 1182 1606 παρὰ
1206 1520 1268 1586 τοῖν

170 1620 317 1703 Τούρκων
342 1619 397 1703 την
421 1620 483 1684 α’πὸ
505 1621 670 1708 θαλάσσης
689 1628 788 1707 μέχρι
819 1626 957 1700 Νικαίας
977 1624 1156 1704 νεμομένων
1177 1623 1269 1704 περί-

121 1793 126 1799 ,
164 1744 280 1802 χωρον.
325 1720 368 1797 ούς
396 1721 455 1805 γὰρ
480 1719 654 1807 ἐρωτῶντες
683 1720 805 1799 αύτούς
826 1721 904 1809 πρδς
933 1721 989 1789 τέν
1020 1725 1160 1807 βασιλέα
1181 1713 1406 1805 ἥκεινλῖλδτ.

122 1835 156 1887 15
165 1822 347 1895 σπουδαίως
362 1824 555 1905 ἐμάνθανον,
578 1821 680 1899 εύδύς
703 1820 836 1900 τούτους
859 1824 901 1899 ὥς
923 1822 1118 1906 ὁμοδούλους
1140 1823 1195 1887 καί
1206 1847 1268 1887 συ-

142 1919 272 2015 νήθεις
296 1922 375 2007 πρδς
395 1923 451 2008 τὴν
475 1922 659 2008 ὁδοιπορίαν
686 1929 892 2007 παρέπεμπον
924 1919 1145 2010 τοχινούτερον.
1187 1922 1268 2006 ἦμε-

165 2023 230 2105 ρῶν
252 2025 287 2087 δέ
309 2026 403 2089 τινοῖν
437 2026 667 2107 διαγενομένων
699 2024 758 2089 ούκ
781 2019 890 2111 ἤνεγκε
916 2025 971 2091 τύν
995 2021 1092 2090 πόθον
1114 2024 1132 2108 ἦ
1153 2026 1267 2090 εύδαί-

165 2146 235 2200 μων
260 2122 316 2187 καί
332 2128 590 2209 προκαθεζομένη
612 2129 667 2210 τῆς
680 2123 765 2204 έιύας
788 2126 982 2213 μητρόπολις
995 2130 1050 2191 κατ’
1070 2123 1105 2191 τύ
1117 2127 1172 2211 τῆς
1193 2130 1267 2191 δον.

129 2292 138 2307 ,
165 2226 253 2305 λικῆς
274 2230 406 2309 στοργῆς
434 2224 633 2309 περιούσιον,
653 2226 708 2290 καί
729 2226 764 2292 τύ
789 2226 849 2310 πρδ
870 2232 924 2310 τῆς
947 2228 1067 2302 πόλεως
1099 2228 1265 2310 προκαθῆ-

119 2325 243 2391 λδσθαι
268 2320 517 2409 σκηνι’τας’τούς
549 2328 669 2391 ἐκείνου
700 2330 919 2413 προασπιστύς
943 2351 976 2393 τε
998 2328 1052 2392 καί
1068 2325 1265 2411 στρατηγούς

164 2427 198 2488 έν
217 2426 375 2515 έκεχειρίρ
396 2429 452 2491 καί
470 2427 611 2519 α’πραξίρ
631 2426 664 2493 έν
684 2431 777 2517 δεινρῖ
792 2433 995 2516 ποιησαμένη,
1010 2426 1067 2513 τὴν
1089 2427 1189 2492 τδδῖνα
1209 2430 1264 2510 τῆς

163 2522 344 2610 βουλήσεως
364 2524 537 2615 έκρηγνύει,
560 2534 616 2595 καί
636 2534 723 2618 κοινῇ
743 2532 844 2621 ψήφῳ
865 2532 979 2607 πάντες
1002 2528 1031 2595 οἱ
1052 2531 1087 2594 έν
1106 2530 1189 2618 αύτῇ
1211 2525 1265 2595 τὸν

164 2629 382 2714 Βοτανειύτην
404 2628 624 2716 αύτοκρύτορα
642 2625 808 2712 Ῥωμαίων
837 2633 891 2697 καί
912 2627 1068 2719 δεσπότην
1089 2627 1265 2717 διαγορεύ-

167 2918 254 2983 tibus,
288 2921 334 2988 qui
350 2920 402 2971 iam
422 2929 601 2987 occupaverat
624 2919 705 2973 litora
722 2920 852 2971 maritima
879 2926 905 2970 et
924 2934 992 2987 quae
1010 2918 1043 2970 ad
1060 2916 1264 2983 Hellespontum

166 2991 217 3040 sita
235 2999 305 3042 sunt.
349 2991 396 3043 sed
417 2993 495 3043 etiam
514 2993 622 3044 Latinus
640 2990 768 3042 lluselius
795 2990 890 3040 missus
916 2990 1012 3040 iterum
1038 2995 1130 3040 eontra
1155 2988 1264 3041 fratrem

164 3060 294 3127 Bryennii
311 3078 397 3131 usque
410 3063 443 3114 ad
457 3062 613 3114 lleraeleam
626 3060 753 3110 Thraciae
770 3060 828 3111 sine
847 3059 952 3125 proelio
972 3074 1030 3109 cum
1049 3057 1177 3110 militibus
1195 3058 1264 3110 reli.

167 3139 226 3184 etus
245 3143 310 3198 erat,
331 3143 356 3185 el
375 3133 467 3184 urbem
486 3131 554 3182 banc
582 3130 744 3196 praesidium
762 3131 803 3182 sui
823 3131 957 3181 exereitus
977 3130 1057 3195 feeit,
1077 3131 1263 3182 conservanti.

163 3202 212 3255 bus
231 3205 351 3257 omnibns
372 3213 399 3254 et
414 3200 638 3270 prosequentibus
656 3197 813 3252 Botaniatae
832 3210 951 3268 tropaea.

261 3302 302 3355 Ex
320 3316 353 3352 eo
371 3306 459 3349 autem
477 3305 597 3364 tempore
616 3313 645 3349 se
669 3297 780 3365 parabat
801 3314 850 3349 rex
869 3299 968 3367 (ipsum
996 3300 1057 3351 dieo
1075 3315 1091 3351 a
1110 3299 1161 3351 deo
1181 3313 1263 3367 prae.

165 3370 246 3423 latum
264 3372 458 3437 Botauiatem),
477 3378 506 3419 ut
523 3370 683 3435 procederet
706 3368 798 3421 urbem
817 3370 926 3422 Nicaea.
971 3386 1066 3438 magna
1085 3379 1172 3422 autem
1190 3370 1263 3420 mul.

164 3443 249 3494 titudo
268 3442 380 3493 allluens
402 3456 417 3490 e
435 3456 530 3508 magna
548 3440 615 3491 urbe
633 3441 664 3491 ad
690 3456 749 3492 eum
774 3441 901 3493 veniebat
923 3451 949 3495 et
967 3441 1124 3493 servabatur
1143 3455 1176 3490 ex
1194 3439 1262 3491 Tur.

164 3515 214 3577 eis,
233 3515 278 3580 qui
299 3512 360 3563 loca
379 3514 580 3579 amariusque
606 3512 638 3563 ad
655 3510 779 3563 liieaeam
804 3513 939 3564 tenebant.
978 3528 1036 3562 eum
1055 3512 1125 3562 enim
1143 3511 1262 3561 interro.

164 3591 258 3651 gentes
279 3597 325 3636 eos
344 3584 377 3636 ad
395 3598 486 3651 regem
500 3582 601 3635 'venire
620 3582 739 3634 studiose
758 3582 953 3651 intelligerent,
978 3583 1065 3634 statim
1085 3580 1134 3633 bos
1152 3588 1182 3632 ut
1200 3580 1262 3631 eol.

163 3654 238 3723 leges
258 3657 396 3708 servitutis
422 3662 449 3706 et
468 3657 626 3707 coniunctos
645 3654 678 3705 ad
701 3655 753 3705 iter
769 3654 908 3705 mittebant
933 3652 1058 3704 celerius.
1096 3668 1154 3703 eum
1173 3659 1261 3704 autem

163 3728 220 3778 dies
237 3725 367 3779 nonnulli·
389 3727 609 3794 praeteriissent,
626 3739 681 3775 non
699 3724 762 3775 tulit
779 3725 939 3776 desiderium
958 3723 1036 3774 beata
1062 3731 1088 3774 et
1105 3723 1261 3791 praesidens

162 3798 260 3849 orienti
281 3799 344 3850 urbs
372 3805 400 3850 et
421 3796 531 3850 servilis
552 3799 650 3848 amoris
672 3797 776 3861 copiam
792 3803 819 3847 et
836 3804 898 3846 ante
917 3794 1008 3846 urbem
1027 3794 1122 3846 sedere
1149 3798 1177 3847 in
1198 3802 1260 3846 ten.

163 3870 239 3921 toriis
258 3868 334 3922 illius
352 3877 565 3937 propugnatores
584 3876 611 3920 et
628 3869 710 3920 duces
729 3868 756 3918 in
781 3882 847 3933 paee
867 3874 894 3917 et
912 3868 967 3917 otio
987 3881 1068 3934 aegre
1088 3868 1177 3918 ferens
1196 3879 1260 3931 par.

163 3948 217 3991 turn
238 3940 385 3993 voluntatis
405 3940 516 4004 edebat,
536 3948 563 3991 et
581 3938 713 3990 communi
741 3938 867 4005 suffragio
887 3952 978 3989 omnes
1006 3939 1034 3988 in
1053 3953 1084 3989 ea
1102 3936 1261 3989 botaniaten

163 4013 350 4079 imperatorem
361 4012 537 4064 Romanorum
549 4019 577 4062 et
595 4011 728 4063 dominum
746 4011 900 4061 renuntiant
918 4024 975 4060 cnm
986 4008 1069 4060 multo
1089 4016 1115 4058 et
1133 4007 1260 4058 indomito

164 4093 299 4138 conventu
317 4092 344 4135 et
361 4083 494 4148 elamore,
514 4099 574 4134 eum
592 4083 670 4135 modo
689 4081 786 4135 festum
805 4082 934 4134 adrentus
954 4078 1091 4149 evangelii
1108 4078 1199 4130 matris
1217 4076 1260 4128 dei

161 4153 288 4227 instaret,
308 4164 335 4209 et
352 4163 485 4212 renerum
505 4169 597 4212 ornnes
615 4156 801 4213 incommune
831 4162 858 4207 et
874 4155 1015 4209 maximum
1033 4150 1078 4208 dei
1095 4148 1256 4211 aeuuctnnr
