2875 4734
507 231 714 316 uternam.
841 184 848 197 ἱ
1112 233 1161 311 ot·
1232 193 1235 196 ⁴

59 411 196 491 νομένου
218 405 363 492 μείζονος
389 411 448 492 μὲν
468 411 531 476 τεόν
549 407 629 491 μετὰ
649 409 750 475 ταῦτα
772 410 920 492 συχνῶν,
943 402 1107 483 όλόττσνος
1127 405 1162 474 δδ

61 514 125 577 τοῦ-
141 509 251 597 πρεόην
275 515 445 596 μεγίστου,
477 515 613 576 πέπονθε
635 514 754 576 πτοόσιν
773 510 793 594 ἦ
813 510 892 574 κατὰ
915 511 1075 577 Βιθυνίαν
1097 507 1162 574 Νί-

60 637 139 677 καια
170 615 227 677 καί
261 613 485 694 πανωλεθρίαν
512 614 629 694 μικροῦ
655 614 721 676 δεῖν
746 612 801 676 καί
820 607 1046 696 καταστροφήν
1079 621 1282 677 nus-i.185r.

60 715 145 796 τελή.
190 697 220 776 οἱ
250 709 312 795 peip
336 713 557 796 ἐπισημότατοι
583 709 696 796 ταύτης
728 713 801 777 ναοί
825 708 881 774 καί
908 711 1073 792 μέγιστοι,
1093 701 1113 770 ό
1135 711 1161 772 τ’

36 816 109 881 te'u'
132 809 264 894 σ’νόματι
301 797 358 895 τ’ής
389 815 449 877 τού
484 815 562 878 θεοῦ
590 809 681 896 λόγου
709 811 827 898 σοφίας
854 812 1090 895 καθιδρυμένος
1109 811 1165 875 καί

63 915 298 998 καθιερωμένος
322 913 359 1000 τῇ
387 913 579 998 μητροπόλει
601 917 656 979 καί
682 910 797 978 ότιόν·
814 911 913 995 όγίων
934 909 1088 995 πατέριον,
1111 907 1164 977 όν·

66 1021 171 1100 θαπερ
209 1013 229 1096 ή
249 1010 329 1080 κατὰ
352 1014 409 1079 τού
428 1014 553 1099 Ἀρείου
576 1011 707 1091 σύνοδος
734 1021 799 1090 τοῖς
818 1009 1008 1088 όοιαιτύνοις
1029 1014 1084 1076 κατ’
1104 1009 1164 1095 όρ-

63 1110 211 1194 όοδόξσις
231 1111 413 1200 όβεβαιοόδη
437 1115 598 1200 πατράσι,
620 1114 674 1180 καί
701 1111 736 1180 τό
760 1109 940 1200 όρδότσμον
963 1114 1164 1199 όπαρρησιύ-

62 1220 126 1300 σόη
148 1213 204 1280 καί
226 1219 475 1302 τηλαυγέστερον
492 1217 582 1300 ἡλίου
604 1219 784 1298 διέλαμψε,
805 1217 1079 1299 συνταραχθέντες
1100 1239 1183 1294 και·Ι

22 1327 54 1382 10
63 1317 327 1402 τηδαφίοδησαν·
359 1320 414 1381 καί
435 1316 474 1382 τό
495 1319 585 1403 τείχη
608 1319 670 1408 τής.
684 1315 797 1398 ὁμοίας
818 1311 916 1402 τύχης
935 1311 1000 1380 σύν
1020 1323 1082 1391 τοϊς
1103 1340 1163 1381 πο-
1264 1361 1268 1368 ι

61 1421 193 1492 λιτιιιοίς
217 1414 367 1502 οἰκήμασι
394 1414 619 1502 μετεσχήκασι.
664 1421 719 1482 καί
745 1415 800 1482 ἀπ’
828 1418 947 1501 όκείνης
966 1420 1022 1500 τῆς
1040 1416 1162 1502 ἧμδρας
1234 1442 1236 1446 ·

59 1517 98 1581 τύ
122 1518 181 1580 τού
208 1516 326 1601 τρόμου
360 1523 532 1604 κατέληξεν.
577 1513 679 1586 Ἦσαν
714 1521 749 1584 δὲ
778 1521 882 1584 ταύτα
912 1519 968 1583 καί
998 1514 1162 1598 εἴσπραξις

61 1613 304 1703 ἁμαρτημάτων
331 1624 387 1686 καί
403 1619 496 1706 χόλος
521 1626 608 1698 θεῖος
636 1623 668 1700 ἐξ
693 1616 840 1698 ἅπαντας,
862 1619 1026 1709 η’νίττσντο
1049 1620 1096 1700 dd,
1117 1617 1162 1693 οἷς

60 1715 156 1800 ἔοικε,
177 1723 234 1785 κατ’
251 1717 308 1806 τήν
329 1726 388 1788 τοῦ
417 1725 584 1808 εἰρημένου
614 1720 730 1799 ἔθνους
761 1721 963 1809 ἔπιῳοίτησιν
983 1722 1039 1785 καί
1062 1714 1162 1785 κατύ-

20 1826 170 1886 15λυσιν·
213 1824 247 1888 ἐν
264 1821 325 1906 γὰρ
346 1831 417 1899 ταῖς
439 1827 628 1909 θεοσημίαις
655 1826 736 1908 πρός
757 1832 823 1900 τοῖς
845 1825 1021 1907 εἰρημένοις
1054 1819 1114 1886 καί
1129 1844 1161 1887 τι

58 1925 176 2002 μέλλον
192 1924 369 2009 ἐπισκῆψαι
388 1926 656 2011 προτεθετόρηται.

163 2035 276 2098 Μαΐου
291 2035 326 2098 db
340 2033 439 2120 μηνός
453 2038 507 2119 τῆς
527 2033 554 2099 δ’
576 2037 772 2113 ι’νδικτιοόνος
788 2034 1039 2110 όνόιιππεύοντυς
1058 2032 1161 2122 ἐφάνη

60 2130 198 2217 κομήτης
219 2133 331 2218 δστήρ,
354 2134 486 2200 κατόπιν
505 2139 564 2200 τού
587 2139 678 2218 ήλιόυ
702 2134 831 2218 δύντος,
851 2132 887 2200 τό
908 2137 1043 2218 μέγεθος
1065 2138 1162 2219 σίλη-

58 2241 149 2296 ναῖον
164 2235 281 2318 φόρων,
302 2227 378 2299 όταν
393 2233 414 2317 ἤ
431 2233 543 2320 σελήνη
558 2237 742 2321 πλησιφαής
756 2239 895 2320 γένηται.
916 2238 973 2299 καί
993 2233 1080 2322 ἐρύκει
1102 2238 1162 2316 μὲν
1273 2318 1277 2323 ἢ

16 2335 230 2416 λθεηνικαύτα
261 2329 376 2398 καπνόν
406 2357 475 2400 τινα
513 2339 566 2400 καί
601 2335 736 2420 ὁμίχλην
770 2339 965 2418 όκπίμπειν,
998 2333 1031 2399 ἐν
1058 2336 1094 2399 dd
1122 2338 1163 2422 τῇ

60 2430 194 2520 ἐπιούσῃ
218 2425 335 2518 ἤρξατο
358 2436 604 2519 παραδεικνόειν
633 2435 833 2522 βοστρύχους
866 2434 972 2512 τινός·
1014 2437 1069 2500 καί
1087 2431 1162 2501 όσον

60 2523 150 2598 οὗτοι
170 2533 451 2622 προτπετόννυντο,
470 2539 615 2603 τοσοῦτον
636 2561 670 2601 το
695 2541 831 2623 μέγεθος
847 2543 903 2604 τοῦ
923 2539 1058 2625 α’στίρος
1080 2534 1161 2602 end-

58 2640 162 2720 ληγεν.
206 2637 349 2704 α’πέτεινε
372 2639 408 2704 δὲ
430 2637 486 2718 τοὶς
511 2633 637 2719 οόκιίνοις
657 2641 701 2718 uic
723 2637 801 2729 πρός
829 2635 924 2724 ἓοόαν,
941 2638 1000 2707 καί
1019 2638 1063 2721 τός
1082 2636 1163 2726 πρός

59 2990 153 3057 priore
178 2990 309 3055 maximo,
340 3007 427 3044 casum
455 3009 532 3060 passa
550 3001 591 3046 est
606 2992 751 3058 Bithyniae
775 2991 837 3043 urbe
856 2990 956 3042 Nicaea
984 2999 1011 3042 et
1029 2990 1163 3042 interitum

60 3076 149 3128 paene
174 3068 200 3111 et
226 3064 394 3116 eversionem
421 3065 578 3117 absolutam.
616 3063 797 3114 illustrissima
826 3062 895 3112 enim
921 3061 1000 3111 huius
1019 3060 1118 3126 templa
1138 3068 1164 3111 et

59 3134 175 3182 maxima
200 3141 226 3182 et
251 3134 292 3198 id,
319 3137 389 3204 quod
408 3136 457 3188 sub
478 3135 584 3185 nomine
604 3134 752 3200 sapientiae
771 3132 880 3185 divinae
899 3132 1012 3182 rationis
1029 3132 1164 3182 conditum

62 3210 105 3254 eet
124 3211 151 3253 et
169 3213 298 3257 sacratum
316 3206 376 3257 urbi
396 3203 522 3270 capitali,
543 3211 569 3253 et
586 3203 714 3270 templum
732 3211 883 3254 sanctorum
895 3210 1016 3269 patrum,
1030 3201 1076 3253 ubi
1096 3217 1163 3254 eon.

62 3275 153 3326 silium
173 3284 265 3327 contra
284 3279 377 3330 Arium
396 3290 411 3324 a
431 3274 556 3340 piissimis
577 3283 603 3326 et
613 3274 768 3326 orthodoxis
788 3274 970 3326 confirmatum
986 3281 1028 3326 est
1045 3274 1164 3340 patribus

63 3355 90 3396 et
112 3361 177 3396 vera
195 3347 260 3400 rides
279 3348 366 3400 iibere
385 3344 532 3396 deliberata
552 3354 592 3397 est
613 3354 639 3397 et
665 3345 765 3398 clarius
789 3345 848 3398 sole
872 3345 1022 3412 splenduit,
1053 3354 1164 3398 centur.
1218 3345 1224 3349 ’

61 3418 126 3469 bata
151 3418 254 3470 deiecta
281 3426 342 3471 sunt
367 3416 522 3468 et·moenia
542 3417 660 3469 eiusdem
680 3418 803 3469 fortunae
823 3433 882 3468 eum
900 3418 1016 3468 civitatis
1035 3417 1165 3468 aedificiis

63 3489 207 3556 participia
232 3490 341 3540 suerunt
366 3495 393 3538 et
416 3488 477 3539 inde
503 3488 535 3539 ab
560 3488 609 3539 illo
637 3489 680 3540 die
709 3491 830 3541 tremitus
856 3489 944 3542 desiit.
983 3495 1059 3538 erant
1077 3495 1164 3537 eutem

63 3560 129 3612 haee
151 3568 177 3610 et
197 3561 302 3610 exactio
322 3567 490 3625 peccatorum
511 3569 537 3610 et
555 3560 596 3610 ira
616 3561 706 3612 diviua
727 3562 850 3612 omniuo:
870 3568 897 3611 et
916 3556 1117 3627 significabant,
1136 3563 1165 3605 ut

63 3639 184 3699 apparet,
206 3637 232 3680 et
250 3631 343 3697 populi
364 3632 560 3683 commemorati
579 3632 722 3685 adventum
737 3641 764 3682 et
782 3631 991 3697 dissipationem.
1029 3627 1164 3676 indivinis

63 3704 132 3754 enirn
158 3701 242 3768 signis
269 3711 376 3768 praeter
405 3711 607 3754 commemorata
633 3705 712 3771 etiam
746 3704 861 3754 futurum
891 3698 993 3765 aliquid
1024 3712 1165 3762 erumpere

61 3782 139 3826 antea
158 3773 352 3826 consideratum
380 3784 429 3826 est.

162 3872 232 3925 Maio
251 3877 339 3922 autem
357 3881 448 3924 mense
467 3873 640 3923 indictionem
659 3871 695 3942 ly
713 3869 902 3936 perequitante
921 3865 1043 3932 apparuit
1062 3872 1166 3915 cometa

61 3952 122 4008 post
142 3942 225 3994 solem
245 3944 409 3994 occidentem
428 3944 635 4012 magnitudinem
650 3943 736 3993 *lunae
756 3939 866 4002 itabens,
886 3937 990 4006 quaudo
1009 3936 1073 3986 iuna
1084 3935 1165 4002 piene

62 4013 162 4064 iumine
189 4022 246 4078 est,
276 4022 303 4064 et
329 4015 468 4066 videbatur
494 4024 547 4066 tum
573 4014 671 4065 fumum
697 4012 826 4079 quendam
845 4018 872 4060 et
890 4007 1015 4061 nebulam
1034 4008 1170 4078 emittere,-

14 4143 21 4155 ¹
62 4077 173 4151 postero
193 4094 280 4137 autem
300 4085 343 4136 die
364 4088 453 4152 coepit
478 4086 620 4138 ostendere
640 4085 753 4135 erinium
773 4082 868 4135 caudas
887 4081 1021 4150 quasdem,
1035 4085 1062 4127 et
1077 4087 1166 4158 punn-

61 4163 117 4206 tum
138 4156 187 4210 hae
207 4158 429 4225 extendebantur,
450 4167 549 4213 tuntum
566 4157 719 4226 magnitudo
734 4154 832 4208 stellae
845 4152 1000 4206 deficiebam
1012 4144 1167 4217 porrigebat
