2875 4734
474 259 476 262 ·
553 188 812 309 maroam<
1161 234 1238 308 ait.

125 401 237 482 μαίαν
251 399 400 482 ε’κθόμως
415 400 720 484 α’ντιλαμβόνεοθαι,
742 402 853 489 πόρρω
872 409 1003 488 θέμενος
1022 408 1078 491 τὴν
1096 409 1153 474 τοῦ
1173 414 1237 491 βοι-
1266 464 1267 471 ,

126 504 244 576 σιλέοος
268 506 405 583 βαθεῖαν
434 500 552 587 ταότην
582 503 746 576 α’πόνοιαν.
800 504 830 571 οἱ
853 509 889 571 δέ
916 491 1124 585 συνελθόντες
1149 512 1236 599 ntiae]

125 600 177 685 μή
200 606 336 685 θαρρεῖν
369 603 455 690 ου’τῷ
474 595 796 692 παρεγγυησόμενσι,
813 608 843 671 εἰ
860 608 906 691 μὴ
932 609 986 673 καί
1005 612 1069 673 τῶν
1090 609 1236 696 παρασὴ.

124 727 202 783 μων
221 707 278 785 τῆς
294 706 459 784 βασιλείας
480 702 688 789 έπενδόσηται
710 706 766 791 τὴν
785 707 1002 794 λαμπρότητα,
1025 718 1161 775 ποιεῖται
1183 704 1239 777 καί

5 889 6 892 ¹
96 808 225 868 ὅτοῦτο
259 826 316 885 της
338 828 450 885 Ιαυτου
471 804 755 892 μεγαλοφροσύνης
783 812 838 875 καί
865 813 1077 895 κοινωφελοῦς
1097 805 1238 894 όιιαιιοῆς

125 900 311 986 ὑπόδειγμα
333 895 507 989 κράτιστον,
531 908 586 969 καί
597 908 825 991 περιβάλλεται
843 916 903 993 μὲν
914 912 1068 993 χλαμόδα
1081 914 1135 975 καί
1154 908 1238 994 βόσ-
1331 950 1334 953 -

125 1026 190 1067 σον
212 1006 267 1066 καί
287 1000 473 1095 ἁλουργίδα,
498 1005 556 1088 τὴν
579 1008 607 1069 δ’
627 1009 789 1093 εόφημίαν
812 1014 869 1075 τοῦ
888 1007 1022 1094 κρότους
1044 1010 1131 1094 παρό
1154 1010 1237 1077 πόν-
1284 1060 1289 1067 -

95 1126 102 1132 ’
126 1129 196 1167 των
217 1106 414 1186 εἰσδέχεται,
445 1106 598 1189 δευτέραν
628 1108 758 1190 α’γόντος
784 1116 842 1174 τοῦ
869 1110 992 1175 ιὀυλίου
1013 1110 1109 1197 μηνός
1130 1116 1187 1194 τῆς
1208 1109 1235 1178 α’

127 1204 328 1279 ἶνδικιίωνος
351 1200 468 1269 ὁπόταν
497 1201 697 1292 όέωοφόρος
727 1204 815 1294 ἥλιος
845 1208 900 1275 τόν
922 1210 1101 1295 ἰσημερινόν
1123 1213 1237 1275 κόκλον
1263 1258 1267 1265 ,

81 1320 117 1373 10
128 1300 278 1368 έλαόναν
303 1305 525 1389 καθαρώτερον
559 1301 627 1386 όίμα
657 1309 711 1370 καί
745 1309 962 1393 λαμπρότερον
995 1307 1049 1375 τόν
1078 1317 1237 1396 περίγειον

126 1400 248 1484 κόσμον
271 1406 454 1487 ἐργάζεται,
485 1406 540 1471 καί
562 1415 628 1483 τοῖς
658 1409 841 1493 όνθριόποις
870 1409 928 1495 την
949 1410 1069 1495 ἡμέραν
1089 1413 1238 1495 μεγίστην
1330 1405 1333 1413 ’

127 1506 188 1567 καί
208 1507 385 1588 χαρίεσσαν
406 1509 461 1568 καί
487 1505 752 1590 δπερβλόζουσοιν
780 1519 844 1585 τοῖς
866 1510 998 1593 ἀγαθοῖς
1021 1511 1237 1591 α’ποδείκνυσι,

128 1604 188 1668 καί
208 1601 323 1685 κόσμον
344 1600 417 1669 dios
435 1608 578 1691 χαρίτων
602 1608 752 1692 α’ρρήτων
776 1608 978 1695 ἐμπίπλησιν.

165 1717 170 1726 ’
224 1695 383 1787 Ἀρχετοι
415 1710 585 1790 τοιγαροῦν
614 1711 678 1773 τοῖν
706 1714 865 1791 κοσμικιόν
894 1710 994 1795 ἔργων
1017 1712 1033 1775 ό
1059 1718 1127 1789 νέος
1147 1705 1238 1793 οὗτος

83 1800 287 1888 15δεσπότης
317 1802 372 1868 καί
398 1804 561 1885 βασιλεός.
618 1812 672 1873 καί
699 1813 826 1891 πρῶτον
857 1813 915 1887 μὲν
936 1814 1144 1896 καταπλήττει
1164 1813 1237 1891 τεός

134 1893 277 1979 Οόννους
300 1897 462 2004 ἅπαντας,
495 1901 566 1971 όοοι
597 1907 653 1992 τὴν
674 1905 757 1973 ἑιόαν
786 1914 991 1994 κατέτρεχον,
1016 1915 1070 1975 καί
1089 1908 1237 1994 θάμβους

129 2008 188 2069 καί
208 2003 344 2088 οἷπορίας
365 2012 485 2092 πληροί.
529 2014 586 2073 καί
607 2004 723 2094 ἤρξατο
743 2019 876 2095 συρρεῖν
899 2014 948 2075 ἐπ’
969 2009 1069 2076 αὐτόν
1090 2018 1235 2085 πλεῖστον

129 2099 207 2171 ’όσον
224 2107 407 2191 Τουρκικόν
426 2114 547 2193 πλῆθος
570 2112 743 2199 ένδοολικηῑ
771 2114 814 2197 τῷ
838 2112 1042 2198 φρονήματι·
1087 2092 1237 2198 παρῆσαν

129 2204 193 2290 γόρ
215 2206 315 2295 τούτῳ
340 2208 526 2290 αὐτόμολοι,
547 2213 601 2295 τήν
622 2233 655 2275 τε
679 2214 827 2274 δουλείαν
849 2211 1085 2295 ὁμολογοῦντες,
1105 2216 1159 2275 καί
1180 2212 1237 2295 τὴν

84 2306 216 2390 ’,λυπρός
237 2303 338 2372 αότόν
358 2308 487 2390 όμιλιάν
509 2315 565 2373 καί
586 2310 642 2393 την
663 2306 765 2374 οότοό
785 2313 866 2375 θέαν
885 2313 1069 2395 εόεργεσίαν
1088 2317 1238 2396 μεγίστην

132 2403 219 2473 εἶναι
240 2414 490 2493 κατατιθέμενοι.
512 2405 550 2494 ἦν
576 2409 637 2496 γόρ
658 2415 817 2497 θεαθῆναι
838 2415 897 2493 μέν
918 2411 1137 2497 φοβερώτατος
1158 2410 1239 2492 όμοῦ

133 2513 192 2574 καί
211 2508 370 2595 ἦδότατος
390 2516 435 2599 τῷ
457 2536 491 2575 τε
511 2514 751 2598 καταπληκτικηῑ
778 2514 835 2577 τοῦ
853 2517 1010 2596 μεγέθους
1034 2515 1088 2577 καί
1106 2513 1144 2599 τῇ
1165 2512 1238 2575 ἐπι-

134 2618 256 2697 φονείφ
278 2614 332 2697 τῆς
354 2607 464 2698 ῥιόμης
492 2611 548 2679 καί
572 2617 614 2699 τῷ
635 2614 689 2696 τῆς
712 2605 818 2695 ὅψεως
845 2614 981 2702 χαροπηλ
999 2612 1053 2678 καί
1073 2614 1238 2698 α’στραπη.

133 2913 361 2983 imprudentiam„
389 2911 437 2964 illi
455 2920 542 2965 autem
567 2914 680 2966 adeum
709 2915 903 2966 convenientes
930 2923 989 2963 cum
1010 2913 1192 2983 declarassent
1210 2927 1239 2965 se

136 2990 162 3040 ei
181 3001 237 3037 non
256 2984 403 3038 confisuros
424 3000 503 3049 esse,
526 2986 579 3038 nisi
600 2985 679 3035 etiam
697 2984 840 3049 insignium
864 2984 942 3050 regni
961 2982 1091 3035 induisset
1109 2982 1239 3047 splendo-

135 3075 208 3122 rem,
234 3058 320 3109 reddit
345 3058 424 3109 etiam
450 3057 502 3107 hoc
523 3071 587 3106 suae
604 3054 828 3119 magnanimitatis
856 3060 882 3101 et
905 3054 1050 3103 communis
1070 3052 1239 3104 obedientiae

136 3133 323 3183 documentum
342 3128 529 3187 firmissimum,
552 3132 580 3179 et
597 3124 682 3173 induit
710 3122 821 3189 pallium
841 3130 867 3173 et
885 3122 983 3173 lincam
1002 3130 1105 3174 vestem
1127 3131 1154 3174 ct
1173 3137 1239 3188 pur.

135 3218 242 3270 puram,
262 3201 449 3260 salutationem
477 3202 565 3244 autem
590 3195 727 3261 potentiae
753 3195 793 3245 ab
812 3195 932 3246 omnibus
959 3195 1075 3262 accipit,
1095 3194 1239 3246 secundum

136 3273 206 3325 diem
230 3280 328 3341 agente
352 3267 422 3321 lulio
447 3279 539 3317 mense
563 3265 717 3318 indictionis
736 3266 763 3330 1,
793 3267 896 3333 quando
924 3265 964 3319 sol
993 3265 1090 3319 lucifer
1109 3264 1239 3318 circulum

136 3344 301 3411 aequinoctii
321 3342 411 3392 ferens
427 3337 511 3404 magis
530 3353 623 3404 purum
642 3337 720 3389 simul
741 3346 768 3389 et
778 3337 987 3405 splendidiorem
1006 3348 1140 3391 terrenum
1159 3352 1238 3389 muu-

136 3417 197 3467 dum
216 3416 281 3466 facit
300 3421 327 3463 et
344 3408 496 3462 hominibus
516 3411 585 3461 diem
606 3411 746 3461 maximum
766 3418 793 3477 et
810 3411 952 3463 iucundum
973 3419 999 3463 et
1017 3412 1171 3463 affluentem
1186 3408 1237 3457 bo.
1321 3452 1324 3461 ,

136 3487 179 3539 nis
198 3486 294 3547 reddit,
315 3481 481 3536 otmundum
500 3483 656 3534 universum
674 3483 768 3550 gratiis
793 3483 1016 3535 inenarrabilibus
1036 3482 1138 3546 implet.

237 3570 353 3637 attingit
380 3584 444 3637 ergo
474 3570 604 3620 mundana
631 3571 741 3637 negotia
765 3570 895 3623 iuvenilis
922 3571 966 3620 hic
987 3570 1108 3621 dominus
1135 3576 1237 3629 atrox,

136 3651 217 3709 atque
235 3642 347 3707 primum
367 3642 473 3709 quidem
492 3641 610 3691 concutit
627 3641 736 3694 Hunnos
763 3657 865 3705 omnes,
885 3643 930 3707 qui
945 3640 1074 3692 orientem
1093 3655 1238 3706 percursa.
1293 3636 1296 3651 ’

136 3716 215 3776 bant,
243 3715 269 3761 ct
287 3720 397 3779 stupore
416 3720 496 3779 atque
515 3712 679 3763 dubitatione
698 3713 806 3778 implet:
832 3722 912 3777 atquo
941 3712 1186 3783 coepitconfluere
1205 3712 1238 3778 ad
1271 3726 1276 3737 ι

138 3800 198 3836 enm
225 3783 338 3851 plurima
363 3783 502 3835 multitudo
525 3784 666 3835 'furcarum
690 3786 779 3835 animo
804 3783 917 3836 servili:
946 3782 1054 3834 aderant
1080 3784 1149 3835 enim
1175 3783 1238 3833 huic

137 3856 302 3924 transfugae,
323 3857 478 3907 servitutem
498 3856 654 3926 profitentes
674 3863 701 3906 et
722 3856 779 3906 cius
800 3854 1027 3918 consuetudinem,
1048 3862 1073 3905 et
1093 3858 1149 3906 eius
1169 3869 1237 3915 οοιι,

137 3936 256 3994 spectum
273 3928 433 3979 beneficium
453 3929 592 3978 maximum
607 3942 666 3979 csso
686 3935 848 3979 statuentes:
869 3929 1012 3976 eratenim
1033 3927 1160 3994 adspectu
1179 3939 1237 3974 ma.

137 4002 207 4051 xime
231 3998 417 4052 formidolosus
442 3998 520 4052 simul
546 4007 573 4049 et
598 4001 789 4061 suavissimus,
823 3998 968 4050 efficientia
991 3996 1179 4066 magnitudinis
1213 4003 1240 4045 ct

139 4081 285 4139 conspectu
305 4070 410 4124 roboris
430 4078 456 4122 ct
474 4071 613 4125 oculorum
631 4070 714 4123 alacri
736 4079 762 4121 et
781 4070 888 4139 fulgura
908 4072 1044 4122 emittente
1071 4068 1156 4120 vultu.
1195 4067 1238 4119 di.

121 4141 253 4202 ,lucidum
274 4143 345 4195 enim
360 4142 460 4195 babens
475 4145 530 4199 oris
549 4141 651 4197 vultum
665 4144 771 4209 integro
791 4140 888 4197 rubore
903 4140 994 4194 oculos
1012 4137 1158 4206 praebebat
1176 4150 1239 4208 gra.
