2875 4734
180 273 253 348 316
485 279 704 347 urcnamrs
735 275 994 345 aerumnas
1037 228 1039 238 ,
1076 252 1102 287 ⁸

281 443 367 505 Ἐπεί
388 443 423 504 δὲ
446 444 500 522 τῆς
521 443 701 523 σωματικῆς
724 443 879 521 τιμωριάς
912 422 1081 521 ἐποιήσατο
1119 441 1272 525 πρόνοιαν

181 539 327 617 δεδωκῶς
349 541 460 622 καιρὸν
483 539 575 627 ὀργῇ,
599 542 654 603 καί
674 542 921 625 φιλανθρωπίαν
942 538 1282 631 ουγκερύσαςτοῖςῶγ.

180 646 352 726 θρωπίνοις
374 649 490 722 κακοῖς,
516 640 624 704 ῶπεῖδε
647 638 701 704 καί
721 637 802 723 πρύς
830 638 887 723 την
909 636 1195 720 ἒπεισκωμοίσοσαν
1227 642 1284 707 λύ-

180 768 244 828 μην
264 745 304 805 ού
323 738 384 825 πρὸ
410 744 534 806 πολλῶν
555 739 675 805 τούτων
687 738 857 824 ἐνιαυτῶν,
878 742 932 805 καί
950 743 1206 826 διαφθείρουσαν
1227 742 1285 829 την

181 831 268 921 τύξιν
290 846 346 926 τῆς
368 844 431 907 τῶν
450 839 597 925 ύπηκόων
618 846 765 918 πύστεως,
788 846 843 905 καί
862 838 1018 925 σύγχυσιν
1030 842 1111 931 αύτῇ
1135 846 1310 927 παρενεί-5

182 966 314 1027 ρουσαν,
337 941 392 1005 καί
412 942 471 1025 την
493 939 660 1024 βασιλικὴν
684 941 862 1027 ὑπηρεσίαν
882 945 929 1017 είς
950 941 1088 1024 οἷπορίαν
1109 945 1166 1006 καί
1183 966 1284 1029 φρον-

180 1045 253 1107 τίδα
275 1040 419 1124 χαλεπὴν
449 1037 712 1122 περιβάλλουσαν.
723 1058 728 1065 “’
758 1045 811 1106 καί
830 1039 891 1125 γαρ
916 1041 1018 1124 ἔργοις
1049 1042 1157 1117 ου’τοῖς
1176 1067 1284 1123 μεμα-

154 1142 289 1227 ιθηκῶς
310 1143 354 1217 ῶς
375 1142 415 1226 τῇ
440 1145 526 1227 κοινῇ
548 1138 645 1226 φύσει
667 1145 724 1205 τοῦ
743 1140 821 1206 κατὰ
847 1139 957 1224 καιρὸν
982 1145 1138 1222 βασιλέως
1150 1144 1284 1208 δουλεύ-

153 1277 156 1283 <
184 1267 272 1319 οντος
304 1245 360 1307 καί
386 1246 431 1327 τῷ
465 1245 523 1305 τοῦ
547 1240 686 1324 μεγύλου
722 1246 879 1324 βασιλέως
902 1245 956 1306 καί
979 1243 1183 1325 δημιουργοῦ
1219 1248 1282 1307 τῶν

182 1340 332 1409 οἷπύντων
361 1339 577 1426 προστάγματι
599 1346 662 1407 τῶν
692 1344 819 1408 ἐνθένδε
849 1347 1108 1423 μεθισταμένου,
1137 1347 1208 1409 dvd'
1238 1337 1281 1409 ῶν
1294 1360 1326 1413 10

183 1438 320 1532 ῶφειλεν
348 1442 363 1505 ὅ
392 1445 462 1523 μετ’
485 1442 755 1525 «aristaenete
783 1442 856 1518 τούς
878 1443 1153 1528 εὖορεστὴοοντας
1175 1447 1281 1532 ἐκείνῳ

182 1550 280 1631 μέχρι
305 1544 431 1623 παντὸς,
452 1540 580 1626 κοίτην
602 1543 911 1627 εύγνωμοσύνηντῆς
934 1545 1077 1619 δουλείας
1099 1546 1294 1625 astrasapes:

183 1670 256 1720 νους
280 1646 335 1709 καί
358 1641 393 1707 τὸ
416 1647 471 1727 τῆς
494 1644 722 1727 παραστάσεως
746 1647 880 1724 α’κλινὲς,
902 1647 957 1709 καί
977 1644 1032 1709 τὸν
1054 1642 1203 1724 καύσωνα
1227 1648 1281 1727 τῆς

183 1742 306 1831 ἡμέρας
327 1748 382 1809 καί
401 1744 455 1808 τὸν
478 1742 612 1828 παγετὸν
631 1747 687 1827 τῆς
710 1744 821 1820 νυκτός
847 1742 1085 1829 ἀνειλήσαντας
1109 1753 1179 1819 τοῖς
1202 1770 1285 1809 πον-

182 1843 293 1927 νύχμις
314 1844 369 1909 καί
386 1847 592 1928 πανημερίοις
615 1847 772 1931 φροντίσι,
795 1847 849 1929 τῆς
868 1846 1087 1928 προσηκούσης
1100 1845 1285 1929 κηδεμονίας
1296 1869 1328 1922 15

184 1944 239 2011 καί
258 1949 476 2031 προσπαθείας
502 1948 679 2027 καταξιούν,
702 1951 758 2012 καί
781 1944 823 2021 ῶς
845 1942 989 2027 οἷγαθούς
1003 1945 1135 2019 δούλους
1158 1945 1215 2009 καί
1230 1971 1285 2010 πι-

184 2045 279 2121 στούς
301 2046 461 2126 εύποιεῖν,
490 2049 545 2110 καί
571 2045 627 2131 την
651 2045 755 2132 φλόγα
777 2050 831 2129 τῆς
855 2049 910 2110 τοῦ
932 2046 1086 2110 δεσπότου
1108 2044 1285 2130 στερήσεως

183 2151 360 2229 βασιλικοῖς
381 2150 580 2231 καταψύχειν
601 2146 857 2234 φιλοτιμήμασι,
890 2148 943 2210 καί
963 2143 1014 2210 τόν
1035 2150 1152 2232 θρῆνον
1177 2146 1285 2212 αύτῶν
1360 2212 1364 2225 ,

184 2255 369 2331 μεταποιεῖν
391 2251 435 2324 εἰς
460 2246 494 2313 τό
518 2252 737 2332 χαριέστερον,
760 2247 864 2330 βαρύς
884 2248 1005 2327 μᾶλλον
1017 2248 1121 2323 αύτοῖς
1144 2247 1284 2334 ἅναφαί.

185 2374 285 2428 ντται,
307 2349 362 2413 καί
384 2358 453 2424 ταῖς
478 2351 602 2425 ούσίαις
624 2352 729 2415 αυίῶν
749 2356 873 2425 πολλοῖς
895 2346 1010 2431 ἱδρῶσι
1030 2350 1085 2412 καί
1098 2348 1203 2425 πόνοις
1215 2352 1287 2413 ε’πι-
1296 2367 1331 2421 20

163 2451 369 2534 ’κτηθεῖσαις
392 2448 591 2531 ἐπιβουλεύει
614 2453 824 2537 φιλοκερδῶς,
856 2454 914 2513 καί
938 2474 998 2512 που
1022 2451 1078 2513 καί
1099 2474 1186 2525 τινας
1212 2446 1288 2514 τού-

187 2575 249 2614 των
270 2548 459 2634 ὑπερορίους
481 2549 638 2633 ποιεῖ,μῆ
664 2551 704 2613 τὰ
728 2555 762 2615 ἐν
784 2555 858 2615 ποσί
878 2552 1034 2634 καθορῶν,
1054 2551 1109 2615 καί
1127 2548 1162 2614 τὸ
1184 2549 1287 2632 παριέ-

189 2651 303 2733 δειγμα
329 2650 442 2727 δεδιῶς
466 2650 509 2726 ῶς
531 2651 587 2716 καί
606 2654 651 2728 είς
673 2648 785 2734 αύτύν,
804 2655 924 2734 μᾶλλον
947 2653 982 2716 δὲ
1005 2651 1079 2727 τούς
1101 2651 1153 2715 ὑπ’
1176 2648 1286 2737 αὐτὸν,

289 2965 430 3033 Postquam
455 2972 542 3016 autern
561 2966 682 3033 corporis
700 2979 805 3032 poenae
823 2967 979 3034 prospexit,
1008 2966 1158 3018 concedens
1183 2973 1286 3034 tempus
1349 2968 1358 2979 ‘

189 3038 246 3090 irae
267 3046 293 3089 et
310 3036 499 3088 humanitatem
518 3038 665 3089 admiscens
681 3036 802 3089 humanis
823 3038 909 3101 maiis,
927 3040 1060 3103 spectavit
1079 3038 1203 3089 etiamad
1222 3054 1287 3105 per.

188 3110 297 3173 niciem,
318 3124 388 3175 quae
407 3115 526 3175 grassata
545 3118 603 3159 erat
619 3108 782 3161 nonnuliis
802 3118 863 3161 ante
882 3110 958 3160 annis
979 3116 1005 3159 et
1023 3108 1150 3175 perdebat
1168 3109 1287 3161 ordinem

187 3180 250 3233 fidei
268 3179 468 3242 subiectorum,
501 3188 527 3231 et
554 3179 738 3232 confusionem
768 3182 793 3230 ei
813 3180 975 3232 admiscebat
999 3188 1025 3229 et
1043 3180 1132 3246 regios
1152 3181 1287 3232 ministros

189 3253 218 3301 in
237 3249 429 3302 dubitationem
460 3258 487 3301 et
506 3266 594 3302 curam
614 3251 752 3305 diiiioilem
772 3253 906 3303 coniecit:
938 3252 1035 3302 etenim
1054 3252 1119 3316 ipsis
1138 3252 1218 3303 rebus
1238 3267 1288 3303 co.

187 3330 337 3390 gnoverat,
364 3323 494 3373 communi
512 3329 623 3374 naturae
649 3339 715 3391 rege
734 3324 896 3389 temporario
916 3323 1053 3375 serviente
1078 3330 1104 3372 et
1124 3338 1157 3373 ex
1175 3324 1287 3389 irnperio

187 3394 277 3460 magni
296 3393 369 3461 regis
389 3401 416 3442 et
436 3395 566 3446 creatoris
587 3395 702 3445 omnium
723 3394 791 3445 hanc
807 3402 904 3447 terram
922 3392 1103 3460 relinquente,
1125 3409 1183 3445 oum
1204 3395 1287 3446 debe.
1331 3430 1343 3451 .

186 3471 229 3514 ret
248 3466 385 3530 proximus
413 3478 463 3515 rex
485 3473 576 3533 gratos
598 3465 640 3516 illi
661 3468 768 3517 omnino
790 3475 816 3516 et
834 3467 880 3534 qui
899 3466 996 3516 bonum
1019 3466 1132 3517 animum
1150 3467 1288 3517 servitutis

188 3536 363 3588 ostenderunt
383 3542 409 3586 et
427 3538 655 3601 perseverantiam
681 3539 813 3589 immotam
834 3545 860 3588 et
879 3536 1052 3589 aestum'diei
1081 3544 1108 3587 et
1133 3535 1218 3605 frigus
1236 3552 1289 3589 no.

187 3606 237 3657 ctis
258 3608 379 3673 perpessi
398 3615 459 3659 sunt
476 3610 613 3659 nocturnis
639 3616 666 3659 et
684 3609 786 3660 diurnis
814 3610 902 3675 curis,
934 3608 1130 3659 accommodata
1152 3611 1289 3660 curatione

188 3685 215 3728 et
233 3676 426 3729 benevolentia
452 3679 557 3747 dignari
586 3688 665 3747 atque
696 3688 725 3729 ut
755 3681 783 3730 in
800 3680 885 3731 bonos
904 3694 997 3730 servos
1026 3688 1052 3730 et
1071 3679 1138 3736 fidos
1157 3680 1289 3732 beneficia

188 3748 313 3799 conferre
336 3757 363 3800 et
381 3748 509 3800 dammam
529 3749 676 3803 orbationis
696 3752 795 3802 domini
815 3753 898 3819 regiis
916 3750 1079 3817 refrigerare
1098 3751 1191 3817 donis,
1209 3760 1290 3819 atque

187 3820 393 3872 lamentationes
413 3834 505 3872 eorum
524 3830 632 3873 vertere
653 3824 681 3873 in
699 3823 809 3889 gratias,
831 3838 889 3873 eum
909 3837 1018 3889 gravem
1039 3824 1124 3890 magis
1153 3824 1186 3873 iis
1206 3838 1290 3890 appa.

187 3907 248 3942 rere
268 3898 294 3941 et
312 3890 390 3942 bonis
412 3907 504 3943 eorum
519 3892 603 3943 multo
622 3895 719 3946 sudore
740 3901 766 3944 et
784 3893 877 3945 labore
896 3896 1062 3960 recuperatis
1082 3894 1203 3947 insidiari
1223 3895 1290 3945 lucri

187 3970 375 4028 appetentem,
399 3971 478 4031 atque
505 3965 582 4015 etiam
611 3960 737 4031 quosdam
769 3964 862 4017 horum
892 3967 919 4015 in
952 3965 1061 4017 exilium
1087 3965 1211 4030 mittere,
1237 3979 1290 4015 non

159 4080 163 4086 .
187 4041 308 4098 prompta
336 4035 547 4100 conspicientem
568 4044 595 4087 et
620 4036 770 4102 exemplum
796 4038 950 4100 timentem,
972 4038 1050 4088 etiam
1080 4038 1216 4104 adipsum
1234 4050 1292 4086 nra-

188 4104 289 4169 gisque
319 4104 351 4155 ad
381 4104 514 4157 subiectos
544 4106 656 4158 relatum
683 4115 795 4174 aperte:
822 4107 873 4160 hoc
901 4108 973 4158 claro
998 4124 1165 4179 cognoscens
1192 4107 1296 4163 studuit

191 4172 311 4228 morbum
333 4174 404 4229 hunc
425 4178 498 4229 utin
518 4177 599 4229 diram
618 4188 741 4245 agentem
762 4179 945 4232 difficultatem
967 4182 1072 4247 sistere,
1093 4189 1119 4232 et
1136 4180 1225 4249 legem
1245 4194 1298 4249 op-
