2875 4734
224 325 261 377 vt
427 310 664 376 wttututttt
696 313 873 376 BRUNE‘Tl
903 315 958 376 DE
986 314 1136 388 PRESLE

324 475 486 577 Ἱστορία
519 482 717 549 &svesona
753 479 854 574 παρὰ
880 481 1041 577 Μιχαὴλ
1076 476 1328 576 αὶδεοιμωτά-

130 607 132 611 ’
226 631 295 674 του
326 610 453 703 κριτοῦ
475 604 535 674 ἐπὶ
560 609 630 673 τοῦ
665 599 898 702 ἱπποδρόμου
930 605 992 674 καὶ
1018 612 1089 677 τοῦ
1114 607 1227 703 βήλου
1259 617 1328 680 τοῦ

227 729 509 800 Ἀτταλαάτου.
570 731 730 801 Praesrra
758 744 811 820 est
842 733 994 828 epistola
1020 732 1246 806 dedicatoria
1281 733 1327 807 ad

226 856 486 952 imperatorem
513 857 759 961 Nicephorum
783 858 1020 929 Botaniatem.
1074 861 1145 962 lles
1171 884 1326 955 quarum

229 982 307 1078 ipse
328 983 429 1053 testis
454 983 582 1075 extitit,
607 983 706 1053 brevi
736 980 899 1077 quodam
927 984 1103 1055 orationis
1127 1009 1260 1082 genere
1286 1011 1328 1058 ae

227 1107 383 1203 simplici
408 1132 552 1178 narrare
570 1132 608 1178 se
634 1107 828 1204 profitetur
841 1110 865 1195 ¹)
892 1107 972 1205 περὶ
999 1101 1045 1178 ὧν
1071 1108 1135 1219 οὐκ
1160 1108 1252 1206 α’κοῇ
1265 1110 1327 1180 καὶ

227 1231 360 1322 μύθοις
380 1231 511 1327 ἑτέρον
538 1229 750 1328 παρέλαβον
777 1232 865 1300 ἀλλ’
878 1224 924 1301 ὧν
951 1231 1139 1313 αὐτόπτης
1161 1233 1222 1301 καὶ
1235 1236 1328 1302 Seor-

228 1357 292 1438 τὴς
319 1357 568 1455 ἐχρημάτιαα.
623 1355 817 1427 Exorditur
839 1382 859 1427 a
884 1357 1059 1428 Michaele
1081 1358 1327 1456 Paphlagone‚

233 1481 298 1578 qui
324 1505 421 1552 auno
450 1479 580 1551 Christi
612 1484 707 1553 1034
742 1480 1085 1581 insperator'lactus
1112 1495 1176 1551 est.
1234 1482 1325 1554 lnde

227 1607 397 1702 quinque
422 1606 654 1701 sequentium
668 1611 914 1702 Augustorum
939 1606 1028 1677 vitas
1054 1606 1212 1678 breviter
1237 1616 1324 1702 per-

230 1731 412 1825 sequitur3
434 1710 528 1800 'cum
558 1744 678 1801 autem
716 1729 763 1801 ad
794 1731 946 1803 Romani
975 1732 1146 1827 Diogenis
1184 1746 1220 1803 et
1254 1734 1327 1807 Mi·

229 1855 363 1926 chaelis
383 1856 504 1925 Ducae
525 1868 694 1951 tempora
717 1858 898 1952 pervenit,
926 1881 1084 1952 quorum
1112 1858 1179 1928 sub
1208 1859 1327 1954 impe-

231 1980 286 2050 rio
311 1980 416 2051 variis
442 1979 585 2050 functus
613 1995 665 2051 est
691 1982 970 2077 magistratibus,
981 1981 1052 2050 iarn
1079 1983 1181 2053 aulae
1208 1998 1328 2055 muta-

227 2105 319 2175 biles
344 2117 470 2196 status,
484 2083 704 2200 bellicasque
727 2105 978 2200 expeditiones
1001 2107 1136 2200 quibus
1154 2106 1328 2200 interluit,

229 2228 341 2300 fusius
367 2238 515 2302 narrare
538 2228 671 2325 coepit.
724 2229 932 2324 Nicephoro
956 2229 1118 2326 denique
1138 2232 1327 2303 Botauiate

230 2354 354 2427 omnia
380 2379 474 2451 quae
499 2378 566 2450 per
579 2355 771 2426 biennium
796 2369 894 2451 gesta
917 2368 1001 2425 sunt
1021 2356 1174 2426 summis
1198 2381 1327 2427 cumu-

227 2481 277 2551 lat
301 2477 488 2564 laudibus,
516 2492 657 2550 caetera
683 2478 859 2576 deinceps
884 2505 922 2550 se
950 2485 1143 2552 relaturum
1172 2482 1328 2576 promit-

227 2617 308 2676 tens
323 2609 362 2687 ²).
389 2605 597 2676 Botaniates
622 2629 708 2678 vero
738 2617 822 2699 post
846 2605 989 2699 aliquot
1015 2627 1156 2675 menses
1175 2606 1220 2675 ab
1244 2605 1328 2676 Ale-

228 2730 290 2800 xio
316 2727 508 2800 Comneuo
534 2729 670 2826 palatio
698 2729 865 2824 expulsus
902 2728 939 2798 in
973 2729 1233 2800 monasterium
1270 2755 1328 2801 se-

220 2851 352 2942 cessit:
376 2852 475 2925 unde
504 2855 687 2926 coniicere
720 2853 837 2948 possis
872 2853 910 2923 in
940 2865 1014 2923 tarn
1050 2853 1169 2925 subita
1205 2880 1325 2927 rerum
1420 2878 1421 2933 3

230 2979 435 3051 mutatione
465 2992 649 3071 nostrum,
687 2978 715 3048 si
744 2975 857 3048 modo
880 2978 1025 3074 patroni
1051 2979 1178 3050 ruinae
1200 3005 1327 3076 super·

229 3104 299 3176 luit
324 3103 449 3190 eliens,
477 3127 523 3172 ne
549 3103 682 3198 prioris
697 3101 841 3173 domini
857 3101 982 3175 laudes
996 3103 1142 3177 crimini
1163 3107 1232 3176 sibi
1248 3131 1327 3177 ver·
1419 3132 1420 3193 3

228 3242 407 3322 terentur,
436 3227 526 3298 nihil
554 3228 666 3324 magis
694 3242 837 3324 optasse
854 3255 965 3325 quarn
992 3230 1086 3300 utin
1102 3231 1325 3301 oblivionem

165 3375 172 3390 ’
231 3354 382 3424 veniret.
437 3349 549 3441 Quod
577 3353 608 3422 ei
636 3351 700 3424 diu
736 3367 772 3424 et
797 3353 917 3425 forsan
950 3356 1042 3426 ultra
1075 3379 1176 3451 spem
1208 3355 1328 3426 eonti-

229 3479 321 3576 gisse
342 3476 494 3553 videtur.
520 3477 659 3551 Nullam
689 3478 786 3550 enirn
817 3480 892 3550 eius
918 3478 1016 3576 apud
1042 3483 1236 3577 scriptores
1263 3484 1327 3576 qui

232 3602 362 3674 eadem
390 3615 506 3674 aetate
533 3603 748 3697 floruerunt,
767 3605 993 3699 mentionem
1017 3604 1175 3674 invenio.
1229 3601 1327 3675 Con-

230 3741 327 3798 stant
352 3742 475 3799 tamen
503 3729 561 3800 illa
588 3729 634 3800 de
663 3730 777 3800 nostri
803 3729 905 3799 libris
931 3754 973 3800 ac
995 3730 1085 3821 vita,
1117 3729 1250 3826 partim
1286 3756 1327 3802 ex
1417 3810 1418 3817 χ

233 3853 310 3923 eius
337 3847 383 3923 de
406 3879 444 3923 se
471 3855 550 3948 ipso
576 3853 806 3924 testimoniis.
870 3852 947 3922 Fuit
972 3852 1122 3924 Michael
1145 3855 1327 3924 Attaliates

334 4115 362 4183 1)
384 4112 433 4164 fol.
456 4109 506 4165 168
524 4119 608 4164 recto.

331 4211 362 4279 2)
384 4208 431 4262 lol.
450 4207 502 4262 239
523 4223 612 4262 verso.
