2875 4734
462 238 466 243 ’
556 234 780 314 maroam.-
905 189 908 193 ⁵
1139 242 1212 318 ast

171 389 174 393 -
843 360 860 391 Ι

115 401 275 486 γινόμενος
297 401 354 466 καί
368 401 565 489 τήνεῖρήνην
589 406 838 490 διαπορθμεύων
869 410 924 471 καί
950 405 1048 471 πολλά
1071 408 1132 473 τάν
1153 407 1218 489 otp-

116 502 368 596 φισβητημάτοιν
386 505 429 580 άς
449 504 565 571 ἐπίπαν
599 504 833 590 καταπραάνων
862 506 917 571 καί
937 507 1109 587 πολεμικάς
1126 530 1218 592 περι·

115 604 241 680 στάσεις
262 604 462 686 ἀποσοβῶν.
490 605 581 671 ἔπεσε
603 608 639 670 δὲ
658 612 827 691 τηνικαῦτα
861 612 894 687 ἐξ
916 602 1098 689 αὐτομάτου
1118 608 1136 691 ἡ
1160 610 1236 671 τοῦ.

114 706 293 787 Βρυεννιόυ
314 707 420 790 σκηνή,
442 711 497 772 ret
513 706 636 793 ὀρόφου
659 709 778 793 ταύτης
801 711 1042 792 παραλυθέντος
1065 704 1217 772 κυκλόθεν

88 802 262 889 5άοράτοις
282 810 403 892 χερσίν.
448 802 524 893 άπερ
547 814 770 895 καταστροφῆς
801 812 903 875 αάτοῦ
929 806 1088 889 σύμβολον
1110 810 1217 890 νίψεν·-

115 907 169 978 otc
189 912 253 981 τοῖς
273 916 413 983 σονετοῑς
436 909 624 993 διιγνάσθη,
648 908 718 974 ἐπεί
740 908 794 975 καί
814 909 875 994 πρά
898 912 990 976 τινῶν
1014 905 1141 994 ἥμερόν
1163 906 1216 973 ἔτι·

112 1012 218 1087 λειιγις
239 1010 294 1090 τῆς
315 1008 448 1093 σελήνης
469 1014 616 1092 γεγονυῖα
637 1011 693 1094 τήν
715 1014 836 1077 πτῶσιν
856 1013 959 1076 adro&
980 1009 1034 1075 καί
1055 1007 1137 1095 ου’τή
1156 1034 1216 1075 κου
1252 1042 1266 1056 ν
1317 1010 1321 1023 '

111 1110 289 1192 τεμήνυσε·
335 1114 517 1194 τεκμαίρειν
547 1109 608 1195 γάρ
629 1108 685 1195 τήν
714 1108 848 1197 σελήνην
877 1114 922 1187 είς
942 1108 1013 1186 roric
1034 1109 1213 1199 άποστάτιις
1222 1125 1242 1182 i.
1254 1128 1305 1183 231
1315 1142 1344 1183 v.

111 1201 143 1270 οἷ
163 1211 238 1291 περί
269 1206 340 1287 τάςα
355 1214 418 1275 τῶν
438 1212 615 1297 φωστήρονν
643 1213 783 1296 δινήσεις
805 1216 904 1278 δεινοί
923 1216 978 1277 καί
996 1214 1216 1299 μαθηματικοί

68 1322 102 1376 1o
112 1311 248 1391 λέγουσι,
270 1315 325 1375 καί
348 1311 383 1377 τά
406 1310 510 1385 πάθος
526 1314 648 1398 ποιότης
667 1315 773 1389 πάθος
793 1316 852 1377 roo*
865 1314 1114 1401 άποστατοόντος
1135 1335 1215 1399 προ*

111 1413 342 1493 καταγγέλλειν.
1235 1402 1243 1415 ¹

205 1510 448 1590 Ἔπανελθόντος
478 1516 514 1577 di
539 1519 599 1579 τοῦ
627 1514 769 1582 τοιούτου
799 1520 975 1602 πρέσβεως,
998 1511 1212 1599 καταγελάσας

112 1602 130 1672 ό
150 1609 302 1693 βασιλεάς
325 1617 382 1696 τής
404 1617 461 1678 τιό
480 1619 657 1698 Βρυεννιόυ
678 1614 883 1702 θρασύτητος
911 1613 1012 1700 ἔργων
1035 1615 1213 1697 πολεμικόν

109 1709 166 1774 καί
190 1715 458 1797 στρατηγημάτων
487 1719 642 1797 ἐπιμελῶς
666 1716 788 1799 εἴχετο,
818 1716 872 1780 καί
902 1714 957 1802 τήν
978 1720 1036 1781 τοῦ
1057 1714 1211 1800 τυράννου

67 1823 100 1875 15
110 1812 281 1878 κατάλυσιν
305 1810 475 1900 εάθαρσοός
495 1816 707 1901 προηγόρευεν
728 1818 761 1879 ἐκ
779 1822 833 1899 τής
854 1811 923 1879 dvo
943 1816 1039 1902 ῥοπής
1060 1814 1115 1879 καί
1131 1819 1211 1896 βου·

109 1915 167 1994 λής
187 1914 242 1977 καί
262 1915 317 1996 τῆς
331 1917 417 1992 ιἰλίας
439 1916 610 1999 εὐβουλίας
629 1918 686 1981 καί
704 1918 933 2001 γενναιότητος,
955 1916 1008 1999 τῆς
1021 1917 1106 1998 νίκης
1128 1912 1211 1996 ἔχειν

110 2012 238 2096 dupondi
259 2012 297 2078 τά
322 2020 469 2101 ἐνέχυρα.
513 2015 594 2081 άλλά
620 2020 675 2081 κατ’
694 2014 725 2081 οἱ
757 2016 1093 2089 desiccationem·
1117 2014 1211 2099 άργής

109 2102 297 2197 ἐπὸιήσαντο
326 2115 384 2199 τήν
411 2120 469 2181 τοῦ
492 2121 666 2202 Βραεννιόυ
689 2119 923 2203 άπανθρωπίαν
955 2121 1010 2181 καί
1029 2102 1211 2199 άάιάκριτυν

108 2212 247 2300 γνάμην,
267 2216 312 2297 μή
338 2218 552 2300 διακρίναντας
577 2216 633 2302 τήν
654 2222 771 2283 τετῶν
794 2216 958 2302 προγόνων
976 2221 1034 2281 τοῦ
1054 2220 1210 2298 βασιλέως

62 2314 272 2398 λθεάγένειαυ
295 2321 348 2381 καί
369 2318 424 2402 τήν
447 2312 571 2383 άνωθεν
585 2323 847 2402 περιλάμπουσαυ
870 2319 987 2395 αότοός
1008 2322 1041 2383 ἐν
1060 2326 1126 2392 τοῖς
1150 2340 1209 2381 πο·-

107 2423 247 2497 λεμικοῖς
277 2415 566 2503 άνδραγιιθήμασιν
601 2419 715 2505 άρετήν
737 2419 791 2485 καί
813 2416 861 2483 ’τά
882 2417 962 2485 κατά
991 2422 1054 2483 τῶν
1081 2412 1212 2502 ἐχθράν

107 2522 315 2602 άγωνίσματα
348 2520 403 2584 παί
426 2525 659 2604 παλαίσματα,
683 2520 739 2585 καί
766 2516 821 2604 τήν
848 2520 1028 2585 αὐτοῦτοῦ
1051 2520 1211 2599 βασιλέως

108 2619 314 2707 λαμπρότητα
346 2620 401 2686 καί
420 2618 582 2705 άπεροχήν
605 2625 638 2688 ἒν
666 2622 826 2705 άξιοόμασι
846 2625 901 2687 ναί
920 2626 1103 2701 πολεμικοίς
1121 2618 1211 2701 eipso·

107 2725 261 2806 νίσμαοι,
295 2724 351 2788 καί
369 2719 405 2789 τά
428 2722 536 2805 άγενὲς
556 2728 613 2809 τῆς
632 2719 750 2789 ἑαυτοῦ
773 2726 911 2810 φατρίας
940 2714 996 2789 κάί
1016 2719 1206 2819 συγγενείας.

154 2952 167 2979 N

106 3027 305 3079 controversias
324 3026 480 3096 plerumque
498 3029 623 3096 mitigans
643 3034 670 3077 et
687 3024 788 3077 bellica
812 3023 933 3090 pericula
951 3023 1099 3090 depellens.
1139 3039 1205 3077 con.
1229 3068 1237 3075 ,

105 3099 171 3150 cidit
188 3106 276 3149 autem
294 3106 348 3149 tum
368 3108 464 3165 sponte
483 3098 612 3163 Biyennii
631 3097 774 3147 tentorium
798 3103 869 3145 tecto
898 3096 955 3147 eiua
984 3095 1114 3147 dissoluto
1135 3097 1205 3148 circa

103 3169 224 3221 inanibus
241 3184 296 3221 non
323 3168 528 3237 apparentibus:
552 3169 578 3219 id
609 3168 679 3234 quod
697 3168 845 3219 eversionis
875 3167 932 3218 eius
960 3167 1064 3235 signum
1091 3166 1204 3217 infallax

104 3241 276 3308 prudentibus
296 3238 527 3308 cognoscebatur:
555 3255 612 3289 cum
634 3240 711 3290 etiam
738 3237 875 3289 nonnullis
893 3236 986 3289 diebus
1006 3246 1067 3289 ante
1086 3236 1203 3290 delectio

104 3312 185 3363 lunae
204 3328 293 3365 casum
321 3313 378 3362 eius
398 3310 500 3375 etipsa
518 3310 715 3377 significasset:
744 3317 867 3377 spectare
887 3308 955 3360 enim
975 3308 1063 3361 lunam
1084 3310 1115 3361 ad
1135 3324 1202 3377 apo.

103 3390 184 3434 statas
204 3384 295 3434 dicunt
314 3383 358 3448 qui
385 3388 487 3431 meatus
516 3380 642 3431 luminum
664 3382 744 3447 periti
769 3390 831 3433 sunt
859 3389 886 3431 et
912 3380 1101 3445 mathematici,
1122 3390 1203 3449 atque

102 3454 182 3505 huius
201 3454 373 3511 mutationem
392 3458 530 3518 apostatae
548 3453 719 3502 mutationem
739 3460 817 3504 antea
834 3452 967 3503 nuntiare.

202 3550 324 3601 Reverso
344 3556 431 3600 autem
450 3548 497 3599 tali
516 3548 606 3617 legato
625 3550 738 3600 irridens
758 3564 807 3601 rex
825 3550 961 3600 audaciam
974 3545 1102 3613 Bryennii
1122 3546 1201 3599 rebus

100 3619 209 3671 bellicis
230 3628 257 3671 et
275 3619 374 3671 artibus
393 3618 473 3672 valde
493 3620 632 3684 studebat,
664 3627 690 3670 et
710 3620 816 3685 tyranni
837 3622 1005 3672 eversionem
1024 3618 1093 3669 bono
1113 3619 1200 3668 animo

100 3691 282 3759 praedicebat,
302 3707 316 3741 e
336 3706 433 3757 supera
451 3692 587 3742 decisione
607 3699 633 3741 et
652 3691 790 3742 voluntate
811 3699 838 3741 et
852 3706 900 3742 suo
921 3689 1034 3741 consilio
1055 3696 1082 3740 et
1097 3687 1201 3741 nobili..

99 3771 157 3816 tate
181 3763 312 3813 victoriae
337 3762 437 3814 babens
462 3771 534 3813 certa
561 3763 683 3828 pignora.
732 3763 779 3813 sed
807 3763 884 3813 etiam
916 3763 1085 3827 magistratus
1109 3775 1200 3812 omnes

99 3835 163 3886 irati
183 3841 259 3885 erant
278 3833 392 3900 ‘propter
410 3833 538 3899 Bryennii
561 3834 749 3884 immanitatem
778 3841 804 3885 et
822 3835 952 3883 incertum
971 3831 1122 3896 consilium,
1142 3847 1200 3883 cum

99 3921 155 3956 non
172 3906 345 3973 dignosceret
362 3906 490 3957 maiorum
506 3906 579 3972 regis
597 3904 765 3955 nobilitatem
786 3912 812 3954 et
831 3919 946 3970 superne
966 3903 1200 3955 circumlucentem

101 3990 150 4028 eos
173 3978 201 4027 in
220 3971 327 4027 bellicis
351 3977 472 4027 victoriis
502 3976 627 4027 virtutem
647 3984 674 4026 et
704 3976 848 4026 certamina
874 3984 900 4027 et
918 3974 1021 4042 proelia
1041 3982 1132 4025 contra
1149 3972 1199 4023 ad.

100 4050 235 4100 versarios
255 4047 425 4110 instituendo,
445 4056 525 4115 atque
543 4048 627 4114 ipsius
637 4048 710 4114 regis
730 4045 899 4113 splendorem
920 4056 946 4098 et
965 4045 1152 4099 excellentiam
1171 4045 1199 4093 in

100 4119 275 4188 dignitatibus
295 4128 322 4174 et
338 4117 449 4172 bellicis
464 4118 651 4172 certaminibus
666 4126 693 4169 et
710 4116 906 4186 ignobilitatem
921 4134 986 4171 snae
1000 4116 1090 4184 stirpis
1106 4123 1134 4169 et
1149 4128 1200 4167 ου..
