2875 4734
213 266 283 341 taa
473 240 715 342 'meamus
745 270 1006 339 ammroms

208 464 262 523 και
258 449 595 530 '‘travanav'oamg
581 451 717 528 εαυτοός
748 443 834 530 εἰςι
813 478 852 536 ην
873 449 1089 517 τεόεόιοισιν’
1074 476 1107 516 σν
1126 477 1162 539 τη
1150 452 1311 514 Βλατι-

209 556 318 639 λιβόόι
345 554 548 648 παρεμβολὴν
577 550 713 644 ᾤχοντο,
741 546 796 619 ’διὰ
828 556 882 635 τῆς
913 548 1026 627 νυκτός
1060 549 1251 636 ύπερβόντες
1272 550 1308 614 τό

208 649 477 742 Σαρβανόικόνί
459 678 533 741 ορος
568 681 619 720 και
652 659 698 730 εἰς
718 651 758 721 τό
776 659 833 720 τού
857 651 970 718 Χόλιπ
993 644 1238 775 όπελόρανττς“
1222 675 1307 736 ορια.

197 757 476 882 -όπρακτησόντων
512 751 569 822 ουν
597 759 658 822 τεόν
681 755 715 821 ἐν
736 756 968 875 Μοψουερτιλρ,
990 780 1043 818 και
1064 751 1107 837 μή
1130 751 1309 877 εὑρηκότων

208 858 290 935 τούς
302 855 467 934 ἐναντίους
491 851 575 933 εἰς“
559 882 635 942 οπιρ
659 850 794 941 ἤλπισαν
817 854 1026 938 καταγώγιον,
1047 855 1121 918 α’νία
1137 857 1197 933 μὲν
1219 854 1309 917 κατέ·
1318 864 1354 916 5

209 982 267 1042 σχε
288 957 342 1023 τόν
363 962 498 1040 βασιλέα
520 957 718 1038 πυθόμενον·
761 953 828 1020 ἐπει
825 954 954 1020 όὲκαό
975 949 1074 1047 αύτός
1094 952 1209 1036 μικρόν
1229 977 1310 1016 απο-

209 1065 267 1124 aaa
287 1061 342 1143 τῆς
362 1056 396 1122 ἐν
412 1059 579 1148 Σελευκιίρι
593 1059 883 1148 Κλαυδιουπόλσονς
905 1051 1061 1130 κατσοτός
1083 1055 1228 1151 περὶτῆς
1250 1057 1310 1116 τῶν

210 1157 368 1241 πολεμιόιν
399 1157 598 1243 ἐμεμαθήκει
626 1162 749 1244 φυγῆς,
778 1154 1012 1240 όπισθόρμητος
1044 1157 1188 1238 γέγονεν,
1211 1151 1310 1226 ari-‘laic
1393 1215 1399 1222 ,

209 1263 268 1342 μὲν
292 1263 349 1341 τῆς
370 1257 603 1342 βασιλευούσης
635 1259 676 1334 οἷς
695 1261 751 1323 καί
772 1258 829 1322 τού
850 1254 1036 1339 μετοπώρου
1065 1252 1228 1339 προϊόντος
1250 1279 1310 1316 κα-

209 1357 443 1442 τεπειγόμενος,
471 1355 578 1443 ἕτερον
612 1361 646 1423 δὲ
669 1357 747 1422 λαόν
765 1359 809 1432 εἰς
832 1357 870 1422 τόι
901 1351 1031 1426 κατόπιν
1052 1352 1233 1418 καταλιπών
1255 1349 1307 1416 dat
1322 1372 1354 1424 10

210 1457 245 1524 τό
271 1459 327 1524 καί
346 1455 473 1542 ἑτέρους
499 1458 661 1542 Τούρκους
681 1460 931 1542 καταληίζισθαι
957 1455 1015 1538 τὴν
1037 1451 1218 1536 Ῥωμαϊκὴν
1243 1455 1309 1537 γῆν,

209 1560 289 1625 κατὰ
314 1564 451 1645 φατρίας
473 1563 528 1621 κατ’
544 1558 660 1643 μοίρας
683 1551 945 1640 διαιρουμένους,
976 1562 1031 1620 καί
1062 1558 1311 1638 κατατρέχοντας

210 1659 266 1724 καί
286 1663 320 1723 τό
341 1659 522 1742 προστυχὸν
548 1659 771 1745 όφοινιζοντσς.
824 1657 974 1734 εἰσιόντος
998 1651 1055 1720 σύν
1075 1656 1133 1719 τού
1154 1655 1311 1736 βασιλέως

210 1761 244 1824 όν
260 1761 609 1836 Κωνσταντινουπόλει,
634 1761 681 1823 ἐπ’
698 1757 786 1824 οἴκου
808 1761 864 1822 καί
882 1757 918 1822 τό
942 1753 1052 1822 λοιπόν
1072 1757 1129 1821 τού
1153 1752 1312 1837 στρατεύ-

209 1883 308 1942 ματος
330 1859 452 1944 γόγονε·
497 1859 552 1924 καί
572 1859 606 1925 τό
631 1857 698 1936 ἔτος
721 1860 867 1926 ἐτελεύτα
889 1859 1008 1945 ἐκεῖνο,
1031 1859 1223 1933 ἰνόικτιιόνυς
1244 1857 1310 1919 ἑνι-
1321 1873 1355 1926 15

81 1989 113 2032 ιι.
134 1966 365 2048 107οσταμίνης
387 1961 413 2048 qs
436 1961 489 2026 τού
513 1962 610 2056 'epea'
637 1961 744 2058 ἔτους,
766 1953 818 2025 ότι
836 1964 893 2025 καί
913 1959 947 2026 τό
971 1963 1118 2045 μέγιστον
1139 1956 1227 2042 ἱερόν
1247 1959 1311 2022 τοῖν

210 2067 404 2147 Βλαχερνοῖν
425 2059 493 2138 ἕως
506 2063 649 2150 ἐδάφους
671 2061 891 2148 ἐπυρπολήθη.

309 2173 396 2237 Ἐπεί
416 2175 451 2238 δὲ
472 2172 507 2236 τό
526 2171 582 2255 ἔαρ
604 2173 842 2259 ύποφαίνεσθοιι
859 2165 987 2256 ἤρξατο,
1010 2173 1167 2254 ἐσκέψατο
1189 2173 1233 2260 τῇ
1249 2176 1311 2253 βα-

211 2275 311 2339 σιλίόι
342 2282 491 2358 παρεῖναι
525 2269 713 2356 όβασιλεύς
741 2275 797 2337 καί
825 2272 882 2357 τὴν
903 2272 1073 2356 ἡγεμονίαν
1094 2275 1152 2336 τού
1172 2276 1312 2358 στρατού

210 2373 289 2458 πρὸς
316 2371 372 2458 τήν
400 2367 483 2439 ἓοόαν
506 2371 555 2438 ἔνι’
583 2377 646 2438 τοῖν
668 2372 867 2457 προεχόντων
899 2376 1106 2453 ε’μπιστούσαι
1130 2372 1308 2457 Ῥωμαίων.
1321 2398 1358 2452 20

209 2477 381 2558 προκρίνας
412 2468 468 2540 σύν
499 2473 659 2558 Μανουόλ
685 2475 948 2560 πρωτοπρόεόρον
980 2473 1033 2539 τόν
1056 2472 1236 2559 Κομνηνόν,
1259 2474 1314 2542 καί

209 2578 252 2664 τῷ
271 2575 329 2639 τού
350 2574 592 2660 κουροποιλότου
613 2570 751 2660 τιμήσας
780 2575 947 2658 α’ξιιόματι,
970 2575 1148 2662 στρατηγόν
1170 2578 1230 2640 τού
1252 2600 1312 2640 πο-

210 2678 308 2758 λέμου
339 2675 395 2742 καί
420 2673 561 2762 ἀρχηγόν
592 2680 650 2764 τού
682 2678 921 2765 στρατεύματος
953 2678 1167 2764 σ’πούεικνυσι.
1222 2677 1310 2744 τόδ’

1370 1565 1394 1592 4

116 2989 123 2996 ’
210 3008 244 3046 ex
261 2992 345 3059 captis
376 2991 530 3061 quibusdam
553 2991 714 3046 Graecorum'
739 2994 919 3060 Mopsuestiae
945 3001 1123 3058 conventum,
1145 3009 1200 3045 non
1218 3005 1311 3060 parum

207 3065 302 3132 morati
322 3072 394 3117 etse
413 3065 567 3116 reficientes
586 3067 614 3116 in
634 3065 727 3118 castris
746 3081 810 3132 quas
829 3073 975 3132 posuerant
991 3064 1167 3131 Blatilibade,
1186 3064 1311 3118 abierunt

208 3153 257 3204 per
275 3144 392 3199 noctem,
412 3139 571 3204 transgressi
590 3145 707 3188 montem
727 3136 915 3189 Sarbandicum
943 3146 970 3188 et
995 3138 1027 3188 ad
1054 3135 1168 3204 Chalepi
1193 3136 1308 3202 profecti

194 3209 284 3268 ,linea
324 3223 382 3257 oum
401 3207 483 3274 igitur
502 3210 547 3276 qui
565 3209 745 3276 mopsuestiae
765 3217 855 3260 essent
872 3207 941 3259 nihil
966 3216 1078 3275 agerent
1104 3223 1192 3275 neque
1218 3207 1310 3260 hostes

209 3277 450 3345 deprehendissent
469 3279 496 3330 in
516 3279 611 3347 qulbus
631 3279 742 3331 latebris
761 3289 944 3346 speraverant,
964 3279 1103 3346 aegritudo
1123 3279 1239 3331 obtinuit
1263 3295 1310 3330 re.

209 3365 270 3418 garn
290 3357 428 3416 postquam
448 3349 515 3400 haec
534 3352 645 3402 audivit.
684 3367 742 3401 cum
762 3360 849 3403 autem
871 3359 897 3402 et
915 3353 973 3417 ipse
987 3350 1093 3417 paulum
1115 3350 1312 3433 aclaudiopoli

132 3435 139 3438 ·
211 3420 278 3472 urbe
298 3419 439 3473 Seleuciae
457 3437 487 3474 se
507 3423 672 3474 constituens
692 3421 807 3474 hostium
826 3423 973 3474 audivisset
986 3423 1085 3489 lugam,
1104 3422 1207 3474 reverti
1225 3422 1316 3488 coepit

215 3493 318 3562 regiam
337 3508 441 3556 versus,
464 3509 522 3543 cum
549 3494 627 3543 etiam
647 3502 802 3546 auctumnus
821 3495 981 3562 procederet
1005 3495 1057 3545 iter
1083 3492 1260 3556 accelerans,
1289 3499 1315 3541 et

217 3565 296 3617 aliam
315 3563 453 3632 reliquens
472 3580 488 3614 a
506 3573 583 3632 tergo
604 3580 708 3615 manum
733 3567 795 3632 quia
822 3567 900 3616 etiam
925 3564 972 3615 alii
995 3566 1096 3616 Turcae
1121 3564 1315 3629 praedabantur
1400 3590 1404 3596 ·

215 3635 342 3689 Graecam
361 3644 457 3687 terram
484 3637 750 3704 secuudum-gentes
776 3645 801 3686 et
828 3645 917 3703 partes
941 3637 1021 3688 divisi
1047 3645 1073 3686 et
1096 3637 1262 3686 incurrentes
1287 3641 1315 3683 et

212 3721 281 3774 quae
300 3706 405 3758 obviam
426 3716 516 3760 essent
535 3707 665 3758 delentes.
705 3724 763 3758 cum
783 3709 865 3774 igitur
883 3724 931 3758 rex
951 3707 1202 3773 Constantinopolin
1226 3707 1313 3758 intra-

121 3817 125 3824 .
210 3784 262 3840 ret,
282 3777 352 3827 domi
372 3779 450 3828 etiam
469 3777 590 3848 reliquus
602 3787 658 3830 erat
677 3781 827 3831 exercitus·
849 3787 875 3830 et
893 3795 977 3830 annus
995 3780 1074 3829 desiit
1093 3777 1311 3842 ille,1ndrctrone

209 3846 278 3898 Vlll.
299 3847 413 3898 instante
431 3851 494 3900 anni
512 3849 598 3902 6578.
619 3850 723 3918 quando
743 3852 821 3900 etiam
840 3851 981 3901 maximum
999 3849 1126 3918 templum
1146 3847 1313 3900 Blacherna-

208 3934 266 3970 rum
287 3932 372 3984 usque
391 3919 424 3969 ad
442 3920 552 3972 solum
545 3922 602 3988 ugni
622 3930 817 3972 concrematum
846 3930 895 3973 ast.

314 4014 379 4068 Cum
398 4022 487 4066 autem
506 4032 555 4067 ver
573 4033 703 4083 apparere
723 4019 868 4084 coepisset,
887 4021 979 4071 statuit
996 4019 1089 4086 regiae
1107 4018 1201 4069 adesse
1220 4032 1268 4066 rex
1289 4024 1317 4067 et

215 4087 355 4152 imperinm
376 4088 509 4138 exercitus
529 4097 621 4139 contra
635 4091 765 4142 orientem
776 4089 857 4142 alicui
867 4088 997 4141 nobilium
1016 4091 1127 4141 credere
1139 4089 1316 4142 Graecorum:

216 4155 322 4233 eligens
347 4159 431 4226 igitur
449 4159 598 4212 llenuelem
616 4162 757 4214 maximum
778 4162 924 4228 praesidem
944 4161 1124 4228 domenum,
1150 4168 1178 4211 et
1196 4160 1320 4229 curopa-
