2875 4734
541 260 545 270 ,
576 204 790 276 merom
811 151 829 229 s
1160 195 1236 289 εει

132 378 245 442 τοότου
268 377 323 442 κατ’
340 377 546 461 σαμφυλὲτην
563 373 763 457 ὑπάρχοντα.
807 376 862 441 καὶ
881 373 943 459 πρό
963 377 1021 441 τοῦ
1042 381 1235 461 memmio
1287 374 1289 381 X

132 479 178 553 εἰς
208 474 470 563 Ἀδριανοόπολιν
493 472 550 555 τῆν
581 476 746 561 εόφημόαν
780 476 866 563 edrai
898 476 953 541 κατ’
981 474 1040 559 τῆν
1067 481 1235 559 βασιλείαν

112 574 425 661 ἣπροδιεγράιμαντο,
446 570 588 658 οἷνοῆτιος
611 574 745 651 ’πάντας
778 577 835 641 καὶ
859 576 963 660 πάσης
980 575 1149 661 οἶσφαλοῦς
1170 573 1235 646 ιτα.

94 670 98 678 ’
132 664 337 762 ρατηρῆσεως
359 669 506 741 ἄνευθεν.
550 671 572 759 ῆ
593 674 657 760 γάρ
681 670 731 759 ἄν,
755 680 784 745 εἰ
805 678 850 763 μῆ
875 679 929 743 κατ’
950 673 1181 761 depertinet
1202 683 1236 747 ἓν

102 777 300 864 5Βυζαντίιρ
314 772 519 862 ἀνοητότεροι
535 776 693 861 όπῆρχον,
714 780 838 863 ταχέως
852 773 890 843 όν
910 772 1078 863 παρελύθη
1100 779 1155 845 κατ’
1176 802 1237 845 ιτα.

131 876 329 961 τεπολεμῆθη
358 872 398 940 τό
427 880 482 959 τῆς
502 876 651 963 τοιαότης
673 881 853 965 ἐπιβουλῆς.
897 877 931 944 αἱ
952 877 1013 963 γάρ
1036 872 1131 947 ἄλλοι
1149 882 1241 965 Θρα.

130 979 210 1063 κῆαι
230 972 338 1051 πόλεις
358 974 415 1040 καί
433 976 657 1043 Μακεδονικαὶ
677 976 759 1062 πλὴν
781 982 876 1045 τινιὸν
897 976 1090 1064 συνετῆροον
1109 977 1157 1046 ἔτι
1177 983 1238 1049 eorl

131 1074 257 1151 πάθους
278 1073 376 1151 αότάς
396 1073 546 1157 ἐξορκοῖ
566 1077 654 1160 παρά
676 1081 834 1159 βασιλέως
855 1080 1043 1162 ἐπαγγελίας
1058 1076 1237 1166 ἐγγράφους

136 1173 193 1241 καὶ
211 1179 426 1261 παραγγελίας
442 1180 633 1259 προσέμενον
656 1178 710 1241 ἐπὶ
731 1180 938 1266 καταστροφῇ
951 1186 1014 1243 τῶν
1034 1166 1250 1261 οἷποστατοῖν,Ι

82 1284 123 1337 10
133 1277 187 1342 διὰ
210 1277 246 1341 τὸ
273 1278 327 1340 καί
348 1273 403 1340 τόν
424 1279 602 1359 Βρυέννιον
623 1272 670 1341 ἔτι
697 1277 862 1359 μακρόθεν
882 1277 1079 1343 καθεστάναι
1101 1281 1157 1363 τῆς
1176 1282 1237 1347 aod

129 1378 311 1461 Ἀδριανοῦ.
364 1367 403 1458 ῆν
429 1378 465 1439 δὲ
485 1378 527 1461 τῷ
560 1382 693 1458 βασιλεῖ’
718 1380 775 1441 κατ’
794 1375 932 1461 στρατός
963 1380 1149 1461 ι’διαίτατος,
1171 1375 1234 1445 α’τιό

130 1478 316 1561 συγκλύδων
345 1478 470 1560 ἀνδρῶν
500 1478 697 1558 όθροισθείς,
719 1476 775 1539 καί
808 1480 845 1565 τῆ
864 1480 1024 1569 γυμνασίρ
1047 1477 1264 1563 προσλοβοόνδ.
1274 1486 1327 1546 220
1335 1500 1359 1544 r.

130 1577 167 1641 τό
189 1576 368 1660 εὐδόκιμον,
385 1575 442 1654 σός
465 1578 520 1669 κατ’
541 1574 722 1650 ἀθανάτους
746 1575 763 1639 ό
785 1576 935 1658 βασιλεός
960 1568 1050 1656 οὗτος
1072 1576 1232 1661 οόνόμασε.

132 1682 187 1743 καί
218 1678 270 1743 διά
300 1677 426 1743 πάντων
460 1678 601 1758 εὐχερῶς
640 1668 725 1757 εἶχεν
765 1680 938 1743 ἐπιθέσθαι
973 1685 1039 1754 τοῖς
1070 1702 1105 1763 γε
1130 1682 1166 1745 ἐν
1196 1678 1235 1769 τῆ

84 1779 392 1864 15Ἀδριανουπόλει
412 1780 515 1860 χωρὶς
538 1778 595 1841 τοῦ
616 1779 879 1858 προσδοκωμένου
901 1778 1051 1861 ῆγεμόνος
1069 1770 1234 1845 καθυλαιιὲ

132 1882 246 1964 rodet,
271 1882 326 1943 κατ’
354 1870 376 1960 ῆ
398 1881 582 1963 τρέψασθαι
610 1875 762 1955 τοότοος,
786 1880 841 1940 καί
867 1880 911 1953 εἰς
934 1878 1112 1963 ἀσφάλειαν
1132 1876 1236 1967 ἑαυτῆ

129 1982 321 2064 περιστῆσαι
343 1977 386 2054 τά
397 1979 580 2063 πράγματα,
601 1968 622 2061 ῆ
642 1977 698 2049 τάς
711 2000 746 2058 γε
760 1973 868 2051 λοιπάς
890 1975 996 2053 πόλεις
1017 1980 1063 2054 εἰς
1077 1976 1136 2063 τῆν
1156 1974 1236 2051 duee

130 2081 190 2144 τυό
211 2082 504 2163 κατοχυροόσασθαι
519 2077 636 2160 πίστιν,
660 2079 716 2141 κατ’
726 2077 873 2157 α’ντόξουο
892 2076 977 2160 ἔχειν
997 2083 1031 2146 ἒν
1053 2084 1094 2167 τῆ
1115 2076 1234 2169 ἓσπέρρ

131 2181 212 2246 κατά
242 2183 304 2246 τῶν
339 2181 493 2246 ἐναντίαν
520 2180 682 2264 βοήθημα.
735 2173 754 2240 ό
777 2180 811 2243 δὲ
842 2180 932 2267 οἷνοίρ
952 2179 1008 2244 καί
1028 2179 1160 2269 opstat
1180 2181 1236 2245 κατ’

84 2281 167 2357 οθτὸ
188 2281 500 2361 κατασκευαζόμενον
521 2277 574 2342 διά
592 2279 722 2342 πολλῶν
743 2277 869 2360 ῆμέροῖν
893 2278 1027 2361 ἐγγύθεν
1051 2279 1153 2343 edred
1172 2279 1233 2363 ῆγ-
1324 2336 1327 2339 ,

109 2383 243 2467 ,νόησεν
264 2375 477 2464 άπειροκάλοος
498 2376 688 2464 σκαιοόρημα
706 2382 819 2462 (τριάν
837 2376 898 2461 γάρ
921 2377 1047 2463 ῆμεροῖν
1063 2379 1103 2443 ου’
1121 2379 1234 2464 πόρρω

132 2482 188 2565 τῆς
211 2479 332 2555 πόλεως
351 2477 371 2563 ῆ
387 2476 649 2563 Ἀδριανοόπολις
669 2478 782 2559 α’πόχει
806 2473 996 2565 διάστημα),
1016 2482 1073 2543 καί
1093 2476 1174 2561 μετά
1196 2478 1232 2550 τό

130 2583 249 2663 γνῶναι
269 2583 539 2662 άναπεπταμὲνοος
559 2582 614 2645 κατ’
625 2581 695 2660 μετ’
716 2578 846 2655 εόθειας
868 2570 1028 2655 διατεθείς
1042 2578 1119 2658 τοός
1139 2577 1234 2648 ἔκανεν

129 2684 217 2759 τιόνς
252 2679 406 2770 ι’σχιιρυός
434 2680 667 2777 α’πειργάσατο,
699 2678 742 2755 uic
771 2675 852 2746 εἶναι
886 2678 926 2745 τά
950 2685 1047 2747 πλείου
1070 2683 1133 2749 τάν
1156 2680 1234 2758 τοός

200 2835 226 2887 3.
248 2810 386 2905 ἀσφαλῶς
407 2835 436 2889 G.

131 2982 272 3043 antequam
292 2974 484 3041 Adrianopolin
520 2976 627 3026 veniret
660 2971 845 3024 salutationem
885 2972 910 3020 ei
942 2978 968 3022 et
990 2986 1102 3041 regnum
1133 2974 1231 3027 decre.

131 3054 244 3109 verunt,
263 3046 442 3112 imprudenter
469 3046 577 3095 omuino
606 3050 633 3094 et
666 3044 724 3091 sine
750 3040 820 3090 omni
854 3048 910 3091 tuta
941 3043 1082 3093 cautione:
1108 3044 1230 3109 prolecto

72 3154 76 3157 -
131 3119 219 3181 enim,
252 3118 305 3169 uisi
337 3119 417 3168 etiam
440 3116 613 3179 imperatores
638 3108 763 3178 Byzantii
793 3112 878 3177 magis
902 3112 1082 3178 imprudentes
1104 3114 1230 3181 luissent,

130 3189 257 3240 celeriter
275 3188 406 3240 sublatum
424 3181 640 3248 debellatumque
666 3188 738 3231 esset
756 3180 810 3231 tale
841 3181 991 3235 eonsilium.
1036 3192 1142 3236 ceterae
1162 3186 1232 3237 enirn

130 3259 257 3311 Thracum
290 3266 316 3308 et
340 3254 511 3309 Macedonum
540 3252 621 3303 urbes
640 3252 732 3318 paucis
762 3254 880 3319 exceptis
910 3256 1053 3307 servabant
1081 3272 1111 3309 se
1136 3259 1232 3309 etiam.

129 3340 184 3381 tum
205 3325 413 3396 perturbationis
441 3332 581 3390 expertes,
609 3331 636 3374 et
659 3337 675 3373 a
695 3338 760 3391 rege
779 3324 851 3376 iussa
869 3328 968 3393 scripta
991 3336 1016 3380 et
1041 3328 1231 3382 mandataex·

128 3402 286 3468 spectabant
305 3397 338 3448 ad
357 3396 526 3446 eversionem
544 3401 737 3461 apostatarum,
767 3396 829 3463 quia
855 3398 932 3449 etiam
952 3397 1115 3464 Brpenuiuss
1135 3402 1231 3453 etiosa.
1259 3432 1261 3435 -

77 3461 84 3477 '
130 3480 184 3523 tum
206 3471 289 3536 longe
313 3467 420 3518 abesset
443 3466 477 3517 ab
495 3465 679 3531 Adriauopoli.
728 3475 892 3519 enatantem
916 3470 975 3535 regi
995 3472 1074 3520 etiam
1096 3470 1231 3523 exereitus

130 3542 255 3609 proprius
275 3553 310 3589 ex
326 3538 436 3589 advenis
461 3537 612 3589 homiuibus
631 3546 740 3591 coactus
759 3547 786 3590 et
810 3540 1003 3591 exercitatione
1023 3540 1159 3605 accipiens
1180 3555 1231 3594 uu.

131 3612 297 3672 ueritatem,
322 3623 388 3677 quos
417 3610 496 3661 etiarn
521 3607 684 3661 immortales
710 3625 759 3661 rex
777 3610 821 3661 hie
848 3607 1010 3672 nominauit‚'
1026 3617 1105 3677 atque
1123 3612 1231 3663 omnino

131 3682 285 3748 expeditum
305 3682 330 3731 ei
350 3687 415 3744 erat,
434 3680 548 3747 aggredi
564 3677 628 3730 illos
645 3675 822 3747 A'drianopoli
848 3682 906 3733 sine
926 3681 993 3731 duee
1015 3688 1168 3746 exspeetato
1187 3681 1230 3735 la.

130 3760 231 3804 trautes
258 3758 285 3801 et
312 3759 358 3803 aut
376 3754 403 3802 iu
428 3751 517 3819 fugam
541 3758 649 3802 vertere
675 3751 725 3803 hos
745 3760 772 3802 et
789 3760 874 3803 tatum
892 3752 942 3803 sibi
962 3752 1124 3805 constituere
1141 3754 1231 3821 impe..
1302 3764 1310 3773 ·

130 3826 273 3895 riumgaut
293 3830 395 3874 ceteras
426 3824 530 3891 quidem
548 3821 628 3872 urbee
653 3823 682 3873 in
699 3837 748 3874 sua
765 3822 816 3874 lide
836 3823 940 3873 lirmare
960 3830 986 3872 et
999 3824 1160 3889 ,oppositum
1177 3825 1230 3877 lta.

131 3895 197 3946 bere
216 3894 245 3944 in
266 3894 405 3945 occidente
426 3902 518 3945 eontra
535 3893 704 3946 adversarios
726 3893 863 3944 auxilium.
901 3892 949 3944 ille
969 3901 1056 3945 autem
1072 3895 1230 3964 impruden.

131 3967 169 4017 tia
188 3974 215 4018 et
232 3964 401 4033 negligentia
420 3967 499 4017 etiam
518 3971 689 4031 praeparatas
709 3979 758 4031 per
774 3963 947 4017 multosdies
966 3980 1050 4033 prope
1069 3982 1099 4020 ee
1118 3968 1230 4033 ignore·

131 4040 173 4090 rit
189 4037 305 4104 turpiter
334 4036 458 4089 iusidias:
478 4036 580 4089 dierum
601 4037 677 4087 euim
691 4036 776 4087 ⁴trium
799 4050 853 4087 uon
872 4035 985 4103 amplius
1003 4036 1036 4091 ab
1053 4035 1229 4091 urbeAtlrie·

131 4109 240 4175 nopotis
263 4108 342 4163 abest
370 4108 535 4163 intervallo:
555 4114 636 4177 atque
653 4114 793 4176 postquam
814 4124 871 4161 rem
884 4109 1035 4178 teoguouit,
1049 4104 1232 4165 dimittam
