2875 4734
575 255 782 358 uteruurt.
937 212 939 221 ,
1165 268 1238 343 suu

138 456 223 509 στας
242 426 383 517 ύβάδιζε,
405 435 462 499 κεί
481 433 518 500 τὸ
544 438 631 517 θέμα
644 439 708 504 τῶν
724 433 945 522 Ἀρμενιακῶν
966 438 1156 523 καταλαβών
1174 450 1239 521 τοῖς

140 536 303 617 προτέροις
332 536 435 600 αι’τού
458 534 609 620 κάστροις
630 542 685 604 κατ’
711 532 810 614 αὖθις
832 541 1038 625 α’ποκατύστη,
1061 541 1116 606 κατ’
1136 538 1240 620 ούτως

137 631 294 716 ἐκδρομὰς
316 636 394 701 κατά
419 640 482 701 τάν
509 640 656 723 Τούρκων
673 635 861 721 ποιούμενος
880 641 1024 725 α’πεῖρξεν
1045 640 1162 718 αύτούς
1182 646 1241 709 τού

77 741 80 745 ’
138 736 182 825 τῷ
203 734 335 825 τοιούτῳ
366 740 483 820 θέματι
510 740 722 822 προσβάλλειν
753 746 809 808 κατ’
837 746 1016 822 πολεμικοῖς
1041 740 1241 827 περιβάλλειν

111 844 255 911 δκακοῖς.
278 836 296 899 d
316 839 351 901 δὲ
368 840 520 920 βασιλεύς
536 845 737 925 θυμομαχῶν
750 847 820 907 κατ’
834 841 936 907 αύτού
957 842 1162 927 ε’ξύποβολῆς
1183 847 1241 909 τού

137 940 373 1019 προρρηθέντος
403 936 559 1023 εύνούχον
587 943 645 1006 τού
673 943 883 1028 Νικηφόρον,
920 953 1089 1031 προῃρεῖτο
1117 944 1239 1024 μᾶλλον

137 1033 214 1111 τούς
245 1034 405 1118 Τούρκονς
435 1039 476 1104 τά
502 1040 674 1124 Ῥωμαίων
706 1041 792 1126 ἔχειν
821 1045 876 1107 καί
901 1038 988 1126 οἴγειν
1018 1040 1191 1129 πράγματα
1216 1038 1239 1127 ἢ

137 1134 195 1200 τὸν
222 1143 365 1203 Λατῖνον
393 1141 504 1206 τούτον
528 1145 563 1207 ἐν
590 1137 639 1207 ἔνι’
666 1141 754 1232 τάπφ
781 1133 960 1227 χαρεῖσδαι
992 1146 1047 1208 καῖ
1070 1129 1240 1226 ’άπεύργειν

138 1235 195 1313 τάς
216 1239 342 1302 ύκεύνων
365 1239 549 1323 ἐπιδρομάς.
592 1241 646 1308 διά
673 1248 767 1308 τούτο
794 1248 850 1309 καί
871 1245 989 1321 πολλάς
1011 1240 1160 1330 μηχανάς
1182 1248 1240 1313 κατ’

91 1347 130 1402 10
138 1338 327 1421 συνθήματα
353 1342 409 1405 καὶ
442 1339 632 1426 ὑποσχέσεις
662 1349 729 1419 τοῖς
763 1340 914 1426 Τούρκοις
940 1344 1037 1425 δούς,
1068 1348 1099 1409 εῖ
1125 1346 1239 1410 τούτον

138 1434 317 1520 ποιήσοιντο
345 1442 434 1529 αύτῷ
451 1438 653 1525 ὑποχείριον,
681 1445 880 1521 mansorem
907 1445 970 1508 τάν
1002 1445 1035 1508 ἐν
1064 1442 1240 1526 ύπεροχαῖς

40 1603 47 1632 r
138 1535 328 1619 ἀξιωμάτων
355 1542 422 1620 ἕνα,
443 1539 642 1625 στρατιώτην
662 1547 724 1622 μὲν
747 1532 835 1622 ὄντα,
861 1546 932 1609 νέον
961 1544 997 1609 δὲ
1024 1540 1080 1627 τὴν
1115 1540 1240 1625 ἧλικιάν
1345 1532 1348 1538 ’

139 1638 194 1702 καί
214 1640 397 1725 φρονήσεως
411 1642 467 1705 καῖ
487 1640 623 1726 δνδριάς
635 1640 765 1717 ούδενύς
778 1642 965 1726 ἀποδέοντα,
985 1646 1123 1721 Ἀλῖξιον
1143 1643 1240 1726 πρύτ-

140 1740 215 1823 δρον
239 1737 294 1803 τδν
317 1741 499 1824 Κομνηνάν·
551 1739 585 1817 ὃς
609 1740 643 1808 ἐν
659 1747 704 1830 τῷ
726 1735 817 1807 άστει
843 1744 899 1827 τῆς
920 1744 1091 1826 Ἀμασεδας
1111 1742 1241 1827 γενύμτ.

95 1854 129 1908 15
141 1861 192 1915 νος
213 1838 401 1923 ἐκαραδόκει
423 1837 458 1903 τύ
480 1841 605 1920 μάλλον.
655 1838 672 1903 ά
694 1844 731 1905 δὲ
748 1842 925 1918 ‘Proetum
952 1847 1062 1927 φιλιάς
1085 1846 1140 1908 κατ’
1160 1857 1240 1909 σνν-
1324 1866 1326 1873 ’

138 1939 240 2024 θήκας
260 1938 354 2021 ’μετά
375 1942 433 2005 τού
450 1944 516 2005 τοῖν
542 1942 690 2024 Τούρκοον
722 1939 908 2026 ἐξάρχοντος
932 1942 1159 2030 ποιησάμενος,
1177 1968 1240 2009 σν-

138 2043 236 2123 νῆλθε
256 2036 381 2115 τούτοις
403 2042 554 2119 πολλάκις
575 2044 772 2124 ἑψιλονμένος
795 2044 1008 2127 στρατιωτῶν.
1065 2046 1100 2108 ἐν
1119 2046 1180 2134 μιᾷ
1203 2046 1240 2110 dd

137 2136 323 2216 σύνδειπνος
351 2139 476 2215 τούτοις
503 2139 658 2224 ύπάρχοον
688 2132 861 2228 ἐπιβουλὴν
890 2142 1011 2227 ύπῖστιγ
1044 2139 1167 2226 δεινήν·
1209 2140 1241 2209 οἱ

137 2237 200 2327 γάρ
227 2243 361 2323 Τούρκοι
380 2243 487 2306 πάσαν
509 2245 621 2327 φιλίαν
643 2240 846 2327 προδιδόντες
871 2241 1061 2327 χρημάτων,
1083 2242 1240 2324 κατύσχον

93 2336 243 2409 κοαύτύν
262 2340 318 2404 καί
337 2340 503 2426 δεσμώτην
522 2343 709 2424 α’πλδτιξαν,
732 2345 940 2426 παράγγελμα
962 2342 1096 2423 νόμιμον
1117 2339 1241 2425 ἔχοντες

138 2438 175 2504 τύ
199 2437 272 2515 τούς
290 2441 468 2521 Ῥωμαίους
488 2444 618 2535 άπατάν
642 2446 698 2508 και1
719 2443 871 2531 σφάττειν
900 2445 955 2507 καῖ
977 2442 1166 2526 προδιδύναι
1186 2440 1243 2509 καὶ

139 2537 182 2622 μή
207 2541 346 2606 δεδιέναι
367 2535 471 2625 ὅρκον,
490 2536 565 2609 ὅσον
584 2543 619 2609 τά
643 2550 714 2610 κατ’
737 2543 863 2619 αύτούς.
886 2548 941 2610 καῖ
961 2536 980 2607 ύ
998 2546 1057 2626 μὲν
1078 2543 1241 2625 κατείχετο

98 2678 103 2683 ·
139 2640 301 2727 δεσμώτης
321 2642 446 2730 αὐτοῖς,
464 2643 481 2711 ὃ
501 2646 537 2710 δὲ
560 2644 714 2731 πρόεδρος
742 2646 881 2725 Ἀλέξιος
907 2640 1163 2731 ἐπραγματεύετο
1185 2638 1239 2707 διά
1260 2719 1265 2725 ,

140 2947 271 3018 miiitibus
299 2956 326 3001 et
349 2964 434 3005 uxore
458 2957 486 3003 ct
503 2950 595 3005 iiberis
619 2960 646 3005 et
663 2953 736 3015 suis,
760 2952 874 3003 mediam
897 2964 945 3016 per
968 2956 1067 3001 terram
1090 2948 1238 3015 intrepidus

142 3019 313 3088 procedebat,
333 3030 360 3073 et
378 3024 517 3090 provincia
534 3024 693 3076 Armeniaca
712 3028 823 3086 recepta
847 3020 936 3086 priora
955 3027 1041 3075 castra
1059 3034 1149 3072 rursus
1169 3018 1238 3071 reli.

142 3094 215 3161 quit:
234 3100 314 3160 atque
331 3094 371 3146 sic
389 3095 556 3147 incursiones
576 3099 669 3143 contra
686 3090 783 3143 'durcas
802 3091 903 3142 iaciens
923 3091 1009 3141 arcuit
1028 3103 1086 3154 eos,
1104 3103 1139 3140 ne
1158 3087 1239 3139 talem

141 3165 306 3232 provinciam
325 3165 535 3232 aggrederentur
548 3170 575 3212 et
589 3161 698 3213 bellicis
716 3162 910 3213 circumdarent
925 3159 1017 3213 malis:
1036 3162 1083 3213 sed
1101 3175 1150 3212 rex
1167 3173 1239 3227 pug-

139 3250 194 3289 nax
211 3243 304 3287 contra
323 3251 381 3287 eum
400 3232 515 3284 consilio
534 3242 612 3285 antea
631 3234 826 3285 commemorati
844 3231 989 3299 Nicephori
1011 3231 1125 3285 malebat
1141 3229 1240 3283 Turcas

82 3349 86 3361 r
142 3308 302 3374 Graecorum
321 3315 419 3357 terram
436 3310 529 3355 tenere
548 3319 690 3371 rerumque
708 3305 789 3370 potiri
814 3308 891 3373 quam
909 3304 1029 3357 Latinum
1048 3305 1119 3357 hunc
1137 3305 1165 3357 in
1184 3314 1238 3354 uno

141 3380 203 3430 loco
221 3379 307 3444 recipi
326 3384 354 3427 et
372 3388 464 3426 arcere
483 3374 589 3427 illorum
606 3377 729 3442 impetus.
767 3383 909 3443 propterea
928 3374 1006 3429 ctiam
1025 3376 1107 3429 multa
1125 3376 1239 3428 artificis

142 3460 170 3503 et
186 3458 265 3516 pacta
285 3455 311 3499 et
334 3447 465 3514 promissa
482 3446 573 3502 Turcis
592 3448 681 3513 dedit,
694 3449 730 3499 -si
759 3448 829 3501 hunc
853 3449 996 3501 redderent
1013 3449 1064 3501 sibi
1083 3448 1238 3510 obnoxium,

142 3530 169 3573 et
186 3522 259 3571 misit
275 3519 428 3587 dignitatum
448 3520 617 3571 maximarum
629 3521 768 3588 quendam,
788 3521 898 3573 militem
909 3520 1025 3589 quidem,
1043 3520 1168 3571 iuvenem
1187 3533 1238 3569 au.

140 3602 195 3644 tem
213 3586 301 3642 uetate
316 3596 343 3641 et
358 3584 540 3657 intelligentia
551 3598 631 3657 atque
645 3590 800 3645 fortitudine
813 3593 919 3643 nemine
929 3590 1094 3652 inferiorem,
1113 3587 1238 3641 Alexium

142 3664 305 3718 comnenum
323 3660 487 3728 praesidem:
508 3664 552 3729 qui
572 3663 688 3729 quidem,
707 3670 845 3732 postquam
861 3662 993 3716 Amasiam
1012 3659 1104 3711 urbem
1120 3660 1238 3725 advenit,

141 3737 258 3787 futurum
278 3731 456 3799 exspectabat.
476 3732 602 3787 Ruselius
621 3742 709 3786 autem
728 3742 866 3803 postquam
879 3733 1020 3783 amicitiam
1040 3737 1067 3783 et
1084 3740 1161 3800 pacta
1180 3748 1240 3783 cum

141 3807 283 3860 'durcarum
309 3806 468 3871 imperatore
492 3806 593 3870 iunxit,
618 3821 700 3872 saepe
729 3807 804 3857 venit
828 3806 861 3857 ad
879 3804 946 3867 hos,
966 3802 1077 3855 nudatus
1096 3804 1238 3856 militibusr

141 3876 284 3946 aliquando
304 3886 391 3928 autem
416 3892 475 3927 cum
493 3878 562 3943 apud
588 3892 635 3929 eos
654 3877 808 3944 epularetur
827 3876 937 3927 insidias
966 3874 1047 3927 subiit
1064 3876 1150 3928 diras:
1170 3875 1238 3927 Tur.

142 3965 190 4000 cae
209 3950 295 4012 enim,
314 3949 359 4015 qui
378 3961 482 3999 omnem
501 3949 643 4001 amicitiam
662 3948 840 4015 prodidissent
858 3948 979 4013 pecuniis
988 3947 1005 4012 ‚‘
1024 3954 1154 4013 ceperunt
1179 3960 1238 3995 eum

95 4024 99 4032 ¹
143 4028 169 4072 et
187 4024 305 4073 vinctum
324 4018 504 4083 reddiderunt,
523 4020 671 4071 mandatum
696 4017 977 4083 usitatum'habenteq
1005 4024 1035 4069 ut
1054 4018 1169 4069 Graecos
1188 4016 1238 4065 de.

143 4094 263 4158 cipereat
289 4099 320 4143 et
341 4091 503 4142 trucidarent
533 4100 559 4143 et
585 4091 728 4157 proderent
750 4106 839 4159 neque
866 4098 1024 4142 vererentur
1049 4086 1238 4151 iusiurandum,

143 4173 267 4231 quantum
286 4162 319 4216 ad
337 4176 384 4215 eos
402 4162 569 4229 pertinebat:
589 4170 669 4231 atque
686 4164 731 4217 hic
750 4162 855 4231 quidem
873 4161 1038 4216 retinebatur
1057 4159 1177 4227 captivus
1195 4157 1239 4227 iis,
