2875 4734
205 267 275 338 102
366 320 371 331 a
481 269 713 337 strennuus*
734 266 995 334 nTrlLtOTstt

201 435 346 516 Ἰωάννην
372 433 424 496 τόν
460 430 624 512 Καίσαρα.
674 421 792 514 ἤρξατο
821 429 882 513 γάρ
905 431 1019 494 αάτίκο
1050 429 1083 492 ἐν
1104 429 1213 504 αύτοϊς
1236 419 1301 502 τοῖς

151 589 155 595 ,
200 519 368 623 πολιτικοῖς
391 534 586 616 διατάγμασι
603 530 658 596 καί
677 535 741 596 τοῖν
756 526 1004 615 παρατυχόντων
1024 530 1225 612 στρατιωτῶν
1238 535 1302 603 τοῖς

150 659 156 678 ⁸
198 634 435 719 ἐπισημοτὲροις
460 642 665 715 συνομιλεῖν,
695 637 751 697 καί
770 631 844 715 περί
873 633 1049 710 πολεμικῶν
1072 625 1201 710 π’γιόναιν
1222 633 1301 708 βου-

197 734 370 813 λεύεσθαι,
405 739 460 798 καί
484 732 682 817 πρεσβευταῖς
705 729 902 814 ἑτοιμάζειν,
929 731 985 793 καί
1014 728 1218 810 πανταχόθεν
1237 722 1301 803 τοῖς

199 835 351 908 ἐναντίοις
375 836 564 898 διακωλύειν
586 833 645 908 τάς
666 831 855 919 προσβολάς.
879 828 932 894 διά
955 827 1058 894 ταύτά
1072 851 1121 892 τοι
1143 830 1199 891 καί
1217 824 1323 910 xpri-5

195 957 247 1009 νος
268 924 337 998 οότι
358 933 477 1016 συχνάς
500 939 634 1017 κατέσχε
650 939 762 1001 τούτου
793 933 838 1008 εἰς
858 930 897 996 τά
922 935 1086 1012 βασίλεια,
1111 927 1192 994 άλλά
1215 927 1297 1008 μετά

194 1033 298 1119 διττὴν
320 1039 488 1120 στληναιάν
509 1035 653 1120 περίοδον
684 1035 702 1120 ἦ
730 1039 785 1118 τῆς
804 1028 886 1108 ἐάας
912 1033 1024 1097 τούτου
1053 1033 1181 1109 ἐδέξατο
1204 1033 1297 1113 Προ.

7 1141 8 1148 ’
41 1175 45 1184 =
132 1173 134 1178 ·
194 1138 310 1216 ποντίς,
333 1133 387 1200 καί
408 1137 447 1200 τά
469 1137 658 1221 παράσημον
685 1138 741 1220 τῆς
761 1137 929 1220 βασιλικῆς
958 1137 1073 1219 σκηνῆς
1094 1132 1191 1195 πάσιν
1214 1125 1297 1210 όμού

194 1235 414 1319 παρεστήσατο
447 1232 502 1318 την
535 1237 687 1316 βασιλίδα
719 1231 796 1319 πρός
826 1233 882 1320 την
900 1229 985 1298 ἐάαν
1018 1233 1220 1315 ἐκστρατείαν
1243 1230 1298 1291 καί

111 1398 114 1404 ,
193 1327 418 1420 durauitque,
445 1341 500 1400 καί
519 1336 537 1398 ot
562 1339 654 1420 ζῆλος
676 1341 730 1420 τῆς
744 1332 881 1410 ἐκδικίας
906 1337 1045 1418 νενίκηκε
1064 1329 1124 1415 την
1140 1330 1218 1395 κατά
1239 1328 1296 1411 την
1307 1341 1340 1396 10

190 1432 343 1518 βασιλίδα
365 1435 492 1522 τρυφήν
516 1462 548 1502 τε
571 1441 625 1518 και1
637 1438 814 1521 θυμηδίαν,
838 1439 896 1510 καί,
911 1432 947 1498 τό
962 1430 1047 1510 κατά,
1063 1430 1120 1507 τάς
1141 1431 1296 1516 προόδους

189 1538 305 1618 μέχρις
328 1536 467 1620 ούρανού
490 1536 615 1622 podica
639 1542 726 1613 κλέος
751 1538 807 1600 καί
827 1533 939 1610 πόνους
960 1532 1083 1599 τούτων
1103 1535 1295 1596 άντικαταλ-

191 1636 350 1712 λάξεσθαι
374 1635 429 1701 τὸν
451 1639 626 1719 κρατοῦντα
649 1640 848 1720 παρέπεισεν.
874 1631 892 1698 δ
915 1636 969 1699 καί
983 1632 1102 1709 πάντας
1117 1636 1296 1716 κατέπληξε,

190 1732 412 1817 συμβαλόντας
426 1732 474 1803 ότι
487 1737 531 1811 εἰς
545 1736 580 1801 τό
598 1740 814 1819 διατάξασθαι
832 1737 929 1816 μόνον
943 1735 1000 1820 την
1014 1738 1069 1820 τῆς
1088 1738 1292 1818 ἐκστρατείας

191 1837 395 1922 παρασκευὴν
419 1841 474 1903 καί
493 1839 671 1926 άποσκτυην
692 1842 766 1905 οὐδὲ
786 1841 885 1922 τριιδν
908 1833 991 1902 ὅλων
1005 1836 1164 1922 διάστημα
1186 1838 1294 1921 μηνῶν
1305 1838 1340 1892 15

191 1941 324 2020 ἐξαρκεῖ.
369 1938 386 2002 δ
410 1943 446 2004 δὲ
468 1943 622 2026 νεοπαγὴς
642 1940 775 2025 γεγονεδς
799 1941 836 2006 τά
861 1963 893 2002 τε
915 1933 998 2004 άλλο
1017 1936 1294 2022 καταστησάμενος

184 2031 240 2122 ’ἧν,
265 2040 317 2104 καί
339 2043 418 2126 πρὸς
442 2046 481 2128 τῇ
503 2046 664 2130 άποσκευῇ
695 2051 749 2106 καί
768 2037 995 2129 στρατιωτικόν
1026 2038 1061 2105 ἐκ
1084 2044 1139 2124 τῆς
1159 2033 1294 2122 ἑσπέρας

193 2140 247 2204 καί
266 2146 321 2226 τῆς
340 2144 403 2206 τάν
417 2146 645 2208 Καππαδοκῶν
662 2143 792 2230 φθάίτας
815 2146 1072 2226 προσυνελέξατο,
1096 2143 1149 2204 καί
1164 2135 1294 2213 Σκύθας

55 2243 76 2299 l.
97 2243 147 2301 187
156 2262 183 2300 v.
193 2247 433 2330 συνεκαλέσατο,
458 2248 513 2309 καί
526 2243 585 2328 πρό
605 2249 660 2331 τῆς
682 2241 803 2310 τούτων
826 2245 996 2329 ἐπιδημίας
1015 2238 1097 2324 μετά
1115 2243 1178 2305 τῶν
1201 2242 1234 2305 ἐν
1255 2242 1293 2327 τῇ

192 2347 341 2432 βασιλείῳ
371 2348 476 2426 μόνων
510 2345 594 2433 αύλῇ
619 2351 674 2430 τῆς
694 2345 772 2409 όδού
793 2347 974 2421 σπουδαίως
1003 2344 1163 2430 ἐφάψατο.
1208 2342 1239 2404 εἰ
1258 2342 1340 2407 tiso

192 2442 246 2505 καί
269 2445 365 2520 αύτός
384 2444 401 2510 ὁ
420 2446 520 2511 ταύτα
543 2443 738 2531 συγγράφων
757 2448 820 2510 ταῖν
852 2450 886 2511 ἑκ
906 2449 1102 2529 προκρίσεοος
1125 2443 1212 2530 αύτῷ
1233 2465 1293 2506 συ-

190 2548 369 2623 νεπομένων
392 2545 578 2628 ἐτύγχανεν,
604 2547 658 2610 καί
686 2545 743 2622 τάς
764 2549 823 2608 τού
853 2545 989 2630 στρατού
1011 2546 1184 2608 διευθετάν
1211 2537 1293 2604 rino-

95 2921 99 2926 ,
191 2871 332 2935 sirionem,
354 2885 414 2920 cum
431 2872 544 2924 maxime
570 2871 711 2940 privignos
732 2872 831 2922 circum
850 2886 880 2923 se
904 2871 1016 2924 baberet
1034 2869 1209 2924 consiliorum
1225 2883 1290 2936 par.

189 2942 285 3008 ticipes
309 2941 369 3006 rel,
398 2949 427 2993 ut
457 2945 547 2996 verius
576 2944 675 3007 dicam,
704 2943 859 2995 insidiarum
880 2953 1003 2995 auctores
1023 2957 1136 3010 cumque
1150 2942 1183 2991 iis
1202 2955 1290 2992 aruu-

189 3012 278 3064 culum
292 3013 418 3065 loaunem
430 3015 578 3069 Gaesarem.
619 3017 708 3082 coepit
729 3016 798 3067 enim
819 3017 905 3067 statim
921 3017 949 3066 iu
969 3016 1037 3082 ipsis
1057 3011 1290 3065 constitutionibus

188 3083 302 3153 publicis
323 3087 401 3137 etiam
424 3101 514 3139 eorum
536 3088 580 3155 qui
601 3088 711 3139 aderant
727 3086 841 3138 militum
860 3086 1054 3139 illustrioribus
1072 3086 1110 3136 uti
1130 3082 1206 3135 etde
1226 3082 1289 3134 bel.

131 3205 133 3210 .
187 3156 248 3207 licis
269 3156 457 3211 certaminibus
476 3158 627 3211 deliberare
655 3167 681 3210 et
698 3158 804 3227 legatos
825 3160 958 3210 iustruere
978 3166 1007 3209 et
1033 3157 1149 3224 undique
1167 3153 1288 3206 hostibus

187 3228 317 3293 impedire
338 3230 514 3282 incursiones.
553 3240 698 3298 propterca
718 3232 798 3282 etiam
818 3238 921 3296 tempus
939 3243 994 3281 non
1014 3230 1162 3281 diuturnum
1179 3225 1290 3278 retinuit
1333 3251 1337 3256 ·

186 3298 258 3350 hunc
276 3301 304 3349 iu
323 3301 412 3367 regia,
433 3303 480 3352 sed
495 3311 561 3368 ,post
579 3303 693 3354 alterum
716 3301 796 3354 lunae
823 3302 961 3353 circuitum
989 3299 1127 3353 orientalis
1148 3297 1288 3364 Propontis

187 3370 257 3420 huuc
277 3373 401 3438 excepit:
422 3380 448 3424 et
467 3373 594 3440 splendor
607 3375 677 3442 regii
690 3374 800 3427 tentorii
815 3373 935 3424 omuibus
954 3371 1033 3422 simul
1053 3371 1167 3423 ostendit
1185 3369 1287 3436 regiam

187 3441 218 3493 ad
238 3442 395 3496 orientalem
425 3444 621 3510 expeditionem
653 3455 679 3497 et
696 3447 764 3496 iter:
791 3451 870 3511 atque
897 3445 1011 3494 studium
1031 3442 1140 3494 ultiouis
1159 3441 1225 3492 vicit
1240 3439 1298 3491 lu.'

186 3515 288 3567 ruriam
309 3523 335 3566 et
353 3515 537 3580 voluptatem,
563 3530 631 3583 quae
659 3523 750 3568 essent
776 3517 803 3565 in
822 3516 913 3582 regia:
943 3522 1023 3583 atque
1049 3513 1151 3583 gloria,
1173 3526 1240 3579 quse
1258 3511 1304 3570 in,

187 3587 401 3652 expeditionibus
420 3602 506 3654 usque
526 3587 558 3638 ad
576 3587 681 3640 coelum
702 3587 808 3638 veniret
833 3587 987 3654 imperatori
1009 3585 1142 3653 persuasit
1160 3591 1190 3634 ut
1208 3583 1286 3634 etiam

184 3655 291 3708 labores
319 3658 413 3709 harum
439 3665 554 3708 mutaret
583 3673 628 3709 ea:
655 3658 726 3726 quod
752 3657 857 3726 quidem
883 3657 1005 3708 omnibus
1034 3663 1168 3721 stuporem
1192 3654 1287 3704 iniecit

185 3728 375 3794 cogitantibus,
396 3728 427 3779 ad
448 3729 630 3780 instruendum
650 3728 736 3780 solum
756 3730 935 3794 expeditionis
954 3735 1107 3794 apparatum
1127 3733 1154 3777 et
1172 3724 1286 3790 impedi.

183 3804 271 3848 nieuta
290 3813 324 3848 no
345 3800 422 3849 trium
443 3800 549 3867 quidem
568 3806 684 3852 totorum
702 3801 816 3867 spatium
828 3802 956 3852 mensium
971 3799 1111 3850 sufficere:
1130 3796 1180 3850 ille
1198 3804 1286 3847 autem
1300 3806 1317 3818 '

183 3868 260 3920 modo
281 3869 398 3921 firmatus
419 3878 445 3920 et
466 3871 572 3938 reliqua
593 3871 773 3924 constituebat
799 3873 876 3922 etad
901 3871 1087 3936 impedimenta
1106 3871 1184 3922 etiam
1205 3883 1286 3918 exer.

183 3943 264 4006 citum
283 3957 316 3993 ex
335 3941 476 3993 occidente
502 3952 528 3996 et
547 3952 617 3994 terra
647 3943 831 4011 Cappadocum
852 3943 978 3994 celeriter
1006 3943 1108 4010 delegit
1127 3951 1155 3994 et
1173 3939 1286 4006 Scythas

182 4015 343 4067 convocavit
360 4020 442 4080 atquo
459 4023 520 4066 unte
539 4015 632 4065 borum
652 4015 794 4082 adventum
811 4030 868 4066 cum
887 4015 920 4065 iis
935 4014 1002 4065 solis
1021 4018 1066 4083 qui
1086 4016 1113 4066 in
1129 4015 1205 4082 regia
1225 4012 1287 4063 nula

188 4093 263 4136 eraut
281 4087 332 4138 iter
353 4083 472 4138 studiose
494 4087 563 4138 iniit.
602 4099 660 4135 cum
680 4090 768 4138 autem
788 4087 889 4152 etipse
909 4087 953 4152 qui
974 4086 1041 4136 haee
1057 4085 1149 4138 scribit
1166 4098 1288 4152 sequen.

190 4161 278 4215 tesso
307 4170 339 4210 ex
366 4154 501 4208 'electione
528 4155 655 4220 baberet,
682 4167 709 4209 ct
734 4159 871 4223 proposita
891 4157 1024 4210 exercitus
1049 4155 1291 4212 administratoria
