<?xml version="1.0" encoding="UTF-8"?>
<!DOCTYPE html PUBLIC "-//W3C//DTD XHTML 1.0 Transitional//EN"
    "http://www.w3.org/TR/xhtml1/DTD/xhtml1-transitional.dtd">
<html xmlns="http://www.w3.org/1999/xhtml" xml:lang="en" lang="en">
 <head>
  <title>
</title>
<meta http-equiv="Content-Type" content="text/html;charset=utf-8" />
  <meta name='ocr-system' content='tesseract 3.04.00' />
  <meta name='ocr-capabilities' content='ocr_page ocr_carea ocr_par ocr_line ocrx_word'/>
</head>
<body>
  <div class='ocr_page' id='page_1' title='image "./corpusscriptoru05theogoog_0029.png"; bbox 0 0 2875 4734; ppageno 0'>
   <div class='ocr_carea' id='block_1_1' title="bbox 536 296 1209 423">
    <p class='ocr_par' dir='ltr' id='par_1_1' title="bbox 536 296 1209 423">
     <span class='ocr_line' id='line_1_1' title="bbox 536 296 1209 423; baseline -0.003 0"><span class='ocrx_word' id='word_1_1' title='bbox 536 347 747 423; x_wconf 74' lang='lat' dir='ltr'><strong>aaronis.</strong></span> <span class='ocrx_word' id='word_1_2' title='bbox 1113 348 1176 421; x_wconf 75' lang='grc' dir='ltr'><strong><em>»ιι</em></strong></span> <span class='ocrx_word' id='word_1_3' title='bbox 1203 296 1209 312; x_wconf 64' lang='grc'>’</span> 
     </span>
    </p>
   </div>
   <div class='ocr_carea' id='block_1_2' title="bbox 11 503 1330 2814">
    <p class='ocr_par' dir='ltr' id='par_1_2' title="bbox 11 503 1330 2814">
     <span class='ocr_line' id='line_1_2' title="bbox 78 503 1185 600; baseline -0.004 -22"><span class='ocrx_word' id='word_1_4' title='bbox 78 537 133 600; x_wconf 89' lang='grc' dir='ltr'><strong><em>ρος</em></strong></span> <span class='ocrx_word' id='word_1_5' title='bbox 151 512 249 598; x_wconf 86' lang='grc' dir='ltr'><strong><em>τόχην</em></strong></span> <span class='ocrx_word' id='word_1_6' title='bbox 270 513 304 576; x_wconf 77' lang='grc' dir='ltr'><strong><em>ἐκ</em></strong></span> <span class='ocrx_word' id='word_1_7' title='bbox 330 515 454 578; x_wconf 74' lang='grc' dir='ltr'><strong><em>πολλῶν</em></strong></span> <span class='ocrx_word' id='word_1_8' title='bbox 474 509 571 576; x_wconf 74' lang='grc' dir='ltr'><strong><em>ἕλκων</em></strong></span> <span class='ocrx_word' id='word_1_9' title='bbox 589 513 724 594; x_wconf 82' lang='grc' dir='ltr'><strong><em>χρόνων,</em></strong></span> <span class='ocrx_word' id='word_1_10' title='bbox 747 503 814 574; x_wconf 81' lang='grc' dir='ltr'><strong><em>εἶτα</em></strong></span> <span class='ocrx_word' id='word_1_11' title='bbox 837 511 873 598; x_wconf 77' lang='grc' dir='ltr'><strong><em>τῇ</em></strong></span> <span class='ocrx_word' id='word_1_12' title='bbox 895 509 1105 599; x_wconf 83' lang='grc' dir='ltr'><strong><em>α’νακτορίσση</em></strong></span> <span class='ocrx_word' id='word_1_13' title='bbox 1126 509 1185 574; x_wconf 73' lang='grc' dir='ltr'><strong><em>θέ-</em></strong></span> 
     </span>
     <span class='ocr_line' id='line_1_3' title="bbox 78 606 1256 700; baseline -0.005 -19"><span class='ocrx_word' id='word_1_14' title='bbox 78 639 128 682; x_wconf 90' lang='grc' dir='ltr'><strong><em>σει</em></strong></span> <span class='ocrx_word' id='word_1_15' title='bbox 149 613 351 700; x_wconf 74' lang='grc' dir='ltr'><strong><em>χρηματίσας</em></strong></span> <span class='ocrx_word' id='word_1_16' title='bbox 376 609 469 694; x_wconf 77' lang='grc' dir='ltr'><strong><em>υἱός,</em></strong></span> <span class='ocrx_word' id='word_1_17' title='bbox 496 615 552 676; x_wconf 80' lang='grc' dir='ltr'><strong><em>κατ’</em></strong></span> <span class='ocrx_word' id='word_1_18' title='bbox 578 606 681 694; x_wconf 79' lang='grc' dir='ltr'><strong><em>ὅρκοις</em></strong></span> <span class='ocrx_word' id='word_1_19' title='bbox 700 613 989 696; x_wconf 62' lang='grc' dir='ltr'><strong><em>φρικωδεστάτοις,</em></strong></span> <span class='ocrx_word' id='word_1_20' title='bbox 1014 612 1053 673; x_wconf 91' lang='grc' dir='ltr'><strong><em>οό</em></strong></span> <span class='ocrx_word' id='word_1_21' title='bbox 1072 613 1185 692; x_wconf 77' lang='grc' dir='ltr'><strong><em>μέλανι</em></strong></span> <span class='ocrx_word' id='word_1_22' title='bbox 1248 611 1256 618; x_wconf 72' lang='grc'><strong>“</strong></span> 
     </span>
     <span class='ocr_line' id='line_1_4' title="bbox 80 709 1185 802; baseline -0.005 -23"><span class='ocrx_word' id='word_1_23' title='bbox 80 715 149 780; x_wconf 68' lang='grc' dir='ltr'><strong><em>ἀλλ’</em></strong></span> <span class='ocrx_word' id='word_1_24' title='bbox 186 716 299 795; x_wconf 76' lang='grc' dir='ltr'><strong><em>αἵματι</em></strong></span> <span class='ocrx_word' id='word_1_25' title='bbox 323 713 469 802; x_wconf 82' lang='grc' dir='ltr'><strong><em>α’χρόντρι</em></strong></span> <span class='ocrx_word' id='word_1_26' title='bbox 498 716 554 778; x_wconf 78' lang='lat' dir='ltr'><strong><em>rod</em></strong></span> <span class='ocrx_word' id='word_1_27' title='bbox 576 709 789 794; x_wconf 70' lang='grc' dir='ltr'><strong><em>θεανβρυόπου</em></strong></span> <span class='ocrx_word' id='word_1_28' title='bbox 823 711 918 794; x_wconf 88' lang='grc' dir='ltr'><strong><em>λόγου</em></strong></span> <span class='ocrx_word' id='word_1_29' title='bbox 940 716 996 777; x_wconf 82' lang='grc' dir='ltr'><strong><em>καί</em></strong></span> <span class='ocrx_word' id='word_1_30' title='bbox 1017 715 1106 794; x_wconf 76' lang='grc' dir='ltr'><strong><em>χειρί</em></strong></span> <span class='ocrx_word' id='word_1_31' title='bbox 1128 714 1185 774; x_wconf 76' lang='lat' dir='ltr'><strong>tori</strong></span> 
     </span>
     <span class='ocr_line' id='line_1_5' title="bbox 78 814 1191 898; baseline -0.006 -16"><span class='ocrx_word' id='word_1_32' title='bbox 78 818 223 898; x_wconf 75' lang='grc' dir='ltr'><strong><em>μείζονος</em></strong></span> <span class='ocrx_word' id='word_1_33' title='bbox 253 818 286 880; x_wconf 83' lang='grc' dir='ltr'><strong><em>ἐν</em></strong></span> <span class='ocrx_word' id='word_1_34' title='bbox 308 823 465 898; x_wconf 78' lang='grc' dir='ltr'><strong><em>γεννητοῖς</em></strong></span> <span class='ocrx_word' id='word_1_35' title='bbox 499 815 656 898; x_wconf 71' lang='grc' dir='ltr'><strong><em>γυναικοῖν</em></strong></span> <span class='ocrx_word' id='word_1_36' title='bbox 682 814 860 892; x_wconf 75' lang='grc' dir='ltr'><strong><em>βαπτιστοῦ</em></strong></span> <span class='ocrx_word' id='word_1_37' title='bbox 888 816 1191 898; x_wconf 79' lang='grc' dir='ltr'><strong><em>όνσεσημασμὲνοις,Ι</em></strong></span> 
     </span>
     <span class='ocr_line' id='line_1_6' title="bbox 54 908 1189 1000; baseline -0.004 -17"><span class='ocrx_word' id='word_1_38' title='bbox 54 914 258 983; x_wconf 65' lang='lat' dir='ltr'><strong>isodomon</strong></span> <span class='ocrx_word' id='word_1_39' title='bbox 281 914 337 998; x_wconf 75' lang='grc' dir='ltr'><strong><em>τήν</em></strong></span> <span class='ocrx_word' id='word_1_40' title='bbox 357 913 434 998; x_wconf 88' lang='grc' dir='ltr'><strong><em>πρός</em></strong></span> <span class='ocrx_word' id='word_1_41' title='bbox 456 915 557 1000; x_wconf 63' lang='lat' dir='ltr'><strong>adada,</strong></span> <span class='ocrx_word' id='word_1_42' title='bbox 585 908 668 996; x_wconf 84' lang='grc' dir='ltr'><strong><em>τόχα</em></strong></span> <span class='ocrx_word' id='word_1_43' title='bbox 691 912 954 996; x_wconf 73' lang='grc' dir='ltr'><strong><em>βεβαιωσάμενος</em></strong></span> <span class='ocrx_word' id='word_1_44' title='bbox 975 917 1090 977; x_wconf 89' lang='grc' dir='ltr'><strong><em>πίστιν.</em></strong></span> <span class='ocrx_word' id='word_1_45' title='bbox 1133 910 1189 979; x_wconf 61' lang='lat' dir='ltr'><strong>sat*</strong></span> 
     </span>
     <span class='ocr_line' id='line_1_7' title="bbox 81 1010 1190 1101; baseline -0.003 -20"><span class='ocrx_word' id='word_1_46' title='bbox 81 1010 122 1101; x_wconf 78' lang='grc' dir='ltr'><strong><em>ἦν</em></strong></span> <span class='ocrx_word' id='word_1_47' title='bbox 142 1014 158 1080; x_wconf 90' lang='grc' dir='ltr'><strong><em>ό</em></strong></span> <span class='ocrx_word' id='word_1_48' title='bbox 182 1014 259 1100; x_wconf 78' lang='grc' dir='ltr'><strong><em>α’νηρ</em></strong></span> <span class='ocrx_word' id='word_1_49' title='bbox 291 1018 345 1078; x_wconf 82' lang='grc' dir='ltr'><strong><em>ε’πί</em></strong></span> <span class='ocrx_word' id='word_1_50' title='bbox 369 1017 432 1095; x_wconf 80' lang='grc' dir='ltr'><strong><em>μὲν</em></strong></span> <span class='ocrx_word' id='word_1_51' title='bbox 454 1020 510 1099; x_wconf 79' lang='grc' dir='ltr'><strong><em>τῆς</em></strong></span> <span class='ocrx_word' id='word_1_52' title='bbox 544 1020 698 1100; x_wconf 76' lang='grc' dir='ltr'><strong><em>προτέρας</em></strong></span> <span class='ocrx_word' id='word_1_53' title='bbox 727 1017 882 1100; x_wconf 72' lang='grc' dir='ltr'><strong><em>διαγωγῆς</em></strong></span> <span class='ocrx_word' id='word_1_54' title='bbox 908 1013 1110 1094; x_wconf 86' lang='grc' dir='ltr'><strong><em>κακιζόμενος</em></strong></span> <span class='ocrx_word' id='word_1_55' title='bbox 1135 1014 1190 1078; x_wconf 78' lang='grc' dir='ltr'><strong><em>κατ’</em></strong></span> 
     </span>
     <span class='ocr_line' id='line_1_8' title="bbox 81 1111 1188 1200; baseline -0.002 -18"><span class='ocrx_word' id='word_1_56' title='bbox 81 1125 148 1191; x_wconf 82' lang='grc' dir='ltr'><strong><em>τοῖς</em></strong></span> <span class='ocrx_word' id='word_1_57' title='bbox 176 1116 345 1192; x_wconf 72' lang='grc' dir='ltr'><strong><em>ἐπαινετοῖς</em></strong></span> <span class='ocrx_word' id='word_1_58' title='bbox 373 1119 626 1196; x_wconf 80' lang='grc' dir='ltr'><strong><em>πολιτευομένοις</em></strong></span> <span class='ocrx_word' id='word_1_59' title='bbox 654 1113 698 1200; x_wconf 74' lang='grc' dir='ltr'><em>μή</em></span> <span class='ocrx_word' id='word_1_60' title='bbox 726 1111 981 1196; x_wconf 85' lang='grc' dir='ltr'><strong><em>σοναπτόμενος,</em></strong></span> <span class='ocrx_word' id='word_1_61' title='bbox 1004 1116 1059 1178; x_wconf 81' lang='grc' dir='ltr'><strong><em>ἐπί</em></strong></span> <span class='ocrx_word' id='word_1_62' title='bbox 1082 1117 1117 1178; x_wconf 85' lang='grc' dir='ltr'><strong><em>δὲ</em></strong></span> <span class='ocrx_word' id='word_1_63' title='bbox 1133 1119 1188 1197; x_wconf 84' lang='grc' dir='ltr'><strong><em>τῆς</em></strong></span> 
     </span>
     <span class='ocr_line' id='line_1_9' title="bbox 80 1212 1186 1300; baseline 0.001 -20"><span class='ocrx_word' id='word_1_64' title='bbox 80 1221 250 1300; x_wconf 82' lang='grc' dir='ltr'><strong><em>βασιλικῆς</em></strong></span> <span class='ocrx_word' id='word_1_65' title='bbox 271 1215 459 1298; x_wconf 84' lang='grc' dir='ltr'><strong><em>όναβᾶσεως</em></strong></span> <span class='ocrx_word' id='word_1_66' title='bbox 480 1215 535 1280; x_wconf 85' lang='grc' dir='ltr'><strong><em>κατ’</em></strong></span> <span class='ocrx_word' id='word_1_67' title='bbox 549 1222 619 1279; x_wconf 88' lang='grc' dir='ltr'><strong><em>λιάν</em></strong></span> <span class='ocrx_word' id='word_1_68' title='bbox 642 1212 916 1299; x_wconf 79' lang='grc' dir='ltr'><strong><em>ε’γκωμιαζόμενός</em></strong></span> <span class='ocrx_word' id='word_1_69' title='bbox 939 1238 973 1279; x_wconf 90' lang='grc' dir='ltr'><strong><em>τε</em></strong></span> <span class='ocrx_word' id='word_1_70' title='bbox 994 1214 1049 1281; x_wconf 80' lang='grc' dir='ltr'><strong><em>καὶ</em></strong></span> <span class='ocrx_word' id='word_1_71' title='bbox 1068 1240 1186 1296; x_wconf 78' lang='grc' dir='ltr'><strong><em>σεμνυ..</em></strong></span> 
     </span>
     <span class='ocr_line' id='line_1_10' title="bbox 82 1309 1189 1403; baseline 0 -23"><span class='ocrx_word' id='word_1_72' title='bbox 82 1317 223 1396; x_wconf 85' lang='grc' dir='ltr'><strong><em>νόμενος,</em></strong></span> <span class='ocrx_word' id='word_1_73' title='bbox 245 1309 294 1380; x_wconf 83' lang='grc' dir='ltr'><strong><em>οἷα</em></strong></span> <span class='ocrx_word' id='word_1_74' title='bbox 315 1316 490 1403; x_wconf 73' lang='grc' dir='ltr'><strong><em>φιλοτίμως</em></strong></span> <span class='ocrx_word' id='word_1_75' title='bbox 508 1309 582 1400; x_wconf 69' lang='lat' dir='ltr'><strong>ripn</strong></span> <span class='ocrx_word' id='word_1_76' title='bbox 596 1319 716 1398; x_wconf 79' lang='grc' dir='ltr'><strong><em>πρῶτον</em></strong></span> <span class='ocrx_word' id='word_1_77' title='bbox 732 1318 810 1398; x_wconf 80' lang='grc' dir='ltr'><strong><em>ότιὲρ</em></strong></span> <span class='ocrx_word' id='word_1_78' title='bbox 832 1314 906 1391; x_wconf 67' lang='lat' dir='ltr'><strong>roric</strong></span> <span class='ocrx_word' id='word_1_79' title='bbox 930 1316 991 1399; x_wconf 90' lang='grc' dir='ltr'><strong><em>πρό</em></strong></span> <span class='ocrx_word' id='word_1_80' title='bbox 1014 1317 1113 1382; x_wconf 84' lang='grc' dir='ltr'><strong><em>ον’τοῦ</em></strong></span> <span class='ocrx_word' id='word_1_81' title='bbox 1132 1322 1189 1397; x_wconf 81' lang='grc' dir='ltr'><strong><em>βε·-</em></strong></span> 
     </span>
     <span class='ocr_line' id='line_1_11' title="bbox 41 1408 1188 1505; baseline -0.004 -20"><span class='ocrx_word' id='word_1_82' title='bbox 41 1415 310 1501; x_wconf 79' lang='grc' dir='ltr'><strong><em>λθβαοιλευκότας</em></strong></span> <span class='ocrx_word' id='word_1_83' title='bbox 344 1423 382 1504; x_wconf 81' lang='grc' dir='ltr'><strong><em>τῇ</em></strong></span> <span class='ocrx_word' id='word_1_84' title='bbox 415 1416 573 1505; x_wconf 76' lang='grc' dir='ltr'><strong><em>συγκλήτῳ</em></strong></span> <span class='ocrx_word' id='word_1_85' title='bbox 606 1419 660 1480; x_wconf 78' lang='grc' dir='ltr'><strong><em>κατ’</em></strong></span> <span class='ocrx_word' id='word_1_86' title='bbox 695 1426 760 1491; x_wconf 85' lang='grc' dir='ltr'><strong><em>τοῖς</em></strong></span> <span class='ocrx_word' id='word_1_87' title='bbox 792 1408 899 1492; x_wconf 68' lang='grc' dir='ltr'><strong><em>ἄλλοις</em></strong></span> <span class='ocrx_word' id='word_1_88' title='bbox 928 1415 1188 1503; x_wconf 84' lang='grc' dir='ltr'><strong><em>προσφερόμενος</em></strong></span> 
     </span>
     <span class='ocr_line' id='line_1_12' title="bbox 82 1512 1189 1602; baseline 0.001 -22"><span class='ocrx_word' id='word_1_89' title='bbox 82 1512 244 1602; x_wconf 84' lang='grc' dir='ltr'><strong><em>όπηιιόοις,</em></strong></span> <span class='ocrx_word' id='word_1_90' title='bbox 256 1522 311 1584; x_wconf 87' lang='grc' dir='ltr'><strong><em>καί</em></strong></span> <span class='ocrx_word' id='word_1_91' title='bbox 321 1525 427 1600; x_wconf 77' lang='grc' dir='ltr'><strong><em>τιμαῖς</em></strong></span> <span class='ocrx_word' id='word_1_92' title='bbox 441 1520 658 1598; x_wconf 73' lang='grc' dir='ltr'><strong><em>περιβλέπτοις</em></strong></span> <span class='ocrx_word' id='word_1_93' title='bbox 671 1519 727 1581; x_wconf 88' lang='grc' dir='ltr'><strong><em>καί</em></strong></span> <span class='ocrx_word' id='word_1_94' title='bbox 736 1515 896 1598; x_wconf 75' lang='grc' dir='ltr'><strong><em>α’ξιοόμαυι</em></strong></span> <span class='ocrx_word' id='word_1_95' title='bbox 908 1519 1074 1590; x_wconf 86' lang='grc' dir='ltr'><strong><em>πλείστους</em></strong></span> <span class='ocrx_word' id='word_1_96' title='bbox 1094 1512 1189 1593; x_wconf 89' lang='grc' dir='ltr'><strong><em>όσους</em></strong></span> 
     </span>
     <span class='ocr_line' id='line_1_13' title="bbox 81 1613 1191 1702; baseline 0.002 -22"><span class='ocrx_word' id='word_1_97' title='bbox 81 1622 334 1702; x_wconf 83' lang='grc' dir='ltr'><strong><em>καταγεραίρων,</em></strong></span> <span class='ocrx_word' id='word_1_98' title='bbox 359 1617 412 1682; x_wconf 80' lang='grc' dir='ltr'><strong><em>καί</em></strong></span> <span class='ocrx_word' id='word_1_99' title='bbox 431 1615 488 1700; x_wconf 76' lang='grc' dir='ltr'><strong><em>την</em></strong></span> <span class='ocrx_word' id='word_1_100' title='bbox 509 1617 673 1699; x_wconf 83' lang='grc' dir='ltr'><strong><em>τόνομίαν,</em></strong></span> <span class='ocrx_word' id='word_1_101' title='bbox 695 1615 783 1700; x_wconf 86' lang='grc' dir='ltr'><strong><em>εἴπερ</em></strong></span> <span class='ocrx_word' id='word_1_102' title='bbox 805 1644 853 1694; x_wconf 87' lang='grc' dir='ltr'><strong><em>τις</em></strong></span> <span class='ocrx_word' id='word_1_103' title='bbox 874 1613 982 1698; x_wconf 77' lang='grc' dir='ltr'><strong><em>ἄλλος,</em></strong></span> <span class='ocrx_word' id='word_1_104' title='bbox 1003 1615 1191 1696; x_wconf 76' lang='grc' dir='ltr'><strong><em>σπουδάζων</em></strong></span> 
     </span>
     <span class='ocr_line' id='line_1_14' title="bbox 82 1715 1190 1805; baseline -0.004 -21"><span class='ocrx_word' id='word_1_105' title='bbox 82 1719 293 1803; x_wconf 61' lang='grc' dir='ltr'><strong><em>ἀνεγερθῆναι</em></strong></span> <span class='ocrx_word' id='word_1_106' title='bbox 310 1718 396 1801; x_wconf 67' lang='grc' dir='ltr'><strong><em>,μιαί</em></strong></span> <span class='ocrx_word' id='word_1_107' title='bbox 422 1722 484 1784; x_wconf 78' lang='grc' dir='ltr'><strong><em>τῶν</em></strong></span> <span class='ocrx_word' id='word_1_108' title='bbox 510 1720 726 1800; x_wconf 69' lang='grc' dir='ltr'><strong><em>ἀδικουμένων</em></strong></span> <span class='ocrx_word' id='word_1_109' title='bbox 748 1717 912 1805; x_wconf 82' lang='grc' dir='ltr'><strong><em>ε’κδικητης</em></strong></span> <span class='ocrx_word' id='word_1_110' title='bbox 936 1715 1190 1804; x_wconf 85' lang='grc' dir='ltr'><strong><em>α’ναφαινόμενος</em></strong></span> 
     </span>
     <span class='ocr_line' id='line_1_15' title="bbox 82 1812 1190 1903; baseline 0.001 -22"><span class='ocrx_word' id='word_1_111' title='bbox 82 1816 320 1903; x_wconf 73' lang='grc' dir='ltr'><strong><em>ἀπαραίτητος,</em></strong></span> <span class='ocrx_word' id='word_1_112' title='bbox 341 1819 395 1886; x_wconf 82' lang='grc' dir='ltr'><em>καί</em></span> <span class='ocrx_word' id='word_1_113' title='bbox 414 1816 617 1902; x_wconf 87' lang='grc' dir='ltr'><strong><em>δικαιοοόνην</em></strong></span> <span class='ocrx_word' id='word_1_114' title='bbox 631 1821 693 1884; x_wconf 83' lang='grc' dir='ltr'><strong><em>τεόν</em></strong></span> <span class='ocrx_word' id='word_1_115' title='bbox 713 1812 817 1883; x_wconf 74' lang='grc' dir='ltr'><strong><em>ἄλλων</em></strong></span> <span class='ocrx_word' id='word_1_116' title='bbox 834 1815 982 1885; x_wconf 74' lang='grc' dir='ltr'><strong><em>ἁπάντων</em></strong></span> <span class='ocrx_word' id='word_1_117' title='bbox 1005 1813 1190 1902; x_wconf 86' lang='grc' dir='ltr'><strong><em>ότιεραίρων</em></strong></span> 
     </span>
     <span class='ocr_line' id='line_1_16' title="bbox 41 1915 1190 2004; baseline -0.003 -17"><span class='ocrx_word' id='word_1_118' title='bbox 41 1915 142 1990; x_wconf 63' lang='lat' dir='ltr'><strong>laxat*</strong></span> <span class='ocrx_word' id='word_1_119' title='bbox 160 1919 406 2004; x_wconf 75' lang='grc' dir='ltr'><strong><em>προτιμώμενος.</em></strong></span> <span class='ocrx_word' id='word_1_120' title='bbox 466 1919 595 2004; x_wconf 75' lang='grc' dir='ltr'><strong><em>ἐξήγαγε</em></strong></span> <span class='ocrx_word' id='word_1_121' title='bbox 626 1920 687 2001; x_wconf 80' lang='grc' dir='ltr'><strong><em>γὰρ</em></strong></span> <span class='ocrx_word' id='word_1_122' title='bbox 720 1924 777 1984; x_wconf 75' lang='grc' dir='ltr'><strong><em>κατ’</em></strong></span> <span class='ocrx_word' id='word_1_123' title='bbox 796 1921 852 2004; x_wconf 79' lang='grc' dir='ltr'><strong><em>τῆς</em></strong></span> <span class='ocrx_word' id='word_1_124' title='bbox 879 1919 1012 2002; x_wconf 85' lang='grc' dir='ltr'><strong><em>χρονίας</em></strong></span> <span class='ocrx_word' id='word_1_125' title='bbox 1042 1920 1190 2004; x_wconf 82' lang='grc' dir='ltr'><strong><em>φρουρός</em></strong></span> 
     </span>
     <span class='ocr_line' id='line_1_17' title="bbox 11 2013 1187 2111; baseline 0 -28"><span class='ocrx_word' id='word_1_126' title='bbox 11 2103 14 2111; x_wconf 22' lang='lat'><strong><em>¹</em></strong></span> <span class='ocrx_word' id='word_1_127' title='bbox 84 2018 141 2083; x_wconf 81' lang='grc' dir='ltr'><strong><em>τόν</em></strong></span> <span class='ocrx_word' id='word_1_128' title='bbox 163 2043 195 2086; x_wconf 90' lang='grc' dir='ltr'><strong><em>τε</em></strong></span> <span class='ocrx_word' id='word_1_129' title='bbox 228 2025 464 2091; x_wconf 80' lang='grc' dir='ltr'><strong><em>Κωνσταντῖνον</em></strong></span> <span class='ocrx_word' id='word_1_130' title='bbox 499 2024 615 2088; x_wconf 80' lang='grc' dir='ltr'><strong><em>ἐκεῖνον</em></strong></span> <span class='ocrx_word' id='word_1_131' title='bbox 643 2019 696 2085; x_wconf 89' lang='grc' dir='ltr'><strong><em>τόν</em></strong></span> <span class='ocrx_word' id='word_1_132' title='bbox 728 2018 963 2103; x_wconf 87' lang='grc' dir='ltr'><strong><em>Δαλασσηνόν,</em></strong></span> <span class='ocrx_word' id='word_1_133' title='bbox 986 2018 1028 2096; x_wconf 77' lang='grc' dir='ltr'><strong><em>ὥς</em></strong></span> <span class='ocrx_word' id='word_1_134' title='bbox 1050 2013 1187 2084; x_wconf 82' lang='grc' dir='ltr'><strong><em>όποτιτον</em></strong></span> 
     </span>
     <span class='ocr_line' id='line_1_18' title="bbox 84 2120 1330 2212; baseline -0.002 -27"><span class='ocrx_word' id='word_1_135' title='bbox 84 2123 231 2212; x_wconf 74' lang='grc' dir='ltr'><strong><em>περὶτῆς</em></strong></span> <span class='ocrx_word' id='word_1_136' title='bbox 250 2127 416 2202; x_wconf 81' lang='grc' dir='ltr'><strong><em>βασιλείας</em></strong></span> <span class='ocrx_word' id='word_1_137' title='bbox 447 2125 481 2186; x_wconf 81' lang='grc' dir='ltr'><strong><em>ἑν</em></strong></span> <span class='ocrx_word' id='word_1_138' title='bbox 503 2121 611 2212; x_wconf 84' lang='grc' dir='ltr'><strong><em>πόργιρ</em></strong></span> <span class='ocrx_word' id='word_1_139' title='bbox 631 2122 880 2188; x_wconf 75' lang='grc' dir='ltr'><strong><em>οἷποκλεισδόντα</em></strong></span> <span class='ocrx_word' id='word_1_140' title='bbox 910 2121 999 2205; x_wconf 81' lang='grc' dir='ltr'><strong><em>παρὰ</em></strong></span> <span class='ocrx_word' id='word_1_141' title='bbox 1019 2124 1075 2186; x_wconf 87' lang='grc' dir='ltr'><strong><em>τοό</em></strong></span> <span class='ocrx_word' id='word_1_142' title='bbox 1097 2120 1219 2196; x_wconf 78' lang='grc' dir='ltr'><strong><em>θείους,</em></strong></span> <span class='ocrx_word' id='word_1_143' title='bbox 1240 2143 1290 2201; x_wconf 74' lang='grc' dir='ltr'><strong><em>ςρρ</em></strong></span> <span class='ocrx_word' id='word_1_144' title='bbox 1307 2159 1330 2196; x_wconf 61' lang='lat'><strong><em>1,</em></strong></span> 
     </span>
     <span class='ocr_line' id='line_1_19' title="bbox 71 2215 1283 2308; baseline 0.002 -23"><span class='ocrx_word' id='word_1_145' title='bbox 71 2222 206 2302; x_wconf 64' lang='grc' dir='ltr'><strong><em>»ου’τοῦ,</em></strong></span> <span class='ocrx_word' id='word_1_146' title='bbox 238 2222 292 2290; x_wconf 80' lang='grc' dir='ltr'><strong><em>κατ’</em></strong></span> <span class='ocrx_word' id='word_1_147' title='bbox 319 2222 374 2287; x_wconf 87' lang='grc' dir='ltr'><strong><em>τόν</em></strong></span> <span class='ocrx_word' id='word_1_148' title='bbox 399 2226 564 2308; x_wconf 79' lang='grc' dir='ltr'><strong><em>πατρίκιον</em></strong></span> <span class='ocrx_word' id='word_1_149' title='bbox 591 2215 707 2288; x_wconf 79' lang='grc' dir='ltr'><strong><em>ἐκεῖνον</em></strong></span> <span class='ocrx_word' id='word_1_150' title='bbox 738 2225 769 2287; x_wconf 87' lang='grc' dir='ltr'>Γ</span> <span class='ocrx_word' id='word_1_151' title='bbox 767 2219 899 2306; x_wconf 87' lang='grc' dir='ltr'><strong><em>εοόργιον</em></strong></span> <span class='ocrx_word' id='word_1_152' title='bbox 926 2219 982 2288; x_wconf 87' lang='grc' dir='ltr'><strong><em>τόν</em></strong></span> <span class='ocrx_word' id='word_1_153' title='bbox 1004 2219 1189 2305; x_wconf 83' lang='grc' dir='ltr'><strong><em>Μανιόκην,</em></strong></span> <span class='ocrx_word' id='word_1_154' title='bbox 1229 2295 1232 2301; x_wconf 46' lang='grc'><strong><em>,</em></strong></span> <span class='ocrx_word' id='word_1_155' title='bbox 1278 2275 1283 2288; x_wconf 89' lang='grc'><strong>.</strong></span> 
     </span>
     <span class='ocr_line' id='line_1_20' title="bbox 87 2313 1191 2409; baseline 0.006 -27"><span class='ocrx_word' id='word_1_156' title='bbox 87 2313 124 2384; x_wconf 83' lang='grc' dir='ltr'><strong><em>όν</em></strong></span> <span class='ocrx_word' id='word_1_157' title='bbox 143 2325 201 2388; x_wconf 77' lang='grc' dir='ltr'><strong><em>καί1</em></strong></span> <span class='ocrx_word' id='word_1_158' title='bbox 219 2327 262 2409; x_wconf 74' lang='grc' dir='ltr'><strong><em>τῷ</em></strong></span> <span class='ocrx_word' id='word_1_159' title='bbox 281 2325 344 2390; x_wconf 75' lang='grc' dir='ltr'><strong><em>τόν</em></strong></span> <span class='ocrx_word' id='word_1_160' title='bbox 363 2329 544 2406; x_wconf 88' lang='grc' dir='ltr'><strong><em>μαγίοτρων</em></strong></span> <span class='ocrx_word' id='word_1_161' title='bbox 573 2321 744 2407; x_wconf 81' lang='grc' dir='ltr'><strong><em>τετιμηκός</em></strong></span> <span class='ocrx_word' id='word_1_162' title='bbox 768 2323 924 2404; x_wconf 77' lang='grc' dir='ltr'><strong><em>α’ξιοόματι</em></strong></span> <span class='ocrx_word' id='word_1_163' title='bbox 953 2326 1008 2386; x_wconf 86' lang='grc' dir='ltr'><strong><em>καί</em></strong></span> <span class='ocrx_word' id='word_1_164' title='bbox 1026 2319 1191 2389; x_wconf 77' lang='grc' dir='ltr'><strong><em>καταπόνου</em></strong></span> 
     </span>
     <span class='ocr_line' id='line_1_21' title="bbox 42 2421 1194 2509; baseline 0.001 -22"><span class='ocrx_word' id='word_1_165' title='bbox 42 2421 218 2496; x_wconf 69' lang='grc' dir='ltr'><strong><em>λό’λταλίας</em></strong></span> <span class='ocrx_word' id='word_1_166' title='bbox 240 2429 491 2509; x_wconf 78' lang='grc' dir='ltr'><strong><em>προεχειριλτατο.</em></strong></span> <span class='ocrx_word' id='word_1_167' title='bbox 514 2423 590 2500; x_wconf 84' lang='grc' dir='ltr'><strong><em>τοός</em></strong></span> <span class='ocrx_word' id='word_1_168' title='bbox 610 2427 645 2490; x_wconf 81' lang='grc' dir='ltr'><strong><em>δὲ</em></strong></span> <span class='ocrx_word' id='word_1_169' title='bbox 665 2431 824 2505; x_wconf 80' lang='grc' dir='ltr'><strong><em>συγγενεῖς</em></strong></span> <span class='ocrx_word' id='word_1_170' title='bbox 848 2422 959 2503; x_wconf 87' lang='grc' dir='ltr'><strong><em>αότοό,</em></strong></span> <span class='ocrx_word' id='word_1_171' title='bbox 980 2421 1115 2496; x_wconf 88' lang='grc' dir='ltr'><strong><em>πολλοός</em></strong></span> <span class='ocrx_word' id='word_1_172' title='bbox 1134 2427 1194 2503; x_wconf 80' lang='grc' dir='ltr'><strong><em>μὲν</em></strong></span> 
     </span>
     <span class='ocr_line' id='line_1_22' title="bbox 87 2517 1192 2610; baseline 0.004 -25"><span class='ocrx_word' id='word_1_173' title='bbox 87 2526 143 2586; x_wconf 86' lang='grc' dir='ltr'><strong><em>καί</em></strong></span> <span class='ocrx_word' id='word_1_174' title='bbox 163 2526 331 2601; x_wconf 86' lang='grc' dir='ltr'><strong><em>πλουσίους</em></strong></span> <span class='ocrx_word' id='word_1_175' title='bbox 346 2523 517 2610; x_wconf 82' lang='grc' dir='ltr'><strong><em>φορτικοός</em></strong></span> <span class='ocrx_word' id='word_1_176' title='bbox 534 2529 568 2592; x_wconf 82' lang='grc' dir='ltr'><strong><em>δὲ</em></strong></span> <span class='ocrx_word' id='word_1_177' title='bbox 586 2517 757 2600; x_wconf 70' lang='grc' dir='ltr'><strong><em>δοκοῦντας</em></strong></span> <span class='ocrx_word' id='word_1_178' title='bbox 780 2526 821 2610; x_wconf 73' lang='grc' dir='ltr'><strong><em>τη]</em></strong></span> <span class='ocrx_word' id='word_1_179' title='bbox 840 2521 933 2607; x_wconf 84' lang='grc' dir='ltr'><strong><em>βάρει</em></strong></span> <span class='ocrx_word' id='word_1_180' title='bbox 949 2523 1012 2609; x_wconf 72' lang='grc' dir='ltr'><strong><em>τοῖν</em></strong></span> <span class='ocrx_word' id='word_1_181' title='bbox 1034 2520 1192 2606; x_wconf 80' lang='grc' dir='ltr'><strong><em>τιρόξεων,</em></strong></span> 
     </span>
     <span class='ocr_line' id='line_1_23' title="bbox 89 2617 1194 2710; baseline 0.003 -25"><span class='ocrx_word' id='word_1_182' title='bbox 89 2617 192 2706; x_wconf 77' lang='grc' dir='ltr'><strong><em>ἄρδην</em></strong></span> <span class='ocrx_word' id='word_1_183' title='bbox 215 2626 250 2688; x_wconf 77' lang='grc' dir='ltr'><strong><em>ἐκ</em></strong></span> <span class='ocrx_word' id='word_1_184' title='bbox 270 2627 375 2703; x_wconf 51' lang='grc' dir='ltr'><strong><em>μέσον,</em></strong></span> <span class='ocrx_word' id='word_1_185' title='bbox 404 2631 564 2710; x_wconf 84' lang='grc' dir='ltr'><strong><em>πεποίηκε,</em></strong></span> <span class='ocrx_word' id='word_1_186' title='bbox 587 2623 642 2690; x_wconf 88' lang='grc' dir='ltr'><strong><em>τόν</em></strong></span> <span class='ocrx_word' id='word_1_187' title='bbox 671 2628 730 2707; x_wconf 79' lang='grc' dir='ltr'><strong><em>μὲν</em></strong></span> <span class='ocrx_word' id='word_1_188' title='bbox 752 2622 927 2709; x_wconf 68' lang='grc' dir='ltr'><strong><em>ἐξείργοντα</em></strong></span> <span class='ocrx_word' id='word_1_189' title='bbox 945 2623 1068 2688; x_wconf 74' lang='grc' dir='ltr'><strong><em>ὶοότων</em></strong></span> <span class='ocrx_word' id='word_1_190' title='bbox 1085 2622 1194 2695; x_wconf 76' lang='grc' dir='ltr'><strong><em>Ἰωάν-</em></strong></span> 
     </span>
     <span class='ocr_line' id='line_1_24' title="bbox 88 2717 1192 2814; baseline 0.001 -27"><span class='ocrx_word' id='word_1_191' title='bbox 88 2746 146 2806; x_wconf 85' lang='grc' dir='ltr'><strong><em>νην</em></strong></span> <span class='ocrx_word' id='word_1_192' title='bbox 165 2725 309 2808; x_wconf 78' lang='grc' dir='ltr'><strong><em>μοναχὸν</em></strong></span> <span class='ocrx_word' id='word_1_193' title='bbox 326 2728 381 2792; x_wconf 81' lang='grc' dir='ltr'><strong><em>καί</em></strong></span> <span class='ocrx_word' id='word_1_194' title='bbox 405 2726 658 2814; x_wconf 77' lang='grc' dir='ltr'><strong><em>όρφανοιρόιγον,</em></strong></span> <span class='ocrx_word' id='word_1_195' title='bbox 681 2723 716 2802; x_wconf 84' lang='grc' dir='ltr'><strong><em>ός</em></strong></span> <span class='ocrx_word' id='word_1_196' title='bbox 737 2726 793 2810; x_wconf 81' lang='grc' dir='ltr'><strong><em>την</em></strong></span> <span class='ocrx_word' id='word_1_197' title='bbox 807 2729 870 2796; x_wconf 75' lang='grc' dir='ltr'><strong><em>τόν</em></strong></span> <span class='ocrx_word' id='word_1_198' title='bbox 890 2717 1085 2812; x_wconf 67' lang='grc' dir='ltr'><strong><em>πραγμάτων</em></strong></span> <span class='ocrx_word' id='word_1_199' title='bbox 1104 2717 1192 2810; x_wconf 81' lang='grc' dir='ltr'><strong><em>εἶχεν</em></strong></span> 
     </span>
    </p>
   </div>
   <div class='ocr_carea' id='block_1_3' title="bbox 164 2924 387 2984">
    <p class='ocr_par' dir='ltr' id='par_1_3' title="bbox 164 2924 387 2984">
     <span class='ocr_line' id='line_1_25' title="bbox 164 2924 387 2984; baseline 0.013 -5"><span class='ocrx_word' id='word_1_200' title='bbox 164 2928 205 2982; x_wconf 77' lang='lat'><strong><em>12</em></strong></span> <span class='ocrx_word' id='word_1_201' title='bbox 228 2947 255 2982; x_wconf 88' lang='grc' dir='ltr'><strong><em>τι</em></strong></span> <span class='ocrx_word' id='word_1_202' title='bbox 273 2924 339 2984; x_wconf 77' lang='grc' dir='ltr'><strong><em>ἄλλο</em></strong></span> <span class='ocrx_word' id='word_1_203' title='bbox 358 2928 387 2984; x_wconf 74' lang='grc' dir='ltr'><strong><em>(λ.</em></strong></span> 
     </span>
    </p>
   </div>
   <div class='ocr_carea' id='block_1_4' title="bbox 76 3116 1275 4324">
    <p class='ocr_par' dir='ltr' id='par_1_4' title="bbox 76 3116 1275 4324">
     <span class='ocr_line' id='line_1_26' title="bbox 91 3116 1192 3188; baseline -0.001 -19"><span class='ocrx_word' id='word_1_204' title='bbox 91 3117 203 3169; x_wconf 89' lang='lat' dir='ltr'><strong>rationis</strong></span> <span class='ocrx_word' id='word_1_205' title='bbox 225 3116 339 3170; x_wconf 85' lang='lat' dir='ltr'><strong>hominis</strong></span> <span class='ocrx_word' id='word_1_206' title='bbox 361 3117 465 3182; x_wconf 86' lang='lat' dir='ltr'><strong>divini,</strong></span> <span class='ocrx_word' id='word_1_207' title='bbox 494 3127 521 3169; x_wconf 87' lang='lat' dir='ltr'><strong><em>et</em></strong></span> <span class='ocrx_word' id='word_1_208' title='bbox 540 3135 618 3172; x_wconf 89' lang='lat' dir='ltr'><strong>mauu</strong></span> <span class='ocrx_word' id='word_1_209' title='bbox 647 3121 755 3173; x_wconf 90' lang='lat' dir='ltr'><strong>maioris</strong></span> <span class='ocrx_word' id='word_1_210' title='bbox 778 3121 848 3171; x_wconf 86' lang='lat' dir='ltr'><strong>inter</strong></span> <span class='ocrx_word' id='word_1_211' title='bbox 876 3119 983 3188; x_wconf 82' lang='lat' dir='ltr'><strong>genitos</strong></span> <span class='ocrx_word' id='word_1_212' title='bbox 1001 3133 1017 3170; x_wconf 90' lang='lat' dir='ltr'><strong><em>a</em></strong></span> <span class='ocrx_word' id='word_1_213' title='bbox 1035 3116 1192 3168; x_wconf 85' lang='lat' dir='ltr'><strong>mulieribus</strong></span> 
     </span>
     <span class='ocr_line' id='line_1_27' title="bbox 90 3188 1191 3259; baseline -0.002 -19"><span class='ocrx_word' id='word_1_214' title='bbox 90 3188 222 3254; x_wconf 71' lang='lat' dir='ltr'><strong>baptistae</strong></span> <span class='ocrx_word' id='word_1_215' title='bbox 255 3190 366 3258; x_wconf 79' lang='lat' dir='ltr'><strong>signatis</strong></span> <span class='ocrx_word' id='word_1_216' title='bbox 396 3189 526 3246; x_wconf 74' lang='lat' dir='ltr'><strong>sinceram</strong></span> <span class='ocrx_word' id='word_1_217' title='bbox 553 3191 630 3244; x_wconf 87' lang='lat' dir='ltr'><strong>buius</strong></span> <span class='ocrx_word' id='word_1_218' title='bbox 650 3193 800 3259; x_wconf 89' lang='lat' dir='ltr'><strong>adoptionis</strong></span> <span class='ocrx_word' id='word_1_219' title='bbox 820 3193 908 3244; x_wconf 91' lang='lat' dir='ltr'><strong>statim</strong></span> <span class='ocrx_word' id='word_1_220' title='bbox 927 3190 1085 3242; x_wconf 84' lang='lat' dir='ltr'><strong>eoulirmaus</strong></span> <span class='ocrx_word' id='word_1_221' title='bbox 1103 3188 1191 3242; x_wconf 85' lang='lat' dir='ltr'><strong>iidem.</strong></span> 
     </span>
     <span class='ocr_line' id='line_1_28' title="bbox 91 3259 1208 3330; baseline -0.005 -19"><span class='ocrx_word' id='word_1_222' title='bbox 91 3268 172 3326; x_wconf 85' lang='lat' dir='ltr'><strong>atqua</strong></span> <span class='ocrx_word' id='word_1_223' title='bbox 192 3269 248 3311; x_wconf 87' lang='lat' dir='ltr'><strong>erat</strong></span> <span class='ocrx_word' id='word_1_224' title='bbox 266 3260 344 3330; x_wconf 80' lang='lat' dir='ltr'><strong>homo</strong></span> <span class='ocrx_word' id='word_1_225' title='bbox 369 3269 477 3327; x_wconf 84' lang='lat' dir='ltr'><strong>propter</strong></span> <span class='ocrx_word' id='word_1_226' title='bbox 505 3261 622 3328; x_wconf 79' lang='lat' dir='ltr'>priorem</span> <span class='ocrx_word' id='word_1_227' title='bbox 649 3265 827 3315; x_wconf 87' lang='lat' dir='ltr'><strong>conditionem</strong></span> <span class='ocrx_word' id='word_1_228' title='bbox 846 3263 968 3325; x_wconf 80' lang='lat' dir='ltr'><strong>infamis,</strong></span> <span class='ocrx_word' id='word_1_229' title='bbox 991 3275 1080 3328; x_wconf 89' lang='lat' dir='ltr'><strong>neque</strong></span> <span class='ocrx_word' id='word_1_230' title='bbox 1097 3259 1208 3312; x_wconf 62' lang='lat' dir='ltr'><strong>lauda„</strong></span> 
     </span>
     <span class='ocr_line' id='line_1_29' title="bbox 76 3329 1193 3401; baseline 0 -19"><span class='ocrx_word' id='word_1_231' title='bbox 76 3329 183 3394; x_wconf 50' lang='lat' dir='ltr'><strong>‚biliter</strong></span> <span class='ocrx_word' id='word_1_232' title='bbox 201 3331 440 3382; x_wconf 84' lang='lat' dir='ltr'><strong>administraturum</strong></span> <span class='ocrx_word' id='word_1_233' title='bbox 458 3348 546 3385; x_wconf 87' lang='lat' dir='ltr'><strong>rernm</strong></span> <span class='ocrx_word' id='word_1_234' title='bbox 574 3333 708 3401; x_wconf 76' lang='lat' dir='ltr'><strong>particeps</strong></span> <span class='ocrx_word' id='word_1_235' title='bbox 728 3343 792 3386; x_wconf 90' lang='lat' dir='ltr'><strong>erat.</strong></span> <span class='ocrx_word' id='word_1_236' title='bbox 838 3336 866 3386; x_wconf 93' lang='lat' dir='ltr'><strong>in</strong></span> <span class='ocrx_word' id='word_1_237' title='bbox 885 3335 990 3401; x_wconf 87' lang='lat' dir='ltr'><strong>imperii</strong></span> <span class='ocrx_word' id='word_1_238' title='bbox 1008 3340 1096 3383; x_wconf 87' lang='lat' dir='ltr'><strong>autem</strong></span> <span class='ocrx_word' id='word_1_239' title='bbox 1115 3331 1193 3383; x_wconf 90' lang='lat' dir='ltr'><strong>initio</strong></span> 
     </span>
     <span class='ocr_line' id='line_1_30' title="bbox 91 3402 1195 3475; baseline 0 -22"><span class='ocrx_word' id='word_1_240' title='bbox 91 3404 171 3453; x_wconf 87' lang='lat' dir='ltr'><strong>etiam</strong></span> <span class='ocrx_word' id='word_1_241' title='bbox 190 3402 269 3453; x_wconf 83' lang='lat' dir='ltr'><strong>valde</strong></span> <span class='ocrx_word' id='word_1_242' title='bbox 288 3402 443 3454; x_wconf 76' lang='lat' dir='ltr'><strong>laudabatur</strong></span> <span class='ocrx_word' id='word_1_243' title='bbox 464 3413 491 3455; x_wconf 87' lang='lat' dir='ltr'><strong><em>et</em></strong></span> <span class='ocrx_word' id='word_1_244' title='bbox 502 3402 694 3468; x_wconf 79' lang='lat' dir='ltr'><strong>celebrabatur,</strong></span> <span class='ocrx_word' id='word_1_245' title='bbox 712 3414 742 3456; x_wconf 92' lang='lat' dir='ltr'><strong><em>ut</em></strong></span> <span class='ocrx_word' id='word_1_246' title='bbox 755 3421 887 3475; x_wconf 83' lang='lat' dir='ltr'><strong>generoso</strong></span> <span class='ocrx_word' id='word_1_247' title='bbox 903 3421 990 3473; x_wconf 80' lang='lat' dir='ltr'><strong>nuper</strong></span> <span class='ocrx_word' id='word_1_248' title='bbox 1003 3404 1114 3471; x_wconf 89' lang='lat' dir='ltr'><strong>primum</strong></span> <span class='ocrx_word' id='word_1_249' title='bbox 1128 3418 1195 3468; x_wconf 90' lang='lat' dir='ltr'><strong>prae</strong></span> 
     </span>
     <span class='ocr_line' id='line_1_31' title="bbox 90 3473 1191 3540; baseline -0.001 -15"><span class='ocrx_word' id='word_1_250' title='bbox 90 3473 225 3539; x_wconf 83' lang='lat' dir='ltr'><strong>prioribus</strong></span> <span class='ocrx_word' id='word_1_251' title='bbox 246 3474 354 3540; x_wconf 87' lang='lat' dir='ltr'><strong>regibus</strong></span> <span class='ocrx_word' id='word_1_252' title='bbox 374 3477 477 3526; x_wconf 88' lang='lat' dir='ltr'><strong>senatui</strong></span> <span class='ocrx_word' id='word_1_253' title='bbox 499 3482 526 3527; x_wconf 88' lang='lat' dir='ltr'><strong><em>et</em></strong></span> <span class='ocrx_word' id='word_1_254' title='bbox 544 3477 641 3528; x_wconf 87' lang='lat' dir='ltr'><strong>ceteris</strong></span> <span class='ocrx_word' id='word_1_255' title='bbox 665 3493 695 3529; x_wconf 90' lang='lat' dir='ltr'><strong><em>se</em></strong></span> <span class='ocrx_word' id='word_1_256' title='bbox 719 3478 834 3532; x_wconf 88' lang='lat' dir='ltr'><strong>oliereus</strong></span> <span class='ocrx_word' id='word_1_257' title='bbox 865 3477 1003 3539; x_wconf 87' lang='lat' dir='ltr'><strong>subiectis,</strong></span> <span class='ocrx_word' id='word_1_258' title='bbox 1034 3482 1061 3526; x_wconf 93' lang='lat' dir='ltr'><strong><em>et</em></strong></span> <span class='ocrx_word' id='word_1_259' title='bbox 1079 3474 1191 3525; x_wconf 88' lang='lat' dir='ltr'><strong>bonori-</strong></span> 
     </span>
     <span class='ocr_line' id='line_1_32' title="bbox 90 3543 1191 3615; baseline -0.001 -19"><span class='ocrx_word' id='word_1_260' title='bbox 90 3545 139 3596; x_wconf 93' lang='lat' dir='ltr'><strong><em>bus</em></strong></span> <span class='ocrx_word' id='word_1_261' title='bbox 158 3543 307 3596; x_wconf 80' lang='lat' dir='ltr'><strong>illustribus</strong></span> <span class='ocrx_word' id='word_1_262' title='bbox 329 3554 355 3595; x_wconf 86' lang='lat' dir='ltr'><strong><em>ot</em></strong></span> <span class='ocrx_word' id='word_1_263' title='bbox 366 3546 538 3614; x_wconf 82' lang='lat' dir='ltr'><strong>dignitatibus</strong></span> <span class='ocrx_word' id='word_1_264' title='bbox 558 3548 776 3614; x_wconf 85' lang='lat' dir='ltr'><strong>quamplurimos</strong></span> <span class='ocrx_word' id='word_1_265' title='bbox 795 3562 901 3611; x_wconf 87' lang='lat' dir='ltr'><strong>ornans,</strong></span> <span class='ocrx_word' id='word_1_266' title='bbox 922 3557 949 3599; x_wconf 89' lang='lat' dir='ltr'><strong><em>et</em></strong></span> <span class='ocrx_word' id='word_1_267' title='bbox 965 3547 1113 3615; x_wconf 74' lang='lat' dir='ltr'><strong>legitimum</strong></span> <span class='ocrx_word' id='word_1_268' title='bbox 1133 3553 1191 3596; x_wconf 89' lang='lat' dir='ltr'><strong>sta-</strong></span> 
     </span>
     <span class='ocr_line' id='line_1_33' title="bbox 90 3615 1275 3690; baseline 0.002 -24"><span class='ocrx_word' id='word_1_269' title='bbox 90 3625 143 3666; x_wconf 89' lang='lat' dir='ltr'><strong><em>tum</em></strong></span> <span class='ocrx_word' id='word_1_270' title='bbox 166 3617 188 3666; x_wconf 88' lang='lat' dir='ltr'><strong><em>si</em></strong></span> <span class='ocrx_word' id='word_1_271' title='bbox 211 3615 270 3682; x_wconf 85' lang='lat' dir='ltr'><strong>quis</strong></span> <span class='ocrx_word' id='word_1_272' title='bbox 296 3615 364 3670; x_wconf 89' lang='lat' dir='ltr'><strong>alius</strong></span> <span class='ocrx_word' id='word_1_273' title='bbox 384 3619 493 3670; x_wconf 78' lang='lat' dir='ltr'><strong>studens</strong></span> <span class='ocrx_word' id='word_1_274' title='bbox 512 3620 659 3672; x_wconf 84' lang='lat' dir='ltr'><strong>suscitare:</strong></span> <span class='ocrx_word' id='word_1_275' title='bbox 687 3628 714 3670; x_wconf 93' lang='lat' dir='ltr'><strong><em>et</em></strong></span> <span class='ocrx_word' id='word_1_276' title='bbox 735 3636 822 3671; x_wconf 87' lang='lat' dir='ltr'><strong>rerum</strong></span> <span class='ocrx_word' id='word_1_277' title='bbox 850 3621 1006 3671; x_wconf 75' lang='lat' dir='ltr'><strong>iniustorum</strong></span> <span class='ocrx_word' id='word_1_278' title='bbox 1025 3616 1095 3668; x_wconf 90' lang='lat' dir='ltr'><strong>ultor</strong></span> <span class='ocrx_word' id='word_1_279' title='bbox 1116 3616 1192 3668; x_wconf 83' lang='lat' dir='ltr'><strong>visus</strong></span> <span class='ocrx_word' id='word_1_280' title='bbox 1270 3677 1275 3690; x_wconf 44' lang='grc' dir='ltr'><em>Ι</em></span> 
     </span>
     <span class='ocr_line' id='line_1_34' title="bbox 89 3685 1191 3755; baseline 0.002 -18"><span class='ocrx_word' id='word_1_281' title='bbox 89 3685 275 3748; x_wconf 85' lang='lat' dir='ltr'><strong>inexorabilis,</strong></span> <span class='ocrx_word' id='word_1_282' title='bbox 297 3695 323 3736; x_wconf 92' lang='lat' dir='ltr'><strong><em>et</em></strong></span> <span class='ocrx_word' id='word_1_283' title='bbox 343 3690 469 3740; x_wconf 85' lang='lat' dir='ltr'><strong>iustitiam</strong></span> <span class='ocrx_word' id='word_1_284' title='bbox 488 3705 553 3755; x_wconf 84' lang='lat' dir='ltr'><strong>prae</strong></span> <span class='ocrx_word' id='word_1_285' title='bbox 572 3692 693 3744; x_wconf 90' lang='lat' dir='ltr'><strong>omnibus</strong></span> <span class='ocrx_word' id='word_1_286' title='bbox 722 3691 782 3742; x_wconf 91' lang='lat' dir='ltr'><strong>aliis</strong></span> <span class='ocrx_word' id='word_1_287' title='bbox 803 3691 918 3742; x_wconf 77' lang='lat' dir='ltr'><strong>elisaeus</strong></span> <span class='ocrx_word' id='word_1_288' title='bbox 937 3698 964 3740; x_wconf 87' lang='lat' dir='ltr'><strong><em>et</em></strong></span> <span class='ocrx_word' id='word_1_289' title='bbox 983 3689 1085 3741; x_wconf 85' lang='lat' dir='ltr'><strong>colens.</strong></span> <span class='ocrx_word' id='word_1_290' title='bbox 1124 3690 1191 3741; x_wconf 81' lang='lat' dir='ltr'><strong>edu-</strong></span> 
     </span>
     <span class='ocr_line' id='line_1_35' title="bbox 90 3758 1191 3829; baseline 0.003 -22"><span class='ocrx_word' id='word_1_291' title='bbox 90 3758 129 3808; x_wconf 89' lang='lat' dir='ltr'><strong><em>xit</em></strong></span> <span class='ocrx_word' id='word_1_292' title='bbox 148 3758 219 3808; x_wconf 81' lang='lat' dir='ltr'><strong>enim</strong></span> <span class='ocrx_word' id='word_1_293' title='bbox 239 3759 317 3808; x_wconf 85' lang='lat' dir='ltr'><strong>stiam</strong></span> <span class='ocrx_word' id='word_1_294' title='bbox 338 3776 370 3810; x_wconf 81' lang='lat' dir='ltr'><strong><em>ex</em></strong></span> <span class='ocrx_word' id='word_1_295' title='bbox 389 3759 537 3829; x_wconf 78' lang='lat' dir='ltr'><strong>longinquo</strong></span> <span class='ocrx_word' id='word_1_296' title='bbox 554 3777 662 3812; x_wconf 85' lang='lat' dir='ltr'><strong>carcere</strong></span> <span class='ocrx_word' id='word_1_297' title='bbox 682 3762 882 3815; x_wconf 80' lang='lat' dir='ltr'><strong>Constantinum</strong></span> <span class='ocrx_word' id='word_1_298' title='bbox 901 3760 977 3812; x_wconf 89' lang='lat' dir='ltr'><strong>illum</strong></span> <span class='ocrx_word' id='word_1_299' title='bbox 996 3759 1191 3822; x_wconf 87' lang='lat' dir='ltr'><strong>Dsllasseuum,</strong></span> 
     </span>
     <span class='ocr_line' id='line_1_36' title="bbox 90 3831 1193 3898; baseline 0.004 -20"><span class='ocrx_word' id='word_1_300' title='bbox 90 3831 135 3895; x_wconf 84' lang='lat' dir='ltr'><strong>qui</strong></span> <span class='ocrx_word' id='word_1_301' title='bbox 155 3835 294 3893; x_wconf 87' lang='lat' dir='ltr'><strong>suspectus</strong></span> <span class='ocrx_word' id='word_1_302' title='bbox 319 3833 397 3898; x_wconf 77' lang='lat' dir='ltr'><strong>regni</strong></span> <span class='ocrx_word' id='word_1_303' title='bbox 415 3831 554 3892; x_wconf 79' lang='lat' dir='ltr'><strong>aliectandi</strong></span> <span class='ocrx_word' id='word_1_304' title='bbox 574 3833 601 3884; x_wconf 93' lang='lat' dir='ltr'><strong>iu</strong></span> <span class='ocrx_word' id='word_1_305' title='bbox 621 3834 687 3884; x_wconf 83' lang='lat' dir='ltr'><strong>turri</strong></span> <span class='ocrx_word' id='word_1_306' title='bbox 705 3832 825 3884; x_wconf 87' lang='lat' dir='ltr'><strong>inclusus</strong></span> <span class='ocrx_word' id='word_1_307' title='bbox 845 3839 902 3881; x_wconf 87' lang='lat' dir='ltr'><strong>erat</strong></span> <span class='ocrx_word' id='word_1_308' title='bbox 920 3831 953 3882; x_wconf 87' lang='lat' dir='ltr'><strong><em>ab</em></strong></span> <span class='ocrx_word' id='word_1_309' title='bbox 970 3831 1105 3896; x_wconf 83' lang='lat' dir='ltr'><strong>avunculo</strong></span> <span class='ocrx_word' id='word_1_310' title='bbox 1125 3833 1193 3894; x_wconf 84' lang='lat' dir='ltr'><strong>sius,</strong></span> 
     </span>
     <span class='ocr_line' id='line_1_37' title="bbox 90 3899 1192 3971; baseline 0.003 -23"><span class='ocrx_word' id='word_1_311' title='bbox 90 3907 117 3950; x_wconf 83' lang='lat' dir='ltr'><strong><em>et</em></strong></span> <span class='ocrx_word' id='word_1_312' title='bbox 133 3899 274 3964; x_wconf 86' lang='lat' dir='ltr'><strong>patricium</strong></span> <span class='ocrx_word' id='word_1_313' title='bbox 293 3899 368 3952; x_wconf 92' lang='lat' dir='ltr'><strong>illum</strong></span> <span class='ocrx_word' id='word_1_314' title='bbox 391 3904 534 3971; x_wconf 79' lang='lat' dir='ltr'><strong>Georgium</strong></span> <span class='ocrx_word' id='word_1_315' title='bbox 553 3904 707 3967; x_wconf 79' lang='grc' dir='ltr'><strong><em>Μυιιίοοεα,</em></strong></span> <span class='ocrx_word' id='word_1_316' title='bbox 740 3917 819 3970; x_wconf 86' lang='lat' dir='ltr'><strong>quem</strong></span> <span class='ocrx_word' id='word_1_317' title='bbox 842 3902 920 3953; x_wconf 86' lang='lat' dir='ltr'><strong>etiam</strong></span> <span class='ocrx_word' id='word_1_318' title='bbox 937 3904 1121 3970; x_wconf 77' lang='lat' dir='ltr'><strong>magistrorum</strong></span> <span class='ocrx_word' id='word_1_319' title='bbox 1141 3903 1192 3952; x_wconf 80' lang='grc' dir='ltr'><strong><em>λια-</em></strong></span> 
     </span>
     <span class='ocr_line' id='line_1_38' title="bbox 89 3967 1194 4041; baseline 0.002 -21"><span class='ocrx_word' id='word_1_320' title='bbox 89 3967 196 4021; x_wconf 87' lang='lat' dir='ltr'><strong>u&#39;oravit</strong></span> <span class='ocrx_word' id='word_1_321' title='bbox 219 3971 348 4037; x_wconf 77' lang='lat' dir='ltr'><strong>dignitate</strong></span> <span class='ocrx_word' id='word_1_322' title='bbox 375 3983 402 4024; x_wconf 90' lang='lat' dir='ltr'><strong><em>et</em></strong></span> <span class='ocrx_word' id='word_1_323' title='bbox 420 3976 565 4041; x_wconf 87' lang='lat' dir='ltr'><strong>superioris</strong></span> <span class='ocrx_word' id='word_1_324' title='bbox 595 3975 687 4025; x_wconf 84' lang='lat' dir='ltr'><strong>ltaliae</strong></span> <span class='ocrx_word' id='word_1_325' title='bbox 706 3974 869 4040; x_wconf 86' lang='lat' dir='ltr'><strong>praelectum</strong></span> <span class='ocrx_word' id='word_1_326' title='bbox 896 3976 1041 4026; x_wconf 85' lang='lat' dir='ltr'><strong>constituit.</strong></span> <span class='ocrx_word' id='word_1_327' title='bbox 1080 3975 1194 4040; x_wconf 89' lang='lat' dir='ltr'><strong>propin-</strong></span> 
     </span>
     <span class='ocr_line' id='line_1_39' title="bbox 90 4045 1193 4112; baseline 0.002 -22"><span class='ocrx_word' id='word_1_328' title='bbox 90 4055 156 4108; x_wconf 89' lang='lat' dir='ltr'><strong>quos</strong></span> <span class='ocrx_word' id='word_1_329' title='bbox 175 4050 263 4091; x_wconf 86' lang='lat' dir='ltr'><strong>autem</strong></span> <span class='ocrx_word' id='word_1_330' title='bbox 285 4057 356 4106; x_wconf 90' lang='lat' dir='ltr'><strong>suos,</strong></span> <span class='ocrx_word' id='word_1_331' title='bbox 377 4049 421 4111; x_wconf 91' lang='lat' dir='ltr'><strong>qui</strong></span> <span class='ocrx_word' id='word_1_332' title='bbox 441 4047 515 4096; x_wconf 91' lang='lat' dir='ltr'><strong>multi</strong></span> <span class='ocrx_word' id='word_1_333' title='bbox 540 4047 643 4112; x_wconf 87' lang='lat' dir='ltr'><strong>quidem</strong></span> <span class='ocrx_word' id='word_1_334' title='bbox 670 4055 696 4096; x_wconf 90' lang='lat' dir='ltr'><strong><em>et</em></strong></span> <span class='ocrx_word' id='word_1_335' title='bbox 722 4046 820 4097; x_wconf 75' lang='lat' dir='ltr'><strong>divites</strong></span> <span class='ocrx_word' id='word_1_336' title='bbox 840 4054 933 4109; x_wconf 88' lang='lat' dir='ltr'><strong>erant,</strong></span> <span class='ocrx_word' id='word_1_337' title='bbox 965 4045 1077 4097; x_wconf 87' lang='lat' dir='ltr'><strong>violenti</strong></span> <span class='ocrx_word' id='word_1_338' title='bbox 1105 4052 1193 4094; x_wconf 85' lang='lat' dir='ltr'><strong>tamen</strong></span> 
     </span>
     <span class='ocr_line' id='line_1_40' title="bbox 90 4111 1193 4184; baseline 0.002 -22"><span class='ocrx_word' id='word_1_339' title='bbox 90 4111 248 4163; x_wconf 84' lang='lat' dir='ltr'><strong>videbantur</strong></span> <span class='ocrx_word' id='word_1_340' title='bbox 267 4117 406 4166; x_wconf 82' lang='lat' dir='ltr'><strong>atrocitate</strong></span> <span class='ocrx_word' id='word_1_341' title='bbox 426 4117 554 4168; x_wconf 85' lang='lat' dir='ltr'><strong>sactorum</strong></span> <span class='ocrx_word' id='word_1_342' title='bbox 574 4132 682 4184; x_wconf 87' lang='lat' dir='ltr'><strong>prorsus</strong></span> <span class='ocrx_word' id='word_1_343' title='bbox 711 4118 832 4169; x_wconf 85' lang='lat' dir='ltr'><strong>emedio</strong></span> <span class='ocrx_word' id='word_1_344' title='bbox 859 4117 983 4179; x_wconf 87' lang='lat' dir='ltr'><strong>sustulit,</strong></span> <span class='ocrx_word' id='word_1_345' title='bbox 1014 4131 1073 4166; x_wconf 86' lang='lat' dir='ltr'><strong>curn</strong></span> <span class='ocrx_word' id='word_1_346' title='bbox 1099 4115 1193 4166; x_wconf 85' lang='lat' dir='ltr'><strong>ducem</strong></span> 
     </span>
     <span class='ocr_line' id='line_1_41' title="bbox 89 4183 1193 4256; baseline 0.002 -23"><span class='ocrx_word' id='word_1_347' title='bbox 89 4183 181 4233; x_wconf 83' lang='lat' dir='ltr'><strong>horum</strong></span> <span class='ocrx_word' id='word_1_348' title='bbox 201 4183 327 4236; x_wconf 85' lang='lat' dir='ltr'><strong>loannem</strong></span> <span class='ocrx_word' id='word_1_349' title='bbox 353 4188 510 4240; x_wconf 86' lang='lat' dir='ltr'><strong>monachum</strong></span> <span class='ocrx_word' id='word_1_350' title='bbox 536 4196 562 4239; x_wconf 91' lang='lat' dir='ltr'><strong><em>et</em></strong></span> <span class='ocrx_word' id='word_1_351' title='bbox 586 4188 710 4241; x_wconf 84' lang='lat' dir='ltr'><strong>orborum</strong></span> <span class='ocrx_word' id='word_1_352' title='bbox 732 4189 902 4256; x_wconf 83' lang='lat' dir='ltr'><strong>praesidem,</strong></span> <span class='ocrx_word' id='word_1_353' title='bbox 921 4189 966 4256; x_wconf 82' lang='lat' dir='ltr'><strong>qui</strong></span> <span class='ocrx_word' id='word_1_354' title='bbox 992 4201 1080 4238; x_wconf 81' lang='lat' dir='ltr'><strong>rerum</strong></span> <span class='ocrx_word' id='word_1_355' title='bbox 1098 4192 1128 4236; x_wconf 91' lang='lat' dir='ltr'><strong><em>ut</em></strong></span> <span class='ocrx_word' id='word_1_356' title='bbox 1145 4201 1193 4235; x_wconf 85' lang='lat' dir='ltr'><strong><em>rex</em></strong></span> 
     </span>
     <span class='ocr_line' id='line_1_42' title="bbox 90 4253 1208 4324; baseline 0 -21"><span class='ocrx_word' id='word_1_357' title='bbox 90 4253 226 4306; x_wconf 85' lang='lat' dir='ltr'><strong>obtinebat</strong></span> <span class='ocrx_word' id='word_1_358' title='bbox 244 4256 512 4324; x_wconf 86' lang='lat' dir='ltr'><strong>administrationem,</strong></span> <span class='ocrx_word' id='word_1_359' title='bbox 539 4261 566 4312; x_wconf 89' lang='lat' dir='ltr'><strong>iu</strong></span> <span class='ocrx_word' id='word_1_360' title='bbox 587 4267 724 4312; x_wconf 83' lang='lat' dir='ltr'><strong>aeteruum</strong></span> <span class='ocrx_word' id='word_1_361' title='bbox 749 4261 862 4310; x_wconf 74' lang='lat' dir='ltr'><strong>eiiceret</strong></span> <span class='ocrx_word' id='word_1_362' title='bbox 881 4257 999 4321; x_wconf 77' lang='lat' dir='ltr'><strong>axilium,</strong></span> <span class='ocrx_word' id='word_1_363' title='bbox 1020 4264 1125 4309; x_wconf 77' lang='lat' dir='ltr'><strong>ceteros</strong></span> <span class='ocrx_word' id='word_1_364' title='bbox 1147 4257 1208 4306; x_wconf 53' lang='lat' dir='ltr'><strong><em>vi«</em></strong></span> 
     </span>
    </p>
   </div>
   <div class='ocr_carea' id='block_1_5' title="bbox 0 0 1447 4734">
    <p class='ocr_par' dir='ltr' id='par_1_5' title="bbox 0 0 1447 4734">
     <span class='ocr_line' id='line_1_43' title="bbox 0 0 1447 4734; baseline 0 0"><span class='ocrx_word' id='word_1_365' title='bbox 0 0 1447 4734; x_wconf 95' lang='lat' dir='ltr'><strong><em> </em></strong></span> 
     </span>
    </p>
   </div>
  </div>
 </body>
</html>
