2875 4734
117 266 126 274 κ
207 173 255 245 oo
512 171 730 242 utcutuus
760 168 1019 278 ornamenta
1064 132 1070 144 ’

205 338 361 420 τισάμενος.
386 338 440 403 καί
462 337 477 400 ὅ
500 341 559 416 μὲν
574 335 726 419 βασιλευς
738 335 888 422 μετανοίρι
903 331 1032 418 βληθείς
1047 331 1102 394 καί
1122 329 1179 414 τήν
1193 325 1310 413 α’ρετήν

207 435 397 521 εδλαβηθείς
417 435 472 502 τοῦ
496 435 621 521 α’νδράς,
644 433 798 517 μήέχων
818 426 865 508 οἷς
887 434 1017 514 τρόποις
1047 429 1102 515 τήν
1135 429 1309 513 ἁμαρτάδα

122 617 125 620 ἡ
206 538 477 620 ἐαανορθαίσαιτο,
508 540 641 616 ἐντίμως
671 533 726 598 τὸν
755 532 862 632 νεκράν
886 533 988 597 αὐτοῦ
1011 534 1203 619 εἰσαχθῆναι
1226 527 1306 612 πρὸς

206 635 264 721 τήν
285 640 520 756 βασιλεύουσαν
556 635 733 716 διετάξατο.
766 661 818 699 και
814 635 1054 718 παραδίδοται
1091 635 1132 719 τῆ
1159 633 1245 717 σορῷ
1276 633 1310 694 ἐν

197 727 290 868 ’ᾧπερ
327 740 443 814 ἐκεῖνος
467 735 556 832 τάπερ
578 761 630 801 και
656 739 717 815 ζων
747 738 953 817 μετετάξατο,
979 729 1057 797 κατά
1081 731 1115 795 τά
1141 731 1335 815 α’νεγερθίνὸ

206 841 282 924 παρ’
310 839 412 903 αιίτοῦ
444 837 707 924 φροντιστήριον,
734 839 860 916 θαῦμα
877 837 1023 916 μέγιστον
1056 856 1110 896 και
1132 833 1189 896 τοῦ
1211 829 1309 906 άξίως

203 943 263 1062 τῆς
292 933 517 1064 ἀρχιερατικῆς
543 941 751 1023 τελειωθῆναι
787 945 918 1020 σημεῖον
946 936 1178 1018 αἰιεριγραιιτον
1205 935 1310 1011 δείξας

170 1047 174 1050 ’
206 1042 263 1126 τήν
285 1045 318 1106 ἐν
339 1045 428 1124 χειρί
457 1043 516 1104 τοῦ
543 1041 718 1122 σταυρικσῦ
745 1043 918 1124 σημείωσιν
947 1032 1121 1151 σχήματος.
1171 1057 1224 1098 και
1248 1056 1310 1114 με-

205 1141 377 1226 μένηκευι
358 1169 376 1227 η
400 1143 490 1224 τιμιά
510 1143 552 1229 τῷ
574 1133 639 1205 ὄντι
660 1163 731 1230 χειρ
753 1140 865 1203 τοῦτον
888 1137 943 1200 τόν
970 1133 1068 1200 τάττον
1091 1135 1229 1254 τηροῦσα
1252 1140 1309 1217 τῆς

207 1242 261 1308 διά
284 1246 342 1307 τοῦ
364 1247 510 1327 σταυροῦ
533 1240 658 1358 εἰρήνης
678 1264 730 1303 και
727 1237 897 1321 εὐλογίας
921 1229 999 1320 άχρι
1021 1261 1074 1300 και
1097 1234 1241 1321 τήμερον,
1260 1234 1306 1319 μή
1319 1252 1354 1303 10

208 1344 421 1410 α’λλοιωθείσα
441 1341 582 1417 συνόλως
602 1344 641 1428 τῆ
665 1336 817 1424 νεκράσει
838 1338 893 1401 τοῦ
915 1334 1073 1418 σώματος.
1434 1342 1435 1345 ’

223 1466 225 1471 ·
307 1444 550 1528 Προεχειρίσθη
586 1444 621 1505 δὲ
653 1439 853 1523 πατριάρχης
888 1437 1131 1510 Κωνσταντῖνος
1156 1435 1310 1520 πρόεδρος

207 1545 264 1610 καί
281 1541 571 1628 πρωτοβεστιάριος
594 1541 611 1604 δ
634 1535 827 1622 Λειχοάδης,
849 1535 930 1656 α’νήρ
952 1540 1098 1620 μέγιστον
1119 1536 1309 1618 διαλάμψας

155 1691 161 1702 -
208 1653 274 1720 τοῖς
300 1648 478 1724 βασιλικοις
506 1643 561 1706 καί
594 1647 766 1712 πολιτικοῖς
801 1637 986 1761 πράγμασιν
1018 1639 1079 1702 αἰιὸ
1089 1661 1134 1707 τε
1163 1640 1220 1720 τῆς
1253 1638 1310 1702 τοτ’

208 1743 409 1825 Μονομάχου
435 1742 489 1806 καί
507 1743 605 1861 μέχρι
627 1744 683 1859 τῆς
703 1739 818 1805 τούτου
849 1739 1065 1822 α’ναρρήσεως,
1087 1763 1140 1801 και
1135 1736 1308 1818 μεσάζων
1321 1751 1355 1802 15

208 1871 242 1910 εν
264 1852 330 1920 τοῖς
351 1843 524 1928 βασιλείοις
541 1840 598 1926 τήν
618 1844 680 1907 τῶν
699 1835 782 1905 ὅλων
795 1840 959 1923 διοίκησιν.
1003 1865 1056 1904 και
1052 1841 1180 1923 γέγονε
1195 1824 1307 1923 δωρη-

205 1944 341 2030 ματικὸς
370 1947 521 2010 τοσοῦτον
548 1945 605 2008 καί
630 1940 831 2026 ιιρονοητικὸς
857 1945 919 2007 τάν
947 1965 983 2005 τε
1015 1939 1226 2027 ιεροκηράκων
1254 1946 1310 2006 καί

207 2053 272 2113 τάν
293 2045 453 2129 μιγάδων,
487 2044 529 2122 αἱς
550 2043 605 2109 καί
632 2045 753 2118 πάντας
783 2044 840 2125 τῆς
862 2039 976 2106 τούτου
1007 2043 1168 2127 άφθονίας
1189 2039 1310 2124 σχεδὸν

208 2146 408 2214 ἀπόνασθαι·
452 2151 506 2212 καί
527 2145 710 2228 θαυμάζειν
732 2148 847 2210 τέλεον.

312 2250 383 2316 Τῶν
415 2251 450 2314 δὲ
482 2247 563 2332 πρὸς
588 2242 675 2332 ήλιον
708 2247 843 2310 δύνοντα
869 2247 1087 2331 Σαυροματῶν
1115 2246 1377 2327 reportaret-20.
1434 2232 1435 2235 ¹

210 2377 288 2439 νων,
309 2351 370 2417 σάν
400 2349 510 2425 αδτοῖς
540 2351 575 2412 δὲ
596 2351 651 2414 καί
670 2352 732 2412 τῶν
759 2347 834 2429 περί
854 2347 909 2416 τδν
930 2340 1053 2429 Ἴστρον
1075 2347 1230 2426 Σκυθῶν,
1255 2339 1311 2420 otc

71 2454 432 2532 ῐ.18οτ.Πατζινάκους
465 2448 499 2516 τά
525 2452 646 2535 πλῆθος
667 2446 912 2532 κικλήσκουσιν,
939 2447 1018 2532 ἔγνω
1041 2446 1151 2513 λοιντδν
1180 2445 1311 2529 cipiunt.

209 2553 283 2630 λεύς
302 2551 362 2626 τάς
380 2549 561 2633 Ῥωμαϊκὰς
582 2546 733 2630 δυνάμεις
754 2551 930 2633 ἐπενεγκεῖν
949 2557 1017 2615 κατ’
1038 2549 1153 2614 αὐτῶν.
1196 2545 1251 2611 καί
1268 2547 1307 2613 τά

208 2655 289 2742 πρὸς
313 2651 369 2718 τὸν
388 2648 527 2733 πόλεμον
551 2647 745 2736 ἐξαρτύσας,
767 2650 823 2714 καί
848 2650 903 2715 ’τάν
925 2647 1153 2737 στρατιωτικὸν
1171 2646 1311 2714 κατάλο-

208 2926 322 2976 nitentia
340 2924 408 2977 ictus
428 2932 456 2976 et
473 2924 599 2977 virtutem
618 2940 716 2978 verens
736 2925 797 2987 viri,
817 2925 957 2988 nesciens,
968 2922 1098 2992 quomodo
1109 2921 1234 2986 delictum
1245 2937 1309 2973 eor.

208 2998 319 3064 rigeret,
339 2995 487 3047 honorifice
507 2998 621 3049 cadaver
640 2997 697 3047 eius
719 2996 813 3047 inferri
830 2996 924 3063 regiae
941 2996 1029 3058 iussit,
1050 3002 1076 3046 et
1093 2994 1309 3060 traditursepui.

209 3083 265 3132 cro,
291 3069 319 3119 iu
338 3083 390 3136 quo
409 3066 471 3119 loco
489 3066 538 3119 ilie
559 3069 636 3120 etiam
656 3068 752 3120 vivens
772 3067 970 3134 imperaverat,
998 3069 1025 3117 in
1043 3066 1204 3118 monasterio
1222 3065 1255 3116 ab
1276 3080 1309 3116 eo

210 3147 315 3191 erecto:
339 3139 494 3191 miraculum
522 3141 662 3192 maximum
688 3146 714 3189 et
732 3140 813 3207 digne
833 3141 977 3222 perductae
994 3137 1130 3204 dignitatis
1148 3136 1310 3202 pontificalis

210 3211 315 3278 siguum
334 3211 523 3276 sempiternum
549 3211 739 3288 ostendeusein
758 3226 838 3262 manu
857 3211 991 3262 cruciatae
1012 3209 1112 3260 formae
1131 3209 1309 3292 siguidcatio.

109 3324 115 3334 ,
210 3297 280 3362 nem,
301 3288 328 3331 et
346 3281 442 3331 mansit
460 3280 589 3333 honorata
607 3273 703 3334 rever‘a
722 3297 815 3334 uranus
834 3282 902 3334 hunc
920 3290 1011 3349 typum
1031 3294 1142 3331 servans
1161 3281 1234 3346 pacis
1245 3294 1309 3331 eru-

211 3353 250 3403 cis
278 3358 305 3401 et
322 3350 518 3402 benedictionis
539 3353 618 3404 etiam
636 3353 739 3417 adhuc,
758 3369 813 3404 uon
831 3361 929 3404 mutata
947 3352 1054 3402 omnino
1072 3359 1159 3400 morte
1178 3351 1308 3416 corporis.

318 3438 429 3495 Creator
447 3445 534 3490 autem
554 3441 703 3507 patriarcha
723 3442 912 3494 Constantinus
931 3454 1039 3505 praeses
1051 3447 1077 3489 et
1086 3440 1311 3505 protovestiarius

208 3511 350 3575 lichudes,
377 3513 419 3564 vir
444 3511 557 3562 maxime
576 3511 688 3564 illustris
706 3514 790 3579 regiis
810 3521 837 3563 et
857 3511 982 3563 civilibus
1001 3510 1080 3561 rebus
1099 3511 1161 3563 inde
1180 3526 1196 3561 a
1212 3512 1308 3563 diona.

208 3583 296 3634 machi
315 3599 399 3651 usque
419 3583 451 3634 ad
470 3583 548 3633 huius
568 3582 776 3634 declarationem
796 3591 823 3633 ct
842 3583 893 3632 hoc
912 3591 1014 3648 tempus
1033 3583 1168 3649 particeps
1187 3582 1215 3633 in
1233 3583 1310 3647 regia

209 3655 444 3707 administrationis
463 3655 553 3706 totius.
593 3663 619 3705 et
637 3654 687 3704 fuit
706 3655 738 3704 ad
757 3654 905 3705 donandum
924 3662 978 3704 tum
988 3668 1088 3720 pronus
1105 3662 1132 3704 et
1141 3654 1308 3720 prospiciens

210 3730 345 3776 sacrorum
364 3727 483 3778 diaconis
495 3727 628 3788 amixtio,
640 3734 668 3776 ut
688 3726 766 3776 etiam
785 3739 876 3776 omues
895 3726 953 3776 eius
972 3724 1135 3776 iiberalitate
1154 3725 1212 3776 iere
1231 3726 1307 3775 irue-

209 3803 302 3848 rentur
320 3804 347 3847 et
364 3811 473 3863 prorsus
494 3811 550 3847 eam
570 3798 769 3848 admirarentur.

215 3915 219 3920 ,
310 3865 374 3918 Cum
393 3876 480 3918 autem
502 3869 546 3932 qui
566 3885 660 3921 versus
680 3869 846 3919 occidentem
867 3866 985 3918 habitant
1004 3868 1176 3921 Sauromatae
1196 3875 1308 3918 contur-

209 3935 351 4001 barentur,
380 3953 494 4004 eumque
518 3940 552 3990 iis
579 3942 656 3990 etiam
681 3939 798 4005 Scythae
825 3940 896 3990 circa
922 3938 1017 3990 istrum
1046 3939 1196 3991 habitantes
1225 3943 1308 4007 (quos

208 4008 368 4062 Pataiuaeos
386 4009 527 4060 multitudo
538 4015 642 4078 vocat),
654 4013 747 4062 statuit
765 4014 815 4062 iam
834 4027 883 4062 rex
894 4009 1007 4063 Graecas
1027 4014 1101 4064 vires
1120 4010 1218 4063 ducere
1239 4024 1308 4060 cou.

208 4090 249 4135 tra
274 4097 330 4147 eos,
358 4088 385 4133 et
408 4088 547 4149 postquam
571 4096 639 4149 quae
665 4083 697 4136 ad
721 4082 822 4134 bellum
841 4089 902 4134 suut
920 4077 1263 4150 necessaria'praeparavit
1281 4088 1309 4131 et
