<?xml version="1.0" encoding="UTF-8"?>
<!DOCTYPE html PUBLIC "-//W3C//DTD XHTML 1.0 Transitional//EN"
    "http://www.w3.org/TR/xhtml1/DTD/xhtml1-transitional.dtd">
<html xmlns="http://www.w3.org/1999/xhtml" xml:lang="en" lang="en">
 <head>
  <title>
</title>
<meta http-equiv="Content-Type" content="text/html;charset=utf-8" />
  <meta name='ocr-system' content='tesseract 3.04.00' />
  <meta name='ocr-capabilities' content='ocr_page ocr_carea ocr_par ocr_line ocrx_word'/>
</head>
<body>
  <div class='ocr_page' id='page_1' title='image "./corpusscriptoru05theogoog/corpusscriptoru05theogoog_0304.png"; bbox 0 0 2875 4734; ppageno 0'>
   <div class='ocr_carea' id='block_1_1' title="bbox 215 162 1049 318">
    <p class='ocr_par' dir='ltr' id='par_1_1' title="bbox 215 162 1049 318">
     <span class='ocr_line' id='line_1_1' title="bbox 215 162 1049 318; baseline -0.01 -17"><span class='ocrx_word' id='word_1_1' title='bbox 215 216 306 302; x_wconf 67' lang='lat' dir='ltr'><strong><em>&#39;ess</em></strong></span> <span class='ocrx_word' id='word_1_2' title='bbox 380 162 392 185; x_wconf 71' lang='grc'><strong>’</strong></span> <span class='ocrx_word' id='word_1_3' title='bbox 540 225 760 318; x_wconf 72' lang='lat' dir='ltr'>armanus</span> <span class='ocrx_word' id='word_1_4' title='bbox 788 220 1049 296; x_wconf 71' lang='lat' dir='ltr'>mmmmm</span> 
     </span>
    </p>
   </div>
   <div class='ocr_carea' id='block_1_2' title="bbox 167 382 1375 2791">
    <p class='ocr_par' dir='ltr' id='par_1_2' title="bbox 167 382 1359 1189">
     <span class='ocr_line' id='line_1_2' title="bbox 233 382 1334 485; baseline -0.014 -17"><span class='ocrx_word' id='word_1_5' title='bbox 233 402 334 467; x_wconf 86' lang='grc' dir='ltr'><strong><em>αύιού</em></strong></span> <span class='ocrx_word' id='word_1_6' title='bbox 367 397 509 485; x_wconf 84' lang='grc' dir='ltr'><strong><em>πράξεσι.</em></strong></span> <span class='ocrx_word' id='word_1_7' title='bbox 558 398 614 465; x_wconf 73' lang='grc' dir='ltr'><strong><em>κατ’</em></strong></span> <span class='ocrx_word' id='word_1_8' title='bbox 632 382 758 482; x_wconf 83' lang='grc' dir='ltr'><strong><em>μάρτυς</em></strong></span> <span class='ocrx_word' id='word_1_9' title='bbox 788 396 887 472; x_wconf 80' lang='grc' dir='ltr'><strong><em>αύτές</em></strong></span> <span class='ocrx_word' id='word_1_10' title='bbox 917 393 934 460; x_wconf 85' lang='grc' dir='ltr'><strong><em>ά</em></strong></span> <span class='ocrx_word' id='word_1_11' title='bbox 957 390 1149 480; x_wconf 86' lang='grc' dir='ltr'><strong><em>συγγράφων</em></strong></span> <span class='ocrx_word' id='word_1_12' title='bbox 1177 388 1262 479; x_wconf 82' lang='grc' dir='ltr'><strong><em>έγά,</em></strong></span> <span class='ocrx_word' id='word_1_13' title='bbox 1283 382 1334 455; x_wconf 82' lang='grc' dir='ltr'><strong><em>ὅτι</em></strong></span> 
     </span>
     <span class='ocr_line' id='line_1_3' title="bbox 231 492 1334 585; baseline -0.01 -18"><span class='ocrx_word' id='word_1_14' title='bbox 231 501 379 585; x_wconf 71' lang='grc' dir='ltr'><strong><em>δικαστής</em></strong></span> <span class='ocrx_word' id='word_1_15' title='bbox 408 500 461 565; x_wconf 87' lang='grc' dir='ltr'><strong><em>διά</em></strong></span> <span class='ocrx_word' id='word_1_16' title='bbox 492 499 618 583; x_wconf 87' lang='grc' dir='ltr'><strong><em>χρύνων</em></strong></span> <span class='ocrx_word' id='word_1_17' title='bbox 640 504 763 565; x_wconf 79' lang='grc' dir='ltr'><strong><em>πολλάν</em></strong></span> <span class='ocrx_word' id='word_1_18' title='bbox 784 497 966 582; x_wconf 85' lang='grc' dir='ltr'><strong><em>γενόμενος,</em></strong></span> <span class='ocrx_word' id='word_1_19' title='bbox 998 499 1054 561; x_wconf 82' lang='grc' dir='ltr'><strong><em>καί</em></strong></span> <span class='ocrx_word' id='word_1_20' title='bbox 1072 496 1151 559; x_wconf 83' lang='grc' dir='ltr'><strong><em>πάσι</em></strong></span> <span class='ocrx_word' id='word_1_21' title='bbox 1173 492 1334 576; x_wconf 79' lang='grc' dir='ltr'><strong><em>στρατιιά-</em></strong></span> 
     </span>
     <span class='ocr_line' id='line_1_4' title="bbox 229 593 1334 685; baseline -0.009 -19"><span class='ocrx_word' id='word_1_22' title='bbox 229 628 300 677; x_wconf 83' lang='grc' dir='ltr'><strong><em>τοις</em></strong></span> <span class='ocrx_word' id='word_1_23' title='bbox 325 604 380 666; x_wconf 83' lang='grc' dir='ltr'><strong><em>καί</em></strong></span> <span class='ocrx_word' id='word_1_24' title='bbox 409 606 551 677; x_wconf 78' lang='grc' dir='ltr'><strong><em>πολίταις</em></strong></span> <span class='ocrx_word' id='word_1_25' title='bbox 581 604 636 667; x_wconf 75' lang='grc' dir='ltr'><strong><em>κατ’</em></strong></span> <span class='ocrx_word' id='word_1_26' title='bbox 666 593 822 685; x_wconf 50' lang='grc' dir='ltr'><strong><em>άρχουοιι</em></strong></span> <span class='ocrx_word' id='word_1_27' title='bbox 839 598 918 665; x_wconf 85' lang='grc' dir='ltr'><strong><em>κατά</em></strong></span> <span class='ocrx_word' id='word_1_28' title='bbox 950 622 984 663; x_wconf 89' lang='grc' dir='ltr'><strong><em>τε</em></strong></span> <span class='ocrx_word' id='word_1_29' title='bbox 1017 595 1074 679; x_wconf 79' lang='grc' dir='ltr'><strong><em>τὴν</em></strong></span> <span class='ocrx_word' id='word_1_30' title='bbox 1095 593 1334 677; x_wconf 77' lang='grc' dir='ltr'><strong><em>βασιλεύουσαν</em></strong></span> 
     </span>
     <span class='ocr_line' id='line_1_5' title="bbox 230 691 1334 785; baseline -0.007 -20"><span class='ocrx_word' id='word_1_31' title='bbox 230 700 308 766; x_wconf 86' lang='grc' dir='ltr'><strong><em>κατά</em></strong></span> <span class='ocrx_word' id='word_1_32' title='bbox 330 724 362 765; x_wconf 93' lang='grc' dir='ltr'><strong><em>τε</em></strong></span> <span class='ocrx_word' id='word_1_33' title='bbox 382 698 440 776; x_wconf 90' lang='grc' dir='ltr'><strong><em>τάς</em></strong></span> <span class='ocrx_word' id='word_1_34' title='bbox 469 698 637 782; x_wconf 86' lang='grc' dir='ltr'><strong><em>βασιλικάς</em></strong></span> <span class='ocrx_word' id='word_1_35' title='bbox 667 698 869 785; x_wconf 74' lang='grc' dir='ltr'><strong><em>ἐκστρατείας</em></strong></span> <span class='ocrx_word' id='word_1_36' title='bbox 906 695 1038 772; x_wconf 78' lang='grc' dir='ltr'><strong><em>δικάσας</em></strong></span> <span class='ocrx_word' id='word_1_37' title='bbox 1070 699 1146 780; x_wconf 79' lang='grc' dir='ltr'><strong><em>περὶ</em></strong></span> <span class='ocrx_word' id='word_1_38' title='bbox 1167 691 1334 778; x_wconf 85' lang='grc' dir='ltr'><strong><em>διαφέρων</em></strong></span> 
     </span>
     <span class='ocr_line' id='line_1_6' title="bbox 167 783 1359 890; baseline -0.01 -25"><span class='ocrx_word' id='word_1_39' title='bbox 167 874 179 890; x_wconf 77' lang='lat'><em>,</em></span> <span class='ocrx_word' id='word_1_40' title='bbox 229 801 358 885; x_wconf 88' lang='grc' dir='ltr'><strong><em>φάκτων</em></strong></span> <span class='ocrx_word' id='word_1_41' title='bbox 378 804 433 865; x_wconf 82' lang='grc' dir='ltr'><strong><em>καί</em></strong></span> <span class='ocrx_word' id='word_1_42' title='bbox 447 800 642 885; x_wconf 71' lang='grc' dir='ltr'><strong><em>ὑποθέσεων,</em></strong></span> <span class='ocrx_word' id='word_1_43' title='bbox 665 798 775 863; x_wconf 85' lang='grc' dir='ltr'><strong><em>ου’δενέ</em></strong></span> <span class='ocrx_word' id='word_1_44' title='bbox 794 802 986 886; x_wconf 81' lang='grc' dir='ltr'><strong><em>δικαστηρίῳ</em></strong></span> <span class='ocrx_word' id='word_1_45' title='bbox 1000 799 1109 860; x_wconf 79' lang='grc' dir='ltr'><strong><em>τοῦτον</em></strong></span> <span class='ocrx_word' id='word_1_46' title='bbox 1129 783 1224 880; x_wconf 78' lang='grc' dir='ltr'><strong><em>εὗρον</em></strong></span> <span class='ocrx_word' id='word_1_47' title='bbox 1246 791 1359 856; x_wconf 77' lang='grc' dir='ltr'><strong><em>ἄλευ’-5</em></strong></span> 
     </span>
     <span class='ocr_line' id='line_1_7' title="bbox 229 895 1331 986; baseline -0.008 -18"><span class='ocrx_word' id='word_1_48' title='bbox 229 927 344 986; x_wconf 84' lang='grc' dir='ltr'><strong><em>σιμον,</em></strong></span> <span class='ocrx_word' id='word_1_49' title='bbox 378 901 453 985; x_wconf 86' lang='grc' dir='ltr'><strong><em>περί</em></strong></span> <span class='ocrx_word' id='word_1_50' title='bbox 470 905 587 985; x_wconf 78' lang='grc' dir='ltr'><strong><em>μικροῦ</em></strong></span> <span class='ocrx_word' id='word_1_51' title='bbox 614 895 636 984; x_wconf 79' lang='grc' dir='ltr'><em>ἢ</em></span> <span class='ocrx_word' id='word_1_52' title='bbox 656 905 805 984; x_wconf 84' lang='grc' dir='ltr'><strong><em>μεγίστου</em></strong></span> <span class='ocrx_word' id='word_1_53' title='bbox 837 898 1109 983; x_wconf 76' lang='grc' dir='ltr'><strong><em>κατηγορούμενον</em></strong></span> <span class='ocrx_word' id='word_1_54' title='bbox 1137 895 1331 980; x_wconf 84' lang='grc' dir='ltr'><strong><em>πράγματος.</em></strong></span> 
     </span>
     <span class='ocr_line' id='line_1_8' title="bbox 227 994 1332 1088; baseline -0.006 -22"><span class='ocrx_word' id='word_1_55' title='bbox 227 995 329 1086; x_wconf 84' lang='grc' dir='ltr'><strong><em>άπαγε</em></strong></span> <span class='ocrx_word' id='word_1_56' title='bbox 359 1000 512 1087; x_wconf 75' lang='grc' dir='ltr'><strong><em>ἀλήθειαν</em></strong></span> <span class='ocrx_word' id='word_1_57' title='bbox 544 1004 598 1067; x_wconf 69' lang='lat' dir='ltr'><strong><em>dm*</em></strong></span> <span class='ocrx_word' id='word_1_58' title='bbox 623 1001 768 1087; x_wconf 77' lang='grc' dir='ltr'><strong><em>μάρτυρι</em></strong></span> <span class='ocrx_word' id='word_1_59' title='bbox 795 1002 860 1088; x_wconf 75' lang='grc' dir='ltr'><strong><em>θεῷ</em></strong></span> <span class='ocrx_word' id='word_1_60' title='bbox 888 1002 942 1064; x_wconf 80' lang='grc' dir='ltr'><strong><em>καί</em></strong></span> <span class='ocrx_word' id='word_1_61' title='bbox 969 1000 1007 1061; x_wconf 90' lang='grc' dir='ltr'><strong><em>ου’</em></strong></span> <span class='ocrx_word' id='word_1_62' title='bbox 1028 999 1147 1080; x_wconf 83' lang='grc' dir='ltr'><strong><em>ψεύδσς</em></strong></span> <span class='ocrx_word' id='word_1_63' title='bbox 1168 994 1332 1060; x_wconf 77' lang='grc' dir='ltr'><strong><em>κολακικὸν</em></strong></span> 
     </span>
     <span class='ocr_line' id='line_1_9' title="bbox 227 1103 488 1189; baseline 0 -22"><span class='ocrx_word' id='word_1_64' title='bbox 227 1103 488 1189; x_wconf 81' lang='grc' dir='ltr'><strong><em>α’ποφθέγγομαι.</em></strong></span> 
     </span>
    </p>

    <p class='ocr_par' dir='ltr' id='par_1_3' title="bbox 225 1192 1375 2791">
     <span class='ocr_line' id='line_1_10' title="bbox 327 1192 1331 1287; baseline -0.008 -20"><span class='ocrx_word' id='word_1_65' title='bbox 327 1201 420 1287; x_wconf 83' lang='grc' dir='ltr'><strong><em>Πρὸς</em></strong></span> <span class='ocrx_word' id='word_1_66' title='bbox 439 1205 548 1268; x_wconf 79' lang='grc' dir='ltr'><strong><em>τούτου</em></strong></span> <span class='ocrx_word' id='word_1_67' title='bbox 570 1196 629 1268; x_wconf 80' lang='grc' dir='ltr'><strong><em>σύν</em></strong></span> <span class='ocrx_word' id='word_1_68' title='bbox 651 1201 831 1283; x_wconf 85' lang='grc' dir='ltr'><strong><em>άποβλέπον</em></strong></span> <span class='ocrx_word' id='word_1_69' title='bbox 848 1198 881 1266; x_wconf 86' lang='grc' dir='ltr'><strong><em>τύ</em></strong></span> <span class='ocrx_word' id='word_1_70' title='bbox 904 1202 960 1284; x_wconf 80' lang='grc' dir='ltr'><strong><em>τῆς</em></strong></span> <span class='ocrx_word' id='word_1_71' title='bbox 976 1200 1134 1276; x_wconf 81' lang='grc' dir='ltr'><strong><em>πολιτείας</em></strong></span> <span class='ocrx_word' id='word_1_72' title='bbox 1153 1192 1331 1279; x_wconf 88' lang='grc' dir='ltr'><strong><em>συνάθρυι-</em></strong></span> 
     </span>
     <span class='ocr_line' id='line_1_11' title="bbox 228 1298 1375 1391; baseline -0.004 -23"><span class='ocrx_word' id='word_1_73' title='bbox 228 1329 295 1384; x_wconf 92' lang='grc' dir='ltr'><strong><em>σμα</em></strong></span> <span class='ocrx_word' id='word_1_74' title='bbox 315 1299 447 1387; x_wconf 81' lang='grc' dir='ltr'><strong><em>πρᾶγμά</em></strong></span> <span class='ocrx_word' id='word_1_75' title='bbox 468 1328 498 1367; x_wconf 89' lang='grc' dir='ltr'><strong><em>τι</em></strong></span> <span class='ocrx_word' id='word_1_76' title='bbox 521 1305 624 1391; x_wconf 76' lang='grc' dir='ltr'><strong><em>τολμᾷ</em></strong></span> <span class='ocrx_word' id='word_1_77' title='bbox 647 1305 708 1367; x_wconf 75' lang='grc' dir='ltr'><strong><em>τοῖν</em></strong></span> <span class='ocrx_word' id='word_1_78' title='bbox 734 1300 860 1365; x_wconf 80' lang='grc' dir='ltr'><strong><em>πώποτε</em></strong></span> <span class='ocrx_word' id='word_1_79' title='bbox 878 1302 1051 1384; x_wconf 87' lang='grc' dir='ltr'><strong><em>γενομένων</em></strong></span> <span class='ocrx_word' id='word_1_80' title='bbox 1069 1298 1252 1385; x_wconf 72' lang='grc' dir='ltr'><strong><em>ὑπερφέρον</em></strong></span> <span class='ocrx_word' id='word_1_81' title='bbox 1276 1298 1332 1358; x_wconf 81' lang='grc' dir='ltr'><strong><em>κατ’</em></strong></span> <span class='ocrx_word' id='word_1_82' title='bbox 1342 1312 1375 1366; x_wconf 85' lang='lat' dir='ltr'><strong><em>tt</em></strong></span> 
     </span>
     <span class='ocr_line' id='line_1_12' title="bbox 226 1393 1331 1499; baseline -0.009 -31"><span class='ocrx_word' id='word_1_83' title='bbox 226 1406 388 1487; x_wconf 87' lang='grc' dir='ltr'><strong><em>μέγιστον.</em></strong></span> <span class='ocrx_word' id='word_1_84' title='bbox 431 1408 489 1468; x_wconf 84' lang='grc' dir='ltr'><strong><em>τού</em></strong></span> <span class='ocrx_word' id='word_1_85' title='bbox 506 1402 568 1487; x_wconf 89' lang='grc' dir='ltr'><strong><em>γάρ</em></strong></span> <span class='ocrx_word' id='word_1_86' title='bbox 588 1403 811 1482; x_wconf 77' lang='grc' dir='ltr'><strong><em>βασιλεύοντος</em></strong></span> <span class='ocrx_word' id='word_1_87' title='bbox 833 1401 877 1477; x_wconf 80' lang='grc' dir='ltr'><strong><em>εἰς</em></strong></span> <span class='ocrx_word' id='word_1_88' title='bbox 899 1398 938 1464; x_wconf 91' lang='grc' dir='ltr'><strong><em>τά</em></strong></span> <span class='ocrx_word' id='word_1_89' title='bbox 966 1403 999 1465; x_wconf 82' lang='grc' dir='ltr'><strong><em>ἐν</em></strong></span> <span class='ocrx_word' id='word_1_90' title='bbox 1014 1402 1216 1499; x_wconf 70' lang='grc' dir='ltr'><strong><em>Βλαχέργαις</em></strong></span> <span class='ocrx_word' id='word_1_91' title='bbox 1236 1393 1331 1459; x_wconf 73' lang='grc' dir='ltr'><strong><em>α’νάκ.</em></strong></span> 
     </span>
     <span class='ocr_line' id='line_1_13' title="bbox 226 1496 1330 1586; baseline -0.009 -19"><span class='ocrx_word' id='word_1_92' title='bbox 226 1525 306 1586; x_wconf 89' lang='grc' dir='ltr'><strong><em>τορα</em></strong></span> <span class='ocrx_word' id='word_1_93' title='bbox 344 1503 424 1568; x_wconf 88' lang='grc' dir='ltr'><strong><em>κατά</em></strong></span> <span class='ocrx_word' id='word_1_94' title='bbox 456 1503 512 1586; x_wconf 78' lang='grc' dir='ltr'><strong><em>την</em></strong></span> <span class='ocrx_word' id='word_1_95' title='bbox 544 1500 695 1585; x_wconf 75' lang='grc' dir='ltr'><strong><em>κυριακην</em></strong></span> <span class='ocrx_word' id='word_1_96' title='bbox 719 1504 964 1586; x_wconf 73' lang='grc' dir='ltr'><strong><em>προκαθημένου</em></strong></span> <span class='ocrx_word' id='word_1_97' title='bbox 995 1498 1047 1562; x_wconf 74' lang='grc' dir='ltr'><strong><em>κατ’</em></strong></span> <span class='ocrx_word' id='word_1_98' title='bbox 1067 1496 1330 1581; x_wconf 85' lang='grc' dir='ltr'><strong><em>χρηματίζοντος,</em></strong></span> 
     </span>
     <span class='ocr_line' id='line_1_14' title="bbox 230 1597 1329 1687; baseline -0.006 -22"><span class='ocrx_word' id='word_1_99' title='bbox 230 1605 283 1666; x_wconf 81' lang='grc' dir='ltr'><strong><em>κατ’</em></strong></span> <span class='ocrx_word' id='word_1_100' title='bbox 304 1598 406 1685; x_wconf 88' lang='grc' dir='ltr'><strong><em>πάσης</em></strong></span> <span class='ocrx_word' id='word_1_101' title='bbox 432 1606 487 1684; x_wconf 81' lang='grc' dir='ltr'><strong><em>τῆς</em></strong></span> <span class='ocrx_word' id='word_1_102' title='bbox 516 1601 694 1684; x_wconf 79' lang='grc' dir='ltr'><strong><em>συγκλήτου</em></strong></span> <span class='ocrx_word' id='word_1_103' title='bbox 723 1605 959 1684; x_wconf 80' lang='grc' dir='ltr'><strong><em>παρισταμένης</em></strong></span> <span class='ocrx_word' id='word_1_104' title='bbox 980 1599 1084 1687; x_wconf 75' lang='grc' dir='ltr'><strong><em>αύτῷ,</em></strong></span> <span class='ocrx_word' id='word_1_105' title='bbox 1108 1597 1138 1662; x_wconf 80' lang='grc' dir='ltr'><strong><em>ολ</em></strong></span> <span class='ocrx_word' id='word_1_106' title='bbox 1159 1599 1193 1660; x_wconf 85' lang='grc' dir='ltr'><strong><em>έν</em></strong></span> <span class='ocrx_word' id='word_1_107' title='bbox 1213 1598 1255 1683; x_wconf 77' lang='grc' dir='ltr'><strong><em>τῷ</em></strong></span> <span class='ocrx_word' id='word_1_108' title='bbox 1274 1619 1329 1676; x_wconf 84' lang='grc' dir='ltr'><strong><em>με.</em></strong></span> 
     </span>
     <span class='ocr_line' id='line_1_15' title="bbox 226 1693 1329 1787; baseline -0.005 -24"><span class='ocrx_word' id='word_1_109' title='bbox 226 1702 314 1787; x_wconf 83' lang='grc' dir='ltr'><strong><em>γάλφ</em></strong></span> <span class='ocrx_word' id='word_1_110' title='bbox 335 1706 456 1782; x_wconf 75' lang='grc' dir='ltr'><strong><em>τεμένει</em></strong></span> <span class='ocrx_word' id='word_1_111' title='bbox 476 1704 530 1786; x_wconf 78' lang='grc' dir='ltr'><strong><em>τῆς</em></strong></span> <span class='ocrx_word' id='word_1_112' title='bbox 550 1705 606 1765; x_wconf 87' lang='grc' dir='ltr'><strong><em>τού</em></strong></span> <span class='ocrx_word' id='word_1_113' title='bbox 628 1705 706 1767; x_wconf 80' lang='grc' dir='ltr'><strong><em>θεοῦ</em></strong></span> <span class='ocrx_word' id='word_1_114' title='bbox 719 1701 835 1787; x_wconf 87' lang='grc' dir='ltr'><strong><em>σοφίας</em></strong></span> <span class='ocrx_word' id='word_1_115' title='bbox 857 1699 1121 1785; x_wconf 82' lang='grc' dir='ltr'><strong><em>ἐκκλησιάζοντες,</em></strong></span> <span class='ocrx_word' id='word_1_116' title='bbox 1142 1696 1244 1763; x_wconf 89' lang='grc' dir='ltr'><strong><em>πάντα</em></strong></span> <span class='ocrx_word' id='word_1_117' title='bbox 1266 1693 1329 1782; x_wconf 86' lang='grc' dir='ltr'><strong><em>φύ.</em></strong></span> 
     </span>
     <span class='ocr_line' id='line_1_16' title="bbox 226 1795 1373 1885; baseline 0.001 -20"><span class='ocrx_word' id='word_1_118' title='bbox 226 1806 284 1883; x_wconf 90' lang='grc' dir='ltr'><strong><em>βον</em></strong></span> <span class='ocrx_word' id='word_1_119' title='bbox 305 1803 364 1866; x_wconf 86' lang='grc' dir='ltr'><strong><em>τού</em></strong></span> <span class='ocrx_word' id='word_1_120' title='bbox 383 1805 539 1882; x_wconf 88' lang='grc' dir='ltr'><strong><em>βασιλέως</em></strong></span> <span class='ocrx_word' id='word_1_121' title='bbox 566 1801 813 1883; x_wconf 74' lang='grc' dir='ltr'><strong><em>ἀποσεισάμενοι</em></strong></span> <span class='ocrx_word' id='word_1_122' title='bbox 847 1804 900 1865; x_wconf 87' lang='grc' dir='ltr'><strong><em>καί</em></strong></span> <span class='ocrx_word' id='word_1_123' title='bbox 927 1800 1236 1885; x_wconf 79' lang='grc' dir='ltr'><strong><em>δημοκρατουμένους</em></strong></span> <span class='ocrx_word' id='word_1_124' title='bbox 1255 1795 1328 1863; x_wconf 81' lang='grc' dir='ltr'><strong><em>έαυ-</em></strong></span> <span class='ocrx_word' id='word_1_125' title='bbox 1341 1814 1373 1866; x_wconf 83' lang='grc'><strong><em>15</em></strong></span> 
     </span>
     <span class='ocr_line' id='line_1_17' title="bbox 226 1900 1328 1988; baseline -0.005 -22"><span class='ocrx_word' id='word_1_126' title='bbox 226 1900 301 1978; x_wconf 88' lang='grc' dir='ltr'><strong><em>τούς</em></strong></span> <span class='ocrx_word' id='word_1_127' title='bbox 323 1902 481 1985; x_wconf 72' lang='grc' dir='ltr'><strong><em>οἰηθέντες</em></strong></span> <span class='ocrx_word' id='word_1_128' title='bbox 503 1906 621 1988; x_wconf 86' lang='grc' dir='ltr'><strong><em>(πείθει</em></strong></span> <span class='ocrx_word' id='word_1_129' title='bbox 642 1903 703 1987; x_wconf 87' lang='grc' dir='ltr'><strong><em>γάρ</em></strong></span> <span class='ocrx_word' id='word_1_130' title='bbox 727 1900 743 1965; x_wconf 82' lang='grc' dir='ltr'>ὅ</span> <span class='ocrx_word' id='word_1_131' title='bbox 767 1900 863 1988; x_wconf 86' lang='grc' dir='ltr'><strong><em>φόβος</em></strong></span> <span class='ocrx_word' id='word_1_132' title='bbox 884 1904 935 1965; x_wconf 82' lang='grc' dir='ltr'><strong><em>καί</em></strong></span> <span class='ocrx_word' id='word_1_133' title='bbox 954 1902 1017 1965; x_wconf 81' lang='grc' dir='ltr'><strong><em>τάν</em></strong></span> <span class='ocrx_word' id='word_1_134' title='bbox 1038 1900 1214 1987; x_wconf 88' lang='grc' dir='ltr'><strong><em>α’νεφίκτων</em></strong></span> <span class='ocrx_word' id='word_1_135' title='bbox 1233 1923 1328 1963; x_wconf 88' lang='grc' dir='ltr'><strong><em>κατα-</em></strong></span> 
     </span>
     <span class='ocr_line' id='line_1_18' title="bbox 226 1999 1330 2089; baseline -0.002 -24"><span class='ocrx_word' id='word_1_136' title='bbox 226 2004 382 2089; x_wconf 84' lang='grc' dir='ltr'><strong><em>τυλμάν),</em></strong></span> <span class='ocrx_word' id='word_1_137' title='bbox 404 2002 632 2086; x_wconf 74' lang='grc' dir='ltr'><strong><em>ἀναγορεύουσι</em></strong></span> <span class='ocrx_word' id='word_1_138' title='bbox 660 2002 714 2068; x_wconf 86' lang='grc' dir='ltr'><strong><em>τύν</em></strong></span> <span class='ocrx_word' id='word_1_139' title='bbox 736 1999 949 2086; x_wconf 84' lang='grc' dir='ltr'><strong><em>Βοτανειάτην</em></strong></span> <span class='ocrx_word' id='word_1_140' title='bbox 975 2007 1108 2084; x_wconf 82' lang='grc' dir='ltr'><strong><em>βασιλέα</em></strong></span> <span class='ocrx_word' id='word_1_141' title='bbox 1140 2004 1267 2087; x_wconf 78' lang='grc' dir='ltr'><strong><em>λαμπρᾷ</em></strong></span> <span class='ocrx_word' id='word_1_142' title='bbox 1288 2002 1330 2084; x_wconf 80' lang='grc' dir='ltr'><strong><em>τῇ</em></strong></span> 
     </span>
     <span class='ocr_line' id='line_1_19' title="bbox 227 2092 1330 2188; baseline -0.005 -23"><span class='ocrx_word' id='word_1_143' title='bbox 227 2092 320 2188; x_wconf 80' lang='grc' dir='ltr'><strong><em>φωνῇ</em></strong></span> <span class='ocrx_word' id='word_1_144' title='bbox 349 2104 388 2187; x_wconf 79' lang='grc' dir='ltr'><strong><em>τῇ</em></strong></span> <span class='ocrx_word' id='word_1_145' title='bbox 421 2099 572 2186; x_wconf 77' lang='grc' dir='ltr'><strong><em>ἐπαύριον</em></strong></span> <span class='ocrx_word' id='word_1_146' title='bbox 592 2107 649 2185; x_wconf 81' lang='grc' dir='ltr'><strong><em>τῆς</em></strong></span> <span class='ocrx_word' id='word_1_147' title='bbox 677 2104 931 2187; x_wconf 85' lang='grc' dir='ltr'><strong><em>λαμπαδηφύρσυ</em></strong></span> <span class='ocrx_word' id='word_1_148' title='bbox 968 2105 1030 2169; x_wconf 81' lang='grc' dir='ltr'><strong><em>τάν</em></strong></span> <span class='ocrx_word' id='word_1_149' title='bbox 1058 2105 1238 2187; x_wconf 84' lang='grc' dir='ltr'><strong><em>θεοφανίων</em></strong></span> <span class='ocrx_word' id='word_1_150' title='bbox 1257 2092 1330 2178; x_wconf 78' lang='grc' dir='ltr'><strong><em>ἦτοι</em></strong></span> 
     </span>
     <span class='ocr_line' id='line_1_20' title="bbox 233 2197 1332 2292; baseline -0.005 -24"><span class='ocrx_word' id='word_1_151' title='bbox 233 2206 297 2269; x_wconf 78' lang='grc' dir='ltr'><strong><em>τῶν</em></strong></span> <span class='ocrx_word' id='word_1_152' title='bbox 321 2197 435 2288; x_wconf 79' lang='grc' dir='ltr'><strong><em>φύτων</em></strong></span> <span class='ocrx_word' id='word_1_153' title='bbox 458 2198 584 2289; x_wconf 75' lang='grc' dir='ltr'><strong><em>ἑορτῆς,</em></strong></span> <span class='ocrx_word' id='word_1_154' title='bbox 603 2200 649 2267; x_wconf 76' lang='grc' dir='ltr'><strong><em>ἔτι</em></strong></span> <span class='ocrx_word' id='word_1_155' title='bbox 671 2201 788 2285; x_wconf 79' lang='grc' dir='ltr'><strong><em>τούτου</em></strong></span> <span class='ocrx_word' id='word_1_156' title='bbox 817 2206 851 2267; x_wconf 86' lang='grc' dir='ltr'><strong><em>έν</em></strong></span> <span class='ocrx_word' id='word_1_157' title='bbox 871 2206 914 2291; x_wconf 72' lang='grc' dir='ltr'><strong><em>τῷ</em></strong></span> <span class='ocrx_word' id='word_1_158' title='bbox 947 2205 1016 2292; x_wconf 77' lang='grc' dir='ltr'><strong><em>ἷδιλγ</em></strong></span> <span class='ocrx_word' id='word_1_159' title='bbox 1040 2204 1218 2287; x_wconf 82' lang='grc' dir='ltr'><strong><em>καθημένου</em></strong></span> <span class='ocrx_word' id='word_1_160' title='bbox 1239 2199 1332 2263; x_wconf 84' lang='grc' dir='ltr'><strong><em>πολί-</em></strong></span> 
     </span>
     <span class='ocr_line' id='line_1_21' title="bbox 228 2300 1372 2387; baseline -0.004 -18"><span class='ocrx_word' id='word_1_161' title='bbox 228 2327 327 2386; x_wconf 89' lang='grc' dir='ltr'><strong><em>σματι</em></strong></span> <span class='ocrx_word' id='word_1_162' title='bbox 348 2300 428 2367; x_wconf 86' lang='grc' dir='ltr'><strong><em>κατά</em></strong></span> <span class='ocrx_word' id='word_1_163' title='bbox 450 2302 506 2386; x_wconf 76' lang='grc' dir='ltr'><strong><em>τήν</em></strong></span> <span class='ocrx_word' id='word_1_164' title='bbox 533 2305 594 2370; x_wconf 81' lang='grc' dir='ltr'><strong><em>τάν</em></strong></span> <span class='ocrx_word' id='word_1_165' title='bbox 617 2303 807 2374; x_wconf 79' lang='grc' dir='ltr'><strong><em>άνατολικιόν</em></strong></span> <span class='ocrx_word' id='word_1_166' title='bbox 828 2306 1005 2387; x_wconf 87' lang='grc' dir='ltr'><strong><em>έπαρχίων,</em></strong></span> <span class='ocrx_word' id='word_1_167' title='bbox 1034 2306 1088 2366; x_wconf 81' lang='grc' dir='ltr'><strong><em>καί</em></strong></span> <span class='ocrx_word' id='word_1_168' title='bbox 1113 2301 1272 2386; x_wconf 78' lang='grc' dir='ltr'><strong><em>μηδεμιᾶς</em></strong></span> <span class='ocrx_word' id='word_1_169' title='bbox 1294 2302 1372 2368; x_wconf 70' lang='grc' dir='ltr'><strong><em>έκυο</em></strong></span> 
     </span>
     <span class='ocr_line' id='line_1_22' title="bbox 225 2394 1326 2489; baseline -0.006 -19"><span class='ocrx_word' id='word_1_170' title='bbox 225 2403 341 2470; x_wconf 92' lang='grc' dir='ltr'><strong><em>τούτου</em></strong></span> <span class='ocrx_word' id='word_1_171' title='bbox 371 2405 634 2489; x_wconf 86' lang='grc' dir='ltr'><strong><em>προσδοκωμένης</em></strong></span> <span class='ocrx_word' id='word_1_172' title='bbox 662 2406 716 2488; x_wconf 81' lang='grc' dir='ltr'><strong><em>τῆς</em></strong></span> <span class='ocrx_word' id='word_1_173' title='bbox 749 2405 948 2486; x_wconf 74' lang='grc' dir='ltr'><strong><em>ἐκδικήσεως.</em></strong></span> <span class='ocrx_word' id='word_1_174' title='bbox 1003 2406 1125 2489; x_wconf 79' lang='grc' dir='ltr'><strong><em>οἰηθείη</em></strong></span> <span class='ocrx_word' id='word_1_175' title='bbox 1156 2406 1185 2465; x_wconf 86' lang='grc' dir='ltr'><strong><em>δ’</em></strong></span> <span class='ocrx_word' id='word_1_176' title='bbox 1215 2394 1254 2465; x_wconf 81' lang='grc' dir='ltr'><strong><em>άν</em></strong></span> <span class='ocrx_word' id='word_1_177' title='bbox 1278 2421 1326 2474; x_wconf 86' lang='grc' dir='ltr'><strong><em>τις</em></strong></span> 
     </span>
     <span class='ocr_line' id='line_1_23' title="bbox 226 2499 1375 2589; baseline -0.003 -21"><span class='ocrx_word' id='word_1_178' title='bbox 226 2499 274 2569; x_wconf 77' lang='grc' dir='ltr'><strong><em>ὅτι</em></strong></span> <span class='ocrx_word' id='word_1_179' title='bbox 294 2501 546 2589; x_wconf 85' lang='grc' dir='ltr'><strong><em>χρυσσβσύλλισν</em></strong></span> <span class='ocrx_word' id='word_1_180' title='bbox 575 2506 775 2586; x_wconf 80' lang='grc' dir='ltr'><strong><em>άναγνωσθὲν</em></strong></span> <span class='ocrx_word' id='word_1_181' title='bbox 794 2504 908 2570; x_wconf 86' lang='grc' dir='ltr'><strong><em>τούτου</em></strong></span> <span class='ocrx_word' id='word_1_182' title='bbox 937 2504 990 2569; x_wconf 77' lang='grc' dir='ltr'><strong><em>καὶ</em></strong></span> <span class='ocrx_word' id='word_1_183' title='bbox 1011 2502 1051 2568; x_wconf 87' lang='grc' dir='ltr'><strong><em>τά</em></strong></span> <span class='ocrx_word' id='word_1_184' title='bbox 1071 2502 1203 2588; x_wconf 79' lang='grc' dir='ltr'><strong><em>θυμήρη</em></strong></span> <span class='ocrx_word' id='word_1_185' title='bbox 1224 2505 1328 2565; x_wconf 79' lang='grc' dir='ltr'><strong><em>καθει-</em></strong></span> <span class='ocrx_word' id='word_1_186' title='bbox 1369 2551 1375 2557; x_wconf 86' lang='grc'><strong><em>.</em></strong></span> 
     </span>
     <span class='ocr_line' id='line_1_24' title="bbox 227 2602 1329 2691; baseline -0.002 -24"><span class='ocrx_word' id='word_1_187' title='bbox 227 2604 460 2687; x_wconf 88' lang='grc' dir='ltr'><strong><em>πισχνσύμενον</em></strong></span> <span class='ocrx_word' id='word_1_188' title='bbox 484 2606 672 2689; x_wconf 83' lang='grc' dir='ltr'><strong><em>διεθέρμανε</em></strong></span> <span class='ocrx_word' id='word_1_189' title='bbox 696 2603 771 2680; x_wconf 88' lang='grc' dir='ltr'><strong><em>τούς</em></strong></span> <span class='ocrx_word' id='word_1_190' title='bbox 800 2606 926 2682; x_wconf 87' lang='grc' dir='ltr'><strong><em>πολίτας</em></strong></span> <span class='ocrx_word' id='word_1_191' title='bbox 945 2604 1022 2691; x_wconf 86' lang='grc' dir='ltr'><strong><em>πρὸς</em></strong></span> <span class='ocrx_word' id='word_1_192' title='bbox 1045 2604 1102 2689; x_wconf 72' lang='grc' dir='ltr'><strong><em>τὴν</em></strong></span> <span class='ocrx_word' id='word_1_193' title='bbox 1123 2604 1223 2668; x_wconf 77' lang='lat' dir='ltr'>edred</span> <span class='ocrx_word' id='word_1_194' title='bbox 1248 2602 1329 2667; x_wconf 86' lang='grc' dir='ltr'><strong><em>άνα-</em></strong></span> 
     </span>
     <span class='ocr_line' id='line_1_25' title="bbox 227 2700 1326 2791; baseline 0 -24"><span class='ocrx_word' id='word_1_195' title='bbox 227 2703 385 2789; x_wconf 87' lang='grc' dir='ltr'><strong><em>γύρευσιν.</em></strong></span> <span class='ocrx_word' id='word_1_196' title='bbox 429 2704 487 2767; x_wconf 86' lang='grc' dir='ltr'><strong><em>ούκ</em></strong></span> <span class='ocrx_word' id='word_1_197' title='bbox 509 2700 574 2769; x_wconf 84' lang='grc' dir='ltr'><strong><em>έστι</em></strong></span> <span class='ocrx_word' id='word_1_198' title='bbox 595 2707 700 2788; x_wconf 86' lang='grc' dir='ltr'><strong><em>τούτο,</em></strong></span> <span class='ocrx_word' id='word_1_199' title='bbox 725 2705 782 2769; x_wconf 85' lang='grc' dir='ltr'><strong><em>σύκ</em></strong></span> <span class='ocrx_word' id='word_1_200' title='bbox 809 2703 895 2773; x_wconf 86' lang='grc' dir='ltr'><strong><em>έστε·</em></strong></span> <span class='ocrx_word' id='word_1_201' title='bbox 937 2702 1106 2791; x_wconf 75' lang='grc' dir='ltr'><strong><em>προλαβών</em></strong></span> <span class='ocrx_word' id='word_1_202' title='bbox 1125 2704 1185 2789; x_wconf 84' lang='grc' dir='ltr'><strong><em>γὰρ</em></strong></span> <span class='ocrx_word' id='word_1_203' title='bbox 1209 2701 1226 2767; x_wconf 83' lang='grc' dir='ltr'><strong><em>ύ</em></strong></span> <span class='ocrx_word' id='word_1_204' title='bbox 1247 2726 1326 2788; x_wconf 85' lang='grc' dir='ltr'><strong><em>κρα-</em></strong></span> 
     </span>
    </p>
   </div>
   <div class='ocr_carea' id='block_1_3' title="bbox 300 2866 557 2938">
    <p class='ocr_par' dir='ltr' id='par_1_4' title="bbox 300 2866 557 2938">
     <span class='ocr_line' id='line_1_26' title="bbox 300 2866 557 2938; baseline 0.008 -22"><span class='ocrx_word' id='word_1_205' title='bbox 300 2866 342 2918; x_wconf 83' lang='lat'><strong><em>13.</em></strong></span> <span class='ocrx_word' id='word_1_206' title='bbox 363 2866 557 2938; x_wconf 80' lang='grc' dir='ltr'><strong><em>συγκρίτσυῦ.</em></strong></span> 
     </span>
    </p>
   </div>
   <div class='ocr_carea' id='block_1_4' title="bbox 225 3022 1326 3375">
    <p class='ocr_par' dir='ltr' id='par_1_5' title="bbox 225 3022 1326 3375">
     <span class='ocr_line' id='line_1_27' title="bbox 227 3022 1326 3089; baseline -0.001 -15"><span class='ocrx_word' id='word_1_207' title='bbox 227 3038 285 3087; x_wconf 91' lang='lat' dir='ltr'><strong><em>me,</em></strong></span> <span class='ocrx_word' id='word_1_208' title='bbox 310 3037 370 3074; x_wconf 87' lang='lat' dir='ltr'><strong><em>cum</em></strong></span> <span class='ocrx_word' id='word_1_209' title='bbox 396 3022 476 3074; x_wconf 88' lang='lat' dir='ltr'>iudex</span> <span class='ocrx_word' id='word_1_210' title='bbox 495 3038 543 3089; x_wconf 84' lang='lat' dir='ltr'>per</span> <span class='ocrx_word' id='word_1_211' title='bbox 561 3037 645 3075; x_wconf 87' lang='lat' dir='ltr'>anuos</span> <span class='ocrx_word' id='word_1_212' title='bbox 668 3023 765 3076; x_wconf 87' lang='lat' dir='ltr'>multos</span> <span class='ocrx_word' id='word_1_213' title='bbox 786 3038 870 3076; x_wconf 84' lang='lat' dir='ltr'>essem</span> <span class='ocrx_word' id='word_1_214' title='bbox 892 3033 918 3076; x_wconf 92' lang='lat' dir='ltr'><strong><em>et</em></strong></span> <span class='ocrx_word' id='word_1_215' title='bbox 929 3039 1020 3077; x_wconf 84' lang='lat' dir='ltr'>omues</span> <span class='ocrx_word' id='word_1_216' title='bbox 1038 3026 1136 3077; x_wconf 76' lang='lat' dir='ltr'><strong>milites</strong></span> <span class='ocrx_word' id='word_1_217' title='bbox 1157 3032 1184 3079; x_wconf 88' lang='lat' dir='ltr'><strong><em>et</em></strong></span> <span class='ocrx_word' id='word_1_218' title='bbox 1205 3025 1279 3077; x_wconf 85' lang='lat' dir='ltr'>cives</span> <span class='ocrx_word' id='word_1_219' title='bbox 1299 3030 1326 3073; x_wconf 87' lang='lat' dir='ltr'><strong><em>et</em></strong></span> 
     </span>
     <span class='ocr_line' id='line_1_28' title="bbox 225 3094 1324 3162; baseline 0.003 -18"><span class='ocrx_word' id='word_1_220' title='bbox 225 3095 386 3160; x_wconf 75' lang='lat' dir='ltr'><strong>imperantes</strong></span> <span class='ocrx_word' id='word_1_221' title='bbox 404 3094 432 3145; x_wconf 87' lang='lat' dir='ltr'><strong><em>iu</em></strong></span> <span class='ocrx_word' id='word_1_222' title='bbox 451 3094 527 3160; x_wconf 85' lang='lat' dir='ltr'>regia</span> <span class='ocrx_word' id='word_1_223' title='bbox 552 3102 579 3144; x_wconf 88' lang='lat' dir='ltr'><strong><em>et</em></strong></span> <span class='ocrx_word' id='word_1_224' title='bbox 595 3095 679 3162; x_wconf 84' lang='lat' dir='ltr'>regiis</span> <span class='ocrx_word' id='word_1_225' title='bbox 699 3096 1074 3161; x_wconf 77' lang='lat' dir='ltr'>expeditionibusiudicarem</span> <span class='ocrx_word' id='word_1_226' title='bbox 1098 3096 1131 3147; x_wconf 88' lang='lat' dir='ltr'><strong><em>de</em></strong></span> <span class='ocrx_word' id='word_1_227' title='bbox 1148 3095 1261 3149; x_wconf 83' lang='lat' dir='ltr'>diversis</span> <span class='ocrx_word' id='word_1_228' title='bbox 1281 3095 1324 3147; x_wconf 85' lang='lat' dir='ltr'>ia-</span> 
     </span>
     <span class='ocr_line' id='line_1_29' title="bbox 226 3162 1325 3235; baseline 0.002 -20"><span class='ocrx_word' id='word_1_229' title='bbox 226 3166 276 3216; x_wconf 86' lang='lat' dir='ltr'>ctis</span> <span class='ocrx_word' id='word_1_230' title='bbox 290 3174 317 3216; x_wconf 90' lang='lat' dir='ltr'><strong><em>et</em></strong></span> <span class='ocrx_word' id='word_1_231' title='bbox 329 3166 508 3233; x_wconf 73' lang='lat' dir='ltr'>argumentis,</span> <span class='ocrx_word' id='word_1_232' title='bbox 527 3164 598 3216; x_wconf 88' lang='lat' dir='ltr'>hunc</span> <span class='ocrx_word' id='word_1_233' title='bbox 617 3165 693 3217; x_wconf 88' lang='lat' dir='ltr'>nullu</span> <span class='ocrx_word' id='word_1_234' title='bbox 712 3162 811 3217; x_wconf 87' lang='lat' dir='ltr'>iudicio</span> <span class='ocrx_word' id='word_1_235' title='bbox 831 3169 967 3220; x_wconf 87' lang='lat' dir='ltr'>iuvenisse</span> <span class='ocrx_word' id='word_1_236' title='bbox 987 3167 1196 3235; x_wconf 88' lang='lat' dir='ltr'>deprehensum,</span> <span class='ocrx_word' id='word_1_237' title='bbox 1215 3175 1325 3234; x_wconf 87' lang='lat' dir='ltr'>propter</span> 
     </span>
     <span class='ocr_line' id='line_1_30' title="bbox 225 3234 1324 3307; baseline 0.001 -21"><span class='ocrx_word' id='word_1_238' title='bbox 225 3250 334 3301; x_wconf 79' lang='lat' dir='ltr'>parvam</span> <span class='ocrx_word' id='word_1_239' title='bbox 362 3234 407 3286; x_wconf 86' lang='lat' dir='ltr'><strong><em>vel</em></strong></span> <span class='ocrx_word' id='word_1_240' title='bbox 431 3236 570 3285; x_wconf 83' lang='lat' dir='ltr'>maximam</span> <span class='ocrx_word' id='word_1_241' title='bbox 595 3246 746 3288; x_wconf 78' lang='lat' dir='ltr'>accusatum</span> <span class='ocrx_word' id='word_1_242' title='bbox 766 3254 837 3290; x_wconf 86' lang='lat' dir='ltr'>rem:</span> <span class='ocrx_word' id='word_1_243' title='bbox 863 3254 963 3307; x_wconf 80' lang='lat' dir='ltr'>apage:</span> <span class='ocrx_word' id='word_1_244' title='bbox 988 3241 1128 3291; x_wconf 84' lang='lat' dir='ltr'>veritatem</span> <span class='ocrx_word' id='word_1_245' title='bbox 1155 3254 1204 3303; x_wconf 93' lang='lat' dir='ltr'>per</span> <span class='ocrx_word' id='word_1_246' title='bbox 1229 3245 1324 3291; x_wconf 77' lang='lat' dir='ltr'>testem</span> 
     </span>
     <span class='ocr_line' id='line_1_31' title="bbox 225 3306 867 3375; baseline 0.008 -19"><span class='ocrx_word' id='word_1_247' title='bbox 225 3307 304 3357; x_wconf 91' lang='lat' dir='ltr'>deum</span> <span class='ocrx_word' id='word_1_248' title='bbox 321 3320 410 3373; x_wconf 86' lang='lat' dir='ltr'>neque</span> <span class='ocrx_word' id='word_1_249' title='bbox 430 3306 594 3357; x_wconf 86' lang='lat' dir='ltr'>mendacium</span> <span class='ocrx_word' id='word_1_250' title='bbox 616 3306 741 3360; x_wconf 89' lang='lat' dir='ltr'>blandum</span> <span class='ocrx_word' id='word_1_251' title='bbox 760 3308 867 3375; x_wconf 85' lang='lat' dir='ltr'>loquor.</span> 
     </span>
    </p>
   </div>
   <div class='ocr_carea' id='block_1_5' title="bbox 223 3391 1326 4175">
    <p class='ocr_par' dir='ltr' id='par_1_6' title="bbox 223 3391 1326 4175">
     <span class='ocr_line' id='line_1_32' title="bbox 324 3391 1323 3467; baseline -0.001 -22"><span class='ocrx_word' id='word_1_252' title='bbox 324 3393 365 3445; x_wconf 77' lang='lat' dir='ltr'><strong><em>Ad</em></strong></span> <span class='ocrx_word' id='word_1_253' title='bbox 384 3391 454 3443; x_wconf 87' lang='lat' dir='ltr'>hunc</span> <span class='ocrx_word' id='word_1_254' title='bbox 474 3393 556 3460; x_wconf 86' lang='lat' dir='ltr'>igitur</span> <span class='ocrx_word' id='word_1_255' title='bbox 573 3395 723 3460; x_wconf 76' lang='lat' dir='ltr'><strong>respiciens</strong></span> <span class='ocrx_word' id='word_1_256' title='bbox 749 3396 866 3449; x_wconf 80' lang='lat' dir='ltr'>civitatis</span> <span class='ocrx_word' id='word_1_257' title='bbox 888 3397 1026 3450; x_wconf 89' lang='lat' dir='ltr'>multitudo</span> <span class='ocrx_word' id='word_1_258' title='bbox 1050 3415 1106 3450; x_wconf 90' lang='lat' dir='ltr'>rem</span> <span class='ocrx_word' id='word_1_259' title='bbox 1125 3397 1252 3467; x_wconf 85' lang='lat' dir='ltr'>quandam</span> <span class='ocrx_word' id='word_1_260' title='bbox 1274 3413 1323 3448; x_wconf 87' lang='lat' dir='ltr'><strong><em>su.</em></strong></span> 
     </span>
     <span class='ocr_line' id='line_1_33' title="bbox 226 3464 1323 3537; baseline 0.003 -21"><span class='ocrx_word' id='word_1_261' title='bbox 226 3464 307 3530; x_wconf 89' lang='lat' dir='ltr'>seipit</span> <span class='ocrx_word' id='word_1_262' title='bbox 326 3464 407 3516; x_wconf 87' lang='lat' dir='ltr'>rebus</span> <span class='ocrx_word' id='word_1_263' title='bbox 432 3480 547 3531; x_wconf 88' lang='lat' dir='ltr'>uuquam</span> <span class='ocrx_word' id='word_1_264' title='bbox 575 3465 652 3517; x_wconf 82' lang='lat' dir='ltr'>iactis</span> <span class='ocrx_word' id='word_1_265' title='bbox 682 3468 848 3533; x_wconf 86' lang='lat' dir='ltr'>superiorem</span> <span class='ocrx_word' id='word_1_266' title='bbox 874 3478 902 3519; x_wconf 87' lang='lat' dir='ltr'><strong><em>et</em></strong></span> <span class='ocrx_word' id='word_1_267' title='bbox 925 3472 1072 3523; x_wconf 81' lang='lat' dir='ltr'>maximam.</span> <span class='ocrx_word' id='word_1_268' title='bbox 1121 3484 1186 3537; x_wconf 81' lang='lat' dir='ltr'>rege</span> <span class='ocrx_word' id='word_1_269' title='bbox 1206 3467 1277 3518; x_wconf 88' lang='lat' dir='ltr'>enim</span> <span class='ocrx_word' id='word_1_270' title='bbox 1295 3470 1323 3519; x_wconf 88' lang='lat' dir='ltr'><strong><em>in</em></strong></span> 
     </span>
     <span class='ocr_line' id='line_1_34' title="bbox 224 3534 1323 3605; baseline 0.004 -18"><span class='ocrx_word' id='word_1_271' title='bbox 224 3534 433 3587; x_wconf 83' lang='lat' dir='ltr'>Blachernarum</span> <span class='ocrx_word' id='word_1_272' title='bbox 460 3535 560 3601; x_wconf 87' lang='lat' dir='ltr'>templo</span> <span class='ocrx_word' id='word_1_273' title='bbox 588 3536 722 3588; x_wconf 86' lang='lat' dir='ltr'>dominica</span> <span class='ocrx_word' id='word_1_274' title='bbox 748 3540 917 3605; x_wconf 80' lang='lat' dir='ltr'>praesidente</span> <span class='ocrx_word' id='word_1_275' title='bbox 940 3548 967 3590; x_wconf 92' lang='lat' dir='ltr'><strong><em>et</em></strong></span> <span class='ocrx_word' id='word_1_276' title='bbox 984 3551 1110 3594; x_wconf 72' lang='lat' dir='ltr'>versante</span> <span class='ocrx_word' id='word_1_277' title='bbox 1133 3549 1161 3591; x_wconf 92' lang='lat' dir='ltr'><strong><em>et</em></strong></span> <span class='ocrx_word' id='word_1_278' title='bbox 1177 3547 1233 3594; x_wconf 91' lang='lat' dir='ltr'>toto</span> <span class='ocrx_word' id='word_1_279' title='bbox 1255 3554 1323 3591; x_wconf 88' lang='lat' dir='ltr'>con-</span> 
     </span>
     <span class='ocr_line' id='line_1_35' title="bbox 225 3608 1323 3679; baseline 0.003 -22"><span class='ocrx_word' id='word_1_280' title='bbox 225 3614 309 3657; x_wconf 87' lang='lat' dir='ltr'>ventu</span> <span class='ocrx_word' id='word_1_281' title='bbox 330 3608 450 3659; x_wconf 84' lang='lat' dir='ltr'>adstante</span> <span class='ocrx_word' id='word_1_282' title='bbox 470 3613 497 3657; x_wconf 87' lang='lat' dir='ltr'><strong><em>et</em></strong></span> <span class='ocrx_word' id='word_1_283' title='bbox 516 3608 709 3660; x_wconf 85' lang='lat' dir='ltr'>couvenientes</span> <span class='ocrx_word' id='word_1_284' title='bbox 728 3610 756 3659; x_wconf 91' lang='lat' dir='ltr'><strong><em>in</em></strong></span> <span class='ocrx_word' id='word_1_285' title='bbox 781 3626 903 3678; x_wconf 80' lang='lat' dir='ltr'>magnum</span> <span class='ocrx_word' id='word_1_286' title='bbox 928 3612 1017 3663; x_wconf 85' lang='lat' dir='ltr'>fanum</span> <span class='ocrx_word' id='word_1_287' title='bbox 1036 3614 1183 3679; x_wconf 84' lang='lat' dir='ltr'>sapieptiae</span> <span class='ocrx_word' id='word_1_288' title='bbox 1202 3611 1244 3662; x_wconf 90' lang='lat' dir='ltr'><strong><em>dei</em></strong></span> <span class='ocrx_word' id='word_1_289' title='bbox 1263 3627 1323 3662; x_wconf 88' lang='lat' dir='ltr'><strong><em>um-</em></strong></span> 
     </span>
     <span class='ocr_line' id='line_1_36' title="bbox 225 3678 1323 3751; baseline 0.005 -25"><span class='ocrx_word' id='word_1_290' title='bbox 225 3691 285 3727; x_wconf 87' lang='lat' dir='ltr'><strong><em>nem</em></strong></span> <span class='ocrx_word' id='word_1_291' title='bbox 309 3679 430 3727; x_wconf 89' lang='lat' dir='ltr'>timorem</span> <span class='ocrx_word' id='word_1_292' title='bbox 447 3678 521 3745; x_wconf 74' lang='lat' dir='ltr'>regis</span> <span class='ocrx_word' id='word_1_293' title='bbox 543 3678 712 3730; x_wconf 84' lang='lat' dir='ltr'>excutiebant</span> <span class='ocrx_word' id='word_1_294' title='bbox 737 3689 764 3731; x_wconf 85' lang='lat' dir='ltr'><strong><em>et</em></strong></span> <span class='ocrx_word' id='word_1_295' title='bbox 788 3681 910 3747; x_wconf 89' lang='lat' dir='ltr'>populari</span> <span class='ocrx_word' id='word_1_296' title='bbox 935 3684 1047 3749; x_wconf 91' lang='lat' dir='ltr'>imperio</span> <span class='ocrx_word' id='word_1_297' title='bbox 1066 3700 1095 3737; x_wconf 85' lang='lat' dir='ltr'><strong><em>se</em></strong></span> <span class='ocrx_word' id='word_1_298' title='bbox 1109 3684 1252 3751; x_wconf 78' lang='lat' dir='ltr'>gubernari</span> <span class='ocrx_word' id='word_1_299' title='bbox 1270 3696 1323 3749; x_wconf 89' lang='lat' dir='ltr'><strong><em>pu.</em></strong></span> 
     </span>
     <span class='ocr_line' id='line_1_37' title="bbox 225 3748 1323 3821; baseline 0.006 -25"><span class='ocrx_word' id='word_1_300' title='bbox 225 3753 311 3798; x_wconf 79' lang='lat' dir='ltr'>tantas</span> <span class='ocrx_word' id='word_1_301' title='bbox 331 3748 488 3815; x_wconf 86' lang='lat' dir='ltr'>(persuadet</span> <span class='ocrx_word' id='word_1_302' title='bbox 507 3750 575 3799; x_wconf 87' lang='lat' dir='ltr'>enim</span> <span class='ocrx_word' id='word_1_303' title='bbox 592 3750 681 3813; x_wconf 89' lang='lat' dir='ltr'>timor,</span> <span class='ocrx_word' id='word_1_304' title='bbox 701 3758 730 3801; x_wconf 91' lang='lat' dir='ltr'><strong><em>ut</em></strong></span> <span class='ocrx_word' id='word_1_305' title='bbox 749 3754 829 3803; x_wconf 87' lang='lat' dir='ltr'>etiam</span> <span class='ocrx_word' id='word_1_306' title='bbox 850 3769 918 3820; x_wconf 86' lang='lat' dir='ltr'>quae</span> <span class='ocrx_word' id='word_1_307' title='bbox 937 3754 996 3805; x_wconf 85' lang='lat' dir='ltr'>iieri</span> <span class='ocrx_word' id='word_1_308' title='bbox 1014 3769 1068 3806; x_wconf 87' lang='lat' dir='ltr'><strong><em>nou</em></strong></span> <span class='ocrx_word' id='word_1_309' title='bbox 1092 3757 1205 3821; x_wconf 88' lang='lat' dir='ltr'>possint,</span> <span class='ocrx_word' id='word_1_310' title='bbox 1222 3754 1323 3805; x_wconf 86' lang='lat' dir='ltr'>sudea-</span> 
     </span>
     <span class='ocr_line' id='line_1_38' title="bbox 223 3819 1324 3893; baseline 0.006 -26"><span class='ocrx_word' id='word_1_311' title='bbox 223 3822 297 3886; x_wconf 89' lang='lat' dir='ltr'>mus)</span> <span class='ocrx_word' id='word_1_312' title='bbox 322 3820 476 3871; x_wconf 89' lang='lat' dir='ltr'>renuntiant</span> <span class='ocrx_word' id='word_1_313' title='bbox 498 3819 666 3873; x_wconf 86' lang='lat' dir='ltr'>Botaniatem</span> <span class='ocrx_word' id='word_1_314' title='bbox 694 3838 785 3889; x_wconf 85' lang='lat' dir='ltr'>regem</span> <span class='ocrx_word' id='word_1_315' title='bbox 816 3823 888 3874; x_wconf 88' lang='lat' dir='ltr'>clara</span> <span class='ocrx_word' id='word_1_316' title='bbox 919 3840 1007 3890; x_wconf 86' lang='lat' dir='ltr'>voce,</span> <span class='ocrx_word' id='word_1_317' title='bbox 1032 3834 1142 3893; x_wconf 86' lang='lat' dir='ltr'>postera</span> <span class='ocrx_word' id='word_1_318' title='bbox 1163 3828 1207 3877; x_wconf 93' lang='lat' dir='ltr'><strong><em>die</em></strong></span> <span class='ocrx_word' id='word_1_319' title='bbox 1225 3825 1324 3876; x_wconf 78' lang='lat' dir='ltr'>facium</span> 
     </span>
     <span class='ocr_line' id='line_1_39' title="bbox 225 3887 1324 3959; baseline 0.005 -20"><span class='ocrx_word' id='word_1_320' title='bbox 225 3887 457 3955; x_wconf 81' lang='lat' dir='ltr'>Theophaniorum</span> <span class='ocrx_word' id='word_1_321' title='bbox 476 3892 535 3941; x_wconf 83' lang='lat' dir='ltr'>sire</span> <span class='ocrx_word' id='word_1_322' title='bbox 555 3891 684 3943; x_wconf 90' lang='lat' dir='ltr'>luminum</span> <span class='ocrx_word' id='word_1_323' title='bbox 705 3893 777 3959; x_wconf 54' lang='lat' dir='ltr'>feti,</span> <span class='ocrx_word' id='word_1_324' title='bbox 798 3895 932 3947; x_wconf 85' lang='lat' dir='ltr'>etiamtum</span> <span class='ocrx_word' id='word_1_325' title='bbox 956 3896 1008 3947; x_wconf 88' lang='lat' dir='ltr'><strong><em>huc</em></strong></span> <span class='ocrx_word' id='word_1_326' title='bbox 1026 3898 1053 3947; x_wconf 88' lang='lat' dir='ltr'><strong><em>in</em></strong></span> <span class='ocrx_word' id='word_1_327' title='bbox 1074 3914 1121 3949; x_wconf 84' lang='lat' dir='ltr'><strong><em>suo</em></strong></span> <span class='ocrx_word' id='word_1_328' title='bbox 1141 3898 1252 3949; x_wconf 84' lang='lat' dir='ltr'>sedente</span> <span class='ocrx_word' id='word_1_329' title='bbox 1270 3909 1324 3959; x_wconf 90' lang='lat' dir='ltr'><strong><em>op.</em></strong></span> 
     </span>
     <span class='ocr_line' id='line_1_40' title="bbox 224 3960 1326 4033; baseline 0.005 -24"><span class='ocrx_word' id='word_1_330' title='bbox 224 3960 286 4025; x_wconf 90' lang='lat' dir='ltr'>pido</span> <span class='ocrx_word' id='word_1_331' title='bbox 306 3961 333 4010; x_wconf 95' lang='lat' dir='ltr'><strong><em>in</em></strong></span> <span class='ocrx_word' id='word_1_332' title='bbox 353 3960 464 4010; x_wconf 86' lang='lat' dir='ltr'>orientis</span> <span class='ocrx_word' id='word_1_333' title='bbox 484 3963 624 4027; x_wconf 87' lang='lat' dir='ltr'>provincia</span> <span class='ocrx_word' id='word_1_334' title='bbox 642 3963 771 4031; x_wconf 90' lang='lat' dir='ltr'>nullaque</span> <span class='ocrx_word' id='word_1_335' title='bbox 798 3980 830 4016; x_wconf 85' lang='lat' dir='ltr'><strong><em>ex</em></strong></span> <span class='ocrx_word' id='word_1_336' title='bbox 849 3966 901 4017; x_wconf 87' lang='lat' dir='ltr'><strong><em>hoc</em></strong></span> <span class='ocrx_word' id='word_1_337' title='bbox 925 3976 1077 4033; x_wconf 87' lang='lat' dir='ltr'>exspectata</span> <span class='ocrx_word' id='word_1_338' title='bbox 1098 3968 1210 4020; x_wconf 89' lang='lat' dir='ltr'>ultione.</span> <span class='ocrx_word' id='word_1_339' title='bbox 1247 3973 1326 4032; x_wconf 88' lang='lat' dir='ltr'>putet</span> 
     </span>
     <span class='ocr_line' id='line_1_41' title="bbox 224 4028 1325 4108; baseline 0.003 -28"><span class='ocrx_word' id='word_1_340' title='bbox 224 4029 339 4083; x_wconf 72' lang='lat' dir='ltr'>fortuma</span> <span class='ocrx_word' id='word_1_341' title='bbox 357 4028 469 4097; x_wconf 87' lang='lat' dir='ltr'>aliquis,</span> <span class='ocrx_word' id='word_1_342' title='bbox 490 4031 581 4084; x_wconf 85' lang='lat' dir='ltr'>literas</span> <span class='ocrx_word' id='word_1_343' title='bbox 611 4033 689 4086; x_wconf 85' lang='lat' dir='ltr'>huius</span> <span class='ocrx_word' id='word_1_344' title='bbox 712 4037 897 4102; x_wconf 88' lang='lat' dir='ltr'>imperatorias</span> <span class='ocrx_word' id='word_1_345' title='bbox 927 4039 1052 4092; x_wconf 85' lang='lat' dir='ltr'>recitatas</span> <span class='ocrx_word' id='word_1_346' title='bbox 1072 4049 1099 4091; x_wconf 87' lang='lat' dir='ltr'><strong><em>et</em></strong></span> <span class='ocrx_word' id='word_1_347' title='bbox 1117 4049 1193 4108; x_wconf 80' lang='lat' dir='ltr'>grata</span> <span class='ocrx_word' id='word_1_348' title='bbox 1209 4038 1325 4106; x_wconf 87' lang='lat' dir='ltr'>promit.</span> 
     </span>
     <span class='ocr_line' id='line_1_42' title="bbox 223 4100 1324 4175; baseline 0.007 -23"><span class='ocrx_word' id='word_1_349' title='bbox 223 4107 311 4155; x_wconf 88' lang='lat' dir='ltr'>tentes</span> <span class='ocrx_word' id='word_1_350' title='bbox 329 4100 472 4155; x_wconf 79' lang='lat' dir='ltr'>ualidiores</span> <span class='ocrx_word' id='word_1_351' title='bbox 490 4102 638 4156; x_wconf 86' lang='lat' dir='ltr'>reddidisse</span> <span class='ocrx_word' id='word_1_352' title='bbox 657 4107 732 4159; x_wconf 82' lang='lat' dir='ltr'>eires</span> <span class='ocrx_word' id='word_1_353' title='bbox 751 4107 784 4158; x_wconf 89' lang='lat' dir='ltr'>ad</span> <span class='ocrx_word' id='word_1_354' title='bbox 804 4109 860 4162; x_wconf 84' lang='lat' dir='ltr'>eius</span> <span class='ocrx_word' id='word_1_355' title='bbox 881 4110 1114 4163; x_wconf 88' lang='lat' dir='ltr'>renuntiationem.</span> <span class='ocrx_word' id='word_1_356' title='bbox 1135 4127 1189 4164; x_wconf 88' lang='lat' dir='ltr'><strong><em>nen</em></strong></span> <span class='ocrx_word' id='word_1_357' title='bbox 1215 4116 1256 4161; x_wconf 87' lang='lat' dir='ltr'><strong><em>est</em></strong></span> <span class='ocrx_word' id='word_1_358' title='bbox 1275 4109 1324 4175; x_wconf 90' lang='lat' dir='ltr'>ita,</span> 
     </span>
    </p>
   </div>
   <div class='ocr_carea' id='block_1_6' title="bbox 0 0 1442 4734">
    <p class='ocr_par' dir='ltr' id='par_1_7' title="bbox 0 0 1442 4734">
     <span class='ocr_line' id='line_1_43' title="bbox 0 0 1442 4734; baseline 0 3"><span class='ocrx_word' id='word_1_359' title='bbox 0 0 1442 4734; x_wconf 95' lang='lat' dir='ltr'><strong><em> </em></strong></span> 
     </span>
    </p>
   </div>
  </div>
 </body>
</html>
