2875 4734
184 238 256 321 ιοίι
470 243 688 316 arcelaus
721 244 983 315 ιτιιοστιο

180 412 355 498 συνήγαγε·
400 412 536 494 κατέγνω
556 409 617 494 γάρ
639 411 701 476 τιὸν
715 408 884 493 Ῥωμαίων
904 411 1062 491 ἀσέβειαν,
1085 403 1133 473 ἐτι
1157 404 1191 472 ἐν
1213 430 1284 471 τοι-

182 513 264 600 αύτῃ
288 513 410 600 φοβερᾷ
432 512 486 574 καί
509 514 677 600 θανμασίφ
700 507 813 600 ἧμέρρ,
842 507 911 593 ἥτις
932 502 1051 591 ἑορτῶν
1073 509 1158 572 ἐστίν
1179 504 1282 591 ἐορτὴ,

181 611 238 690 τοὶς
259 620 372 696 χεῖρας
393 608 474 675 κατιέ
493 613 731 696 Χριστιανικαῖν
754 608 899 692 αἱμάτων
920 609 1108 690 ἐξωπλισαν,
1131 605 1177 692 μὴ
1197 607 1284 694 ἐφει-

180 717 275 796 μένον
309 706 346 776 ἐν
380 714 413 777 ἐν
441 709 542 800 ταύτῃ
570 721 636 786 τοῖς
665 707 849 795 ἐρθοέόξοις
878 698 962 796 μηδὲ
991 708 1069 774 κατὰ
1094 703 1287 796 α’λλοφιίλων

181 815 338 890 ἐπεξιέναι
367 810 421 876 καί
449 807 506 896 τὴν
538 809 635 896 χάριν
669 811 811 895 ὑβρίζειν
841 814 897 895 τῆς
932 809 1144 885 ἀναστάσεως.
1198 805 1310 889 ἐμωςδ

182 913 293 997 πράως
326 913 450 986 τούτοις
480 911 704 998 προσενεχθείς
734 916 790 978 καί
810 914 1015 993 σομπαθειάς
1047 904 1187 989 ἐξιώσας
1205 911 1285 974 ἐπέ-

104 1031 119 1051 ·
182 1019 270 1078 λοσε.
313 1012 386 1089 τούς
408 1015 444 1078 δὲ
464 1018 664 1098 τραυματίας
687 1017 804 1089 ἐντοῖς
824 1013 946 1095 κώμαις
967 1011 1116 1093 ἐπέθετο,
1136 1010 1195 1096 τῆν
1215 1011 1284 1076 ἐπι.

181 1118 311 1195 με’λειαν
335 1115 438 1180 αὐτῶν
465 1115 638 1197 ἐπιτρέψας
662 1112 932 1199 ιέπαραλόγιστον.

285 1219 394 1280 Ταῦτα
427 1219 486 1280 rosi
513 1219 670 1297 βασιλέως
700 1214 946 1299 μεμαθηκότος,
976 1209 1165 1298 κατήπειξαν
1190 1212 1286 1278 αέτὸν

183 1310 263 1396 πρός
293 1315 352 1399 τήν
381 1311 496 1392 ἔξοδον.
540 1314 706 1398 γενόμενος
728 1307 785 1378 οέν
816 1315 848 1377 ἐν
871 1317 911 1402 τῇ
934 1315 1100 1395 ἐπισκέψει
1122 1313 1186 1377 ταῖν
1209 1316 1330 1384 Με-Ῑο

182 1418 352 1496 λαγγείιον,
386 1413 441 1478 καί
466 1412 544 1480 κατέ
572 1414 687 1497 μικρὸν
718 1415 879 1500 α’θροίζων
908 1411 966 1498 τήν
991 1410 1161 1496 στρατιάν,
1183 1406 1285 1475 ’ὁπότε

183 1513 265 1594 κοίμέ
288 1510 367 1596 πρὸς
396 1511 452 1597 riv
484 1497 808 1599 αὕτὴνλειτοοργιόιν
837 1511 882 1597 μὴ
906 1517 1039 1578 θέλοντα
1061 1514 1167 1576 ἐλθεῖν
1191 1536 1284 1595 κατη-

149 1616 153 1623 ’
184 1611 317 1695 odysseos
345 1617 388 1702 τῷ
418 1618 481 1677 τοῖν
502 1619 677 1701 πατρικίων
711 1611 882 1698 τετιμηκως
907 1612 1084 1695 α’ξιοίματι,
1109 1615 1206 1697 μέχρι
1226 1612 1286 1675 τοῦ

185 1715 367 1798 Δορολαίον
395 1709 453 1796 τὴν
486 1713 590 1801 φοριέν
625 1712 807 1798 ἐποιήσατο.
866 1718 965 1779 ἐκεῖσε
996 1716 1031 1778 δὲ
1063 1722 1146 1796 τρεῖς
1165 1712 1285 1797 ἧμέρας
1338 1765 1344 1774 .

183 1814 543 1902 προοκαρτερήσαντος,
575 1816 724 1902 πρέσβεις
755 1808 830 1898 ἧκον
863 1813 896 1879 ἐκ
918 1819 976 1880 τοῦ
1008 1816 1208 1900 Κρισπῖνον,
1229 1810 1330 1896 τῆν15

184 1911 354 1997 ὁμολογίαν
381 1918 439 1998 τῆς
465 1913 650 1996 δονλοέσεως
677 1921 796 1982 ἐκείνου
817 1921 931 2038 σαφῶς
963 1915 1213 2000 ἐπαγγέλλοντες
1232 1911 1288 1975 καί

182 2015 240 2100 τὴν
262 2015 434 2098 ἀπολογίαν
458 2018 511 2102 τῆς
533 2019 756 2093 αντιστάσεως.
808 2023 865 2082 καί
886 2016 1038 2093 ἁπλως’
1017 2039 1194 2101 αμνηστιαν
1215 2014 1287 2076 ἐπι-

184 2116 320 2234 ζφτήσας
342 2119 404 2181 τιέν
424 2143 498 2202 πριν
517 2121 703 2238 γενομένων,
724 2143 767 2194 ως
781 2118 884 2183 adsoni
908 2118 951 2203 μή
972 2122 1117 2190 θέλοντος
1139 2119 1286 2195 πολεμεῖν

184 2239 214 2280 οι
229 2211 383 2297 Ῥωμαῖοι
410 2216 727 2304 προσαπαντὴσαντες
754 2243 1015 2303 κατηναρκασαν,
1042 2214 1135 2298 ἐτυχε
1157 2216 1214 2297 τῆς
1234 2213 1285 2276 αι’-

183 2315 319 2400 τήσεως,
344 2340 401 2382 τοο
436 2323 593 2401 βασιλέως
626 2345 809 2405 περιχαρως
845 2322 1017 2401 δεξαμένου
1049 2315 1108 2402 τὴν
1135 2313 1329 2398 τοιαύτηνφρ

184 2415 351 2501 ὁμολογίαν
378 2418 432 2485 daci
456 2421 488 2487 τὸ
512 2425 567 2487 τοῦ
598 2419 716 2508 α’νδρὸς
735 2430 877 2505 γενναῖον
903 2423 957 2485 καί
976 2418 1056 2503 πρὸς
1072 2417 1130 2493 τοὶς
1153 2424 1285 2494 πολεμι-

183 2515 241 2594 “vlt
263 2521 392 2606 πράξεις
424 2524 480 2588 καί
501 2523 659 2601 διατάξεις
688 2523 856 2600 ἐπίδοξον·
900 2525 956 2586 καί
974 2518 1035 2605 γὰρ
1056 2522 1112 2584 καί
1137 2514 1285 2602 Τοέρκων

183 2789 238 2834 tarn
264 2782 347 2850 igitur
374 2783 528 2850 praesidens
557 2782 709 2836 Latinorum
736 2784 863 2850 princeps
881 2797 936 2835 non
959 2781 1176 2849 intempestivum
1193 2795 1283 2850 neque

183 2854 302 2920 ineptum
321 2862 481 2906 conventum
497 2855 667 2907 convocarit.
705 2855 840 2908 damnavit
858 2856 928 2908 enirn
948 2854 1107 2907 Graecorum
1120 2853 1283 2918 impietatem

184 2923 256 2992 quod
274 2924 321 2975 tali
340 2925 443 2993 ingenti
462 2933 489 2976 et
509 2924 656 2978 admirabili
678 2927 732 2991 die,
750 2927 822 3010 quod
843 2934 883 2978 est
904 2927 1032 2978 festorum
1059 2925 1166 2987 lectum,
1191 2939 1283 2974 manus

183 3003 276 3047 contra
295 2995 504 3050 Christianorum
523 2999 679 3066 sauguinem
705 2999 891 3064 paravissent,
919 3012 976 3048 cum
1003 3011 1057 3048 οοο
1078 3003 1149 3049 esset
1167 2995 1219 3045 boc
1240 2995 1284 3044 die

182 3068 341 3135 permissum
360 3067 515 3122 orthodoxis
532 3085 567 3120 ne
587 3077 679 3120 eontra
697 3080 817 3136 paganos
836 3070 942 3136 quidem
961 3069 1063 3135 egredi,
1076 3075 1103 3117 et
1114 3065 1283 3117 clementiam

168 3138 293 3206 „eludere
311 3141 516 3192 resurrectionis
536 3141 644 3191 domini.
683 3150 771 3192 tamen
797 3141 943 3192 clementer
967 3154 1014 3190 eos
1042 3145 1157 3190 tractans
1186 3145 1213 3188 et
1230 3137 1283 3187 mi-

88 3235 95 3244 ·
183 3209 330 3261 sericosdia
351 3211 462 3278 dignans
480 3212 596 3275 dimisit,
617 3211 770 3264 vulneratos
788 3219 875 3261 autem
893 3211 920 3261 in
942 3210 1018 3278 pagis
1037 3210 1170 3275 deposuit,
1191 3222 1282 3259 curam

183 3280 232 3402 iis
236 3281 378 3332 advertens
398 3279 576 3333 infallibilem.
605 3282 671 3334 baec
688 3292 828 3350 postquam
839 3283 1006 3344 renaudum,
1024 3281 1209 3332 excitaverunt
1224 3293 1282 3329 eum

160 3367 198 3402 =a
224 3352 285 3402 iter.

282 3439 396 3492 Versans
415 3441 521 3508 igitur
515 3458 541 3492 ιο
563 3443 703 3524 propincia
724 3436 860 3509 (delectu)
880 3440 1080 3507 llelangeorum
1092 3447 1118 3491 et
1133 3438 1210 3490 brevi
1232 3451 1282 3488 eo-

182 3527 249 3580 gens
270 3513 425 3576 exercitum,
446 3528 497 3580 quo
517 3493 637 3580 tempore
657 3513 737 3562 etiam
755 3527 798 3562 me
817 3513 851 3562 ad
868 3510 937 3562 idern
958 3511 1075 3561 officium
1093 3511 1206 3562 invitum
1233 3525 1282 3559 ac-

183 3584 281 3635 cedere
309 3584 421 3651 coegit,
450 3584 622 3650 patriciorum
641 3583 774 3635 honorans
792 3583 937 3650 dignitate:
959 3597 1043 3649 usque
1069 3582 1102 3632 ad
1121 3579 1282 3645 Dorylaeum

181 3655 307 3736 impetam
329 3655 401 3705 lecit.
440 3655 477 3705 ibi
495 3660 583 3706 autem
602 3662 656 3704 tres
676 3654 734 3704 dies
755 3670 786 3704 eo
807 3655 918 3705 durante
934 3651 1017 3721 legati
1034 3659 1193 3703 venerante
1207 3651 1281 3704 Gris-

183 3725 247 3790 pino
267 3726 464 3778 confessionem
482 3726 620 3778 servitutis
640 3724 714 3777 illius
734 3734 826 3792 aperte
845 3724 1015 3774 nuntiantes.
1035 3723 1094 3791 (bic
1123 3721 1203 3776 colon
1231 3737 1282 3787 po-

182 3795 297 3844 nendum
316 3803 343 3845 et
361 3799 501 3862 sequentia
518 3797 550 3849 ad
569 3795 682 3848 alterurn
702 3798 864 3848 enuntiatum
884 3795 1052 3864 trahenda)e
1038 3801 1064 3844 et
1084 3794 1283 3844 excusationem

183 3864 322 3916 seditionis
344 3874 370 3914 et
389 3881 441 3916 uno
460 3867 543 3919 verbo
563 3869 669 3920 veniam
688 3883 820 3935 quaerens
839 3874 917 3918 antea
936 3866 1080 3928 laetorum,
1101 3880 1160 3914 cum
1179 3878 1209 3915 se
1237 3864 1283 3914 in-

184 3936 266 3986 vitum
285 3935 317 3986 ad
336 3935 436 3986 bellum
456 3940 610 4007 coegissent
629 3947 802 3991 occurrentes
827 3938 932 4001 Graeci,
960 3936 1019 4004 (bic
1046 3951 1148 3986 comma
1174 3935 1283 4002 ponen-

182 4005 257 4073 dum]
278 4005 387 4072 adeptus
408 4016 448 4059 est
469 4011 538 4092 qupd
558 4011 681 4076 petierat,
706 4025 773 4078 rege
792 4009 937 4061 laetissime
957 4008 1107 4073 accipiente
1125 4005 1284 4071 talempro-

184 4077 337 4158 lessionem,
359 4087 468 4145 propter
486 4080 537 4131 viri
564 4080 730 4132 nobilitatem
756 4081 867 4150 eiusque
893 4086 985 4129 contra
1014 4077 1130 4130 bostium
1159 4077 1230 4127 lacta
1258 4083 1284 4126 et

185 4138 256 4198 acies
272 4148 393 4216 gloriam.
432 4152 529 4203 etenim
550 4152 628 4203 etiam
647 4152 738 4204 'lurcis
757 4159 835 4202 antea
848 4165 992 4203 occurrens
1003 4150 1171 4202 multitudine
1187 4161 1282 4216 magna
