2875 4734
193 183 240 255 ον
498 183 716 252 ntentans
748 172 1009 247 lmanromn
1039 251 1075 277 „

192 344 269 428 πρὸς
288 343 412 430 μικρόν.
432 339 486 410 εἶτ’
507 346 719 428 οἷνεντγκοόοα
738 348 797 409 τῶν
813 345 984 425 ἐλλογίμων
1003 337 1101 423 α’νδρί
1111 361 1171 402 τινι
1197 333 1296 420 ἱερον-

191 448 275 534 μίνςο
296 469 329 510 τε
350 448 405 510 καί
425 450 580 522 συνέσεως
601 449 729 528 γέμοντι
751 447 807 508 καί
826 444 1033 523 πολυπειρίας
1055 439 1112 502 οὐκ
1128 440 1294 502 ἀποδέοντι

127 621 129 624 ,
194 549 305 628 (Λέων
328 549 523 632 προσηγορία
551 543 596 634 apl
626 545 734 630 α’νδρί)
756 542 814 627 τὴν
844 547 996 630 διοίηησιν
1019 544 1082 617 τῶν
1102 536 1296 624 πραγμάτων

193 648 375 729 ἐπέτριψεν.
419 649 560 722 ἐπιεικῶς
583 638 640 710 οὖν
662 638 753 719 οὗτος
780 649 814 709 ἐν
838 640 956 708 ἅπασιν
980 644 1116 725 ἐνεργῶν
1143 644 1197 704 καί
1216 636 1295 702 κατὰ

186 739 283 830 ,λόγον
306 756 371 823 τοϊς
393 751 654 830 παρεμπίπτουσι
676 742 849 828 χριόμενος,
875 747 929 808 καί
949 742 1004 807 τόν
1025 743 1121 823 νόμον
1141 739 1320 822 notorius-5

175 870 244 924 frog
265 843 425 932 βούλημα,
454 849 560 911 πᾶσαν
589 848 740 925 ειίταξίαν
763 844 818 909 καί
842 844 994 924 ου’νομίαν
1029 847 1179 926 πεποίηκε
1201 848 1294 904 πολι.

193 948 356 1013 πίεσθαι.
413 945 467 1012 καί
488 949 699 1032 α’σταοίαστον
723 937 761 1030 ἦν
790 946 830 1010 ου’
849 946 944 1027 μόνον
965 944 998 1008 τὰ
1019 939 1190 1024 Ῥωμαίοις
1211 942 1296 1026 ὑπή-

193 1072 263 1113 κοον
286 1048 367 1115 α’λλά
391 1052 446 1138 ναί
471 1047 549 1112 αὐτὸ
570 1045 605 1112 τὸ
627 1047 825 1132 ἀλλόφυλον,
858 1049 915 1110 τοῦ
932 1048 1012 1110 θεοῦ
1034 1043 1296 1126 πάντωςγιῖαρε-

194 1153 367 1231 στουμίνου
388 1153 426 1234 τῇ
440 1133 639 1234 Ιἀγαθοεργίην
658 1152 720 1213 τῶν
736 1145 880 1231 πράξεων
901 1152 955 1212 καί
975 1148 1013 1210 τά
1035 1142 1145 1211 σκολιὰ
1169 1146 1215 1218 εἰς
1238 1144 1297 1207 εὕ-

194 1251 325 1315 θεῖον
309 1255 342 1328 εξ
327 1251 555 1330 ξομολίζοντος.
819 1265 823 1286 ¹
1307 1252 1341 1304 10

206 1373 210 1380 ·
299 1353 362 1432 Τῆς
384 1350 419 1412 δὲ
442 1347 592 1467 τοιαύτης
605 1351 793 1434 βασιλίσσης
813 1347 892 1432 πρὸς
915 1372 972 1465 την
986 1349 1109 1412 ἐκεῖθεν
1130 1348 1298 1428 βασιλείαν

194 1446 370 1535 μιλλουσης
398 1473 634 1533 μεταναστηναι
667 1446 881 1533 (ἐμονιὲρχησε
911 1447 973 1532 γοὶρ
1003 1443 1121 1530 Ιχρόνον
1156 1447 1210 1510 ἕνα
1246 1469 1308 1526 aas,

194 1557 298 1636 μῆνας
331 1551 428 1636 ὀκτὼ)
458 1573 530 1632 περι
557 1553 713 1630 βασιλέως
749 1573 875 1635 φροντις
904 1558 1028 1630 κατεῖχε
1061 1571 1134 1624 τους
1168 1544 1202 1610 ἐν
1233 1554 1299 1620 τοῖς

195 1653 370 1734 βασιλείοις
392 1648 431 1713 τὰ
460 1651 568 1734 πρῶτα
601 1653 767 1735 φέροντας.
810 1652 865 1713 καί
884 1650 926 1724 ὥς
956 1647 989 1713 ad
1014 1650 1214 1727 α’ποτὲλεομα
1234 1673 1300 1710 ποι-

198 1752 383 1834 ρεοτὴσατο,
405 1751 483 1832 ου’χτ
504 1749 559 1814 τὸν
580 1734 729 1832 γενναίως
752 1751 959 1832 ανθεξομτνον
972 1773 1028 1833 της
1049 1749 1152 1833 αρχῆς
1180 1750 1300 1829 α’ναγο-
1281 1758 1345 1810 -15

197 1875 312 1974 ρευσαι
327 1852 518 1937 προείλοντο,
545 1851 611 1914 ἀλλ’
634 1847 667 1926 ὃς
682 1844 720 1915 dv
733 1839 896 1932 μαλλον“
874 1875 982 1928 υπτιος
997 1847 1099 1930 ἔσοιτο
1118 1875 1169 1913 και
1192 1848 1301 1922 αυτοῖς

198 1951 419 2075 υποκτίμενος,
441 1977 493 2016 και
517 1953 555 2039 τῇ
576 1951 710 2040 α’φελεία
732 1957 787 2017 κατ’
808 1953 939 2041 α’μελείρι
962 1976 1021 2034 την
1041 1953 1195 2036 διοίκησιν
1214 1951 1300 2030 μᾶλ-

198 2059 252 2117 λον
274 2052 382 2128 αυτοῖς
402 2053 570 2118 α’ναθεῖναι
589 2079 633 2137 μη
656 2053 869 2136 ισγυρίσαιτο.
951 2106 956 2110 .

76 2183 100 2222 a
122 2160 190 2220 1056
301 2150 546 2238 Ἀναγορειίουσι
566 2175 671 2218 τοινυν
689 2155 867 2238 πρεσβύτην
888 2154 960 2219 τινὰ
991 2151 1222 2234 ὀνομαζόμενον
1242 2155 1301 2232 μὲν

77 2253 112 2292 ¹¹¹
120 2237 190 2308 ΜΒ·
184 2255 350 2340 ’Μιχαὴλ
364 2262 534 2336 πολιτικοῖς
550 2257 584 2319 δὲ
599 2258 879 2374 συντεθραμμένον
897 2247 994 2338 ηίὶεσί
1005 2277 1039 2319 τε
1054 2278 1104 2317 και
1121 2277 1297 2335 upopodion,
1307 2263 1345 2316 20

200 2357 256 2424 καί
275 2380 308 2421 το
332 2358 389 2422 τοῦ
411 2380 635 2441 στρατιατικου
666 2357 835 2440 τηνικαῦτα
858 2359 1053 2443 διαφέροντα
1082 2377 1118 2419 σε
1141 2398 1273 2422 .....
1289 2399 1298 2432 ,

1017 2532 1020 2538 ⁴
1133 2463 1147 2480 '⁴
1200 2456 1235 2518 δὲ
1255 2457 1299 2542 τῷ

200 2555 292 2644 γήρει
310 2555 516 2643 τρυχόμενον,
537 2555 593 2622 καί
614 2555 666 2622 daal
689 2560 782 2623 τοῦτο
804 2565 961 2634 κοινωνοῖς
995 2559 1104 2633 ου’τοῖς
1119 2562 1184 2641 ’τῆς
1202 2560 1300 2638 βασι·
1429 2646 1430 2681 η

201 2866 261 2917 viro
291 2862 394 2914 cuidam
419 2877 495 2916 sacro
521 2869 548 2914 et
575 2865 731 2931 prudentiae
755 2862 837 2929 pleno
863 2877 953 2931 neque
980 2863 1147 2929 experientia
1174 2862 1300 2914 destituto

203 2935 291 3004 (Leon
311 2950 408 2986 nomen
428 2937 577 3005 erat-viro)
597 2936 851 2987 administrationem
870 2951 958 2985 rernm
987 2936 1102 2987 tradidit.
1140 2943 1200 3001 apte
1218 2934 1301 3001 igitur

202 3007 247 3058 hio
266 3007 293 3057 in
313 3005 434 3060 omnibus
455 3021 537 3074 agens
558 3015 584 3057 ct
603 3023 661 3058 cum
680 3007 784 3057 ratione
809 3006 914 3067 casibus
934 3022 996 3058 usus
1025 3015 1052 3057 et
1076 3006 1163 3072 legem
1187 3005 1301 3056 reddens

202 3077 383 3141 voluntatem,
411 3079 514 3142 effecit,
540 3087 569 3130 ut
588 3079 672 3130 omnis
692 3078 792 3129 ordinis
813 3085 839 3128 et
857 3077 947 3144 legum
965 3079 1034 3128 ratio
1053 3079 1079 3128 iu
1099 3075 1302 3127 administranda

203 3151 312 3201 civitate
332 3150 483 3201 haberetur.
511 3158 537 3200 et
556 3151 695 3202 seditionis
716 3157 840 3215 expertes
861 3156 936 3200 erant
948 3163 1002 3199 nou
1022 3149 1107 3201 solum
1127 3149 1172 3230 qui
1192 3146 1302 3200 Graecis

202 3220 316 3272 subiecti
337 3229 426 3284 erant,
446 3221 591 3272 sedetiam
611 3223 685 3287 ipsae
704 3219 774 3270 aliae
792 3229 898 3287 gentes,
920 3236 977 3271 cam
997 3221 1062 3272 deus
1081 3221 1188 3270 omnino
1208 3215 1302 3269 delec-

202 3299 304 3343 taretur
323 3291 423 3341 virtute
442 3307 549 3353 rerum,
576 3300 603 3342 et
621 3291 755 3359 obliqua
748 3308 776 3342 ιιι
794 3292 979 3344 rectitudinem
1005 3282 1141 3359 aequarel.

303 3376 368 3430 Cum
393 3387 480 3429 autem
506 3377 572 3428 haec
599 3377 658 3430 talis
684 3380 778 3447 regina
796 3380 829 3431 ad
854 3394 978 3445 superum
997 3379 1064 3430 illud
1082 3395 1193 3447 reguum
1213 3387 1302 3430 trans-

170 3494 176 3496 ,
204 3463 329 3516 gressura
356 3457 426 3501 esset
452 3453 627 3517 (regnaverat
653 3450 722 3500 enim
742 3465 837 3501 aunum
862 3466 943 3501 unum
970 3460 996 3502 et
1014 3467 1120 3502 menses
1147 3456 1242 3519 octo),
1269 3452 1303 3500 de

201 3535 268 3588 rege
294 3522 408 3572 creando
436 3536 498 3571 cura
517 3523 660 3587 occupavit
679 3536 735 3585 eos,
756 3523 801 3588 qui
820 3524 847 3572 iu
866 3523 943 3590 regia
962 3525 1061 3588 primos
1081 3522 1198 3573 honores
1217 3521 1302 3572 lrabe-

197 3591 280 3654 ,bant3
301 3600 327 3642 et
356 3609 414 3645 cum
442 3593 502 3644 finis
530 3593 643 3656 adesset,
668 3608 724 3643 non
750 3609 808 3643 eum
834 3594 878 3660 qui
902 3592 1031 3643 nobiliter
1056 3603 1212 3658 recepturus
1232 3599 1310 3643 esset·

202 3663 343 3727 imperium
362 3680 454 3717 creare
474 3663 616 3726 volebant,
643 3665 690 3715 sed
709 3679 785 3726 eum,
805 3666 849 3730 qui
868 3665 952 3730 magis
972 3664 1085 3715 inferior
1106 3665 1209 3714 iuturus
1232 3670 1305 3716 esset

201 3733 290 3799 iisqne
309 3734 460 3800 subiectus,
482 3743 508 3786 et
527 3734 697 3802 simplicitate
717 3743 743 3785 et
760 3734 928 3803 negligentia
947 3736 1199 3786 administrationem
1218 3735 1303 3800 magis

203 3805 242 3854 eis
261 3805 365 3854 tradere
383 3820 437 3856 nou
455 3815 602 3858 recusaret.

302 3874 400 3927 Creaut
418 3877 500 3942 igitur
519 3893 608 3928 senem
629 3877 768 3945 quendam,
788 3878 895 3928 nomine
916 3876 1013 3927 dictum
1032 3875 1155 3940 llichael,
1177 3874 1303 3928 civilibus

200 3948 357 4000 instructum
376 3945 493 3998 moribus
511 3956 537 3997 ct
550 3948 630 3998 rebus
650 3949 721 3998 etin
741 3965 770 3999 rc
789 3947 899 3998 militari
919 3956 972 3999 turn
992 3947 1171 3999 excellentem
1192 3985 1197 3996 .
1222 3986 1228 3997 .
1251 3984 1257 3996 .
1280 3982 1304 4010 .‚

200 4019 334 4087 integrum
354 4026 381 4070 et
400 4016 548 4084 simplicem
568 4027 596 4068 ut
615 4017 669 4069 illis
689 4021 795 4087 quidem
817 4019 975 4081 videbatur,
995 4021 1078 4087 magis
1098 4026 1185 4069 autem
1205 4033 1304 4070 senec.

199 4097 256 4148 tute
285 4090 454 4155 confectum,
490 4096 516 4139 et
544 4095 686 4156 propterea
710 4092 791 4144 sociis
823 4092 856 4141 iis
881 4091 989 4158 imperii
1017 4099 1043 4142 et
1073 4089 1304 4142 concertatoribus

225 4161 240 4192 ⁸
