2875 4734
143 397 149 404 ⁵
211 307 260 386 aa
340 363 341 366 κ
520 321 739 393 urcarlmrs
770 321 1029 392 nasamonas

212 489 387 576 στρατηγὸς
407 491 471 557 τῶν
495 492 722 555 Καππαδοκῶν
744 488 993 569 καθιστάμενος,
1016 489 1318 575 καταδυναστεύοος
1404 494 1408 501 ’

150 587 152 591 ’
212 586 235 675 ἢ
257 595 377 673 μᾶλλον
398 591 496 673 εἰπεῖν
509 591 676 676 α’πατήσιις
696 589 795 656 τόνέιι
816 591 973 674 βασιλέως
994 577 1218 655 ἀποσταλέντα
1235 588 1318 673 πρὸς

214 697 400 776 διανέμησιν
431 695 493 756 τῶν
522 695 758 772 στρατιωτικῶν
791 688 958 778 ὀψωνίων,
991 693 1185 778 ἐχειρώσατο
1206 693 1318 756 τούτου

143 805 148 824 ¹
214 799 269 862 καί
289 796 417 876 δεσμαῖς
436 797 653 876 καθυπέβαλε.
679 794 921 858 διαναστάντων
947 794 982 856 δὲ
1002 793 1047 868 εἷς
1068 787 1226 877 ἐκδίκησιν
1246 786 1320 863 ἑτέ-

215 921 279 978 ρων
301 897 506 977 στρατιωτῶν
537 897 600 960 τῶν
617 917 652 958 τε
682 894 808 972 δεσμῶν
837 893 951 978 α’νείθη
974 883 1088 973 οὗτος,
1111 889 1167 956 καί
1185 890 1241 956 τδν
1261 895 1344 962 ‹le-5

215 997 393 1082 δεσμηκύτα
410 997 681 1079 κατεργασάμενος
706 994 769 1057 τῶν
790 993 972 1076 ὀφθαλμῶν
1006 993 1212 1078 α’πεστέρησε.
1256 993 1319 1078 φύ-

214 1099 270 1174 βος
291 1083 348 1154 σύν
369 1091 538 1173 κατασχών
557 1090 633 1166 τούς
655 1095 710 1176 τῆς
733 1094 831 1175 αύτῆς
853 1095 896 1179 τῷ
918 1096 1101 1178 πηρωθέντι
1133 1091 1319 1156 κεκοινωκό-

214 1217 272 1267 τας
292 1195 425 1276 μελέτης
447 1191 621 1276 ἠνάγκασεν
643 1187 787 1277 ἁρπάσαι
808 1191 847 1258 τα
872 1189 955 1257 δπλα
978 1193 1032 1257 καί
1052 1195 1319 1276 προκινδυνεῦσαι

214 1295 348 1376 ταχέως,
370 1294 424 1357 καί
443 1291 487 1374 μῆ
512 1291 683 1375 σποράδας
701 1295 865 1378 ληφθῆναι
887 1293 942 1357 καί
961 1298 1077 1358 παθεῖν
1093 1291 1131 1356 τοὶ
1153 1288 1317 1376 οἷνὴκεστα.

218 1401 385 1479 γενομένης
408 1394 514 1460 τοίνυν
550 1399 605 1479 τῆς
627 1395 840 1477 συμκινησεοας
864 1397 938 1480 περί
966 1394 1023 1469 ταὶς
1046 1393 1176 1477 έαρινδς
1198 1393 1318 1476 τροπὰς
1328 1407 1362 1460 10

80 1503 100 1560 f.
115 1503 164 1558 177
179 1519 206 1558 v.
216 1499 406 1580 προσέθεντο
429 1493 549 1570 τούτοις
570 1498 689 1574 πολλοί,
712 1496 768 1558 καί
781 1491 1002 1580 καθημερινην
1020 1490 1244 1576 λαμβανούσης
1263 1498 1320 1576 τῆς

199 1595 414 1670 ἀ’ποστασίας
435 1595 607 1678 ἐπαύξησιν
628 1597 675 1669 εἰς
693 1599 775 1678 μέγα
788 1582 910 1679 πλῆθος
931 1594 950 1678 ἦ
971 1593 1180 1676 σονοὶθροισις
1202 1595 1317 1676 γέγονε.

218 1700 273 1761 καί
293 1692 524 1777 ἀναγορεύουσι
547 1690 958 1781 στροτηγὸναύτοκροίταρα
983 1693 1038 1758 τόν
1059 1691 1319 1778 α’ρχισύμβουλον

216 1795 368 1862 ’ίσαάκιον
394 1795 449 1859 τὸν
474 1789 650 1880 Κσμνηνόν.
709 1799 927 1884 μετατίθενται
957 1798 992 1859 δὲ
1027 1791 1107 1878 πρὸς
1139 1791 1192 1858 τὸν
1219 1790 1252 1856 έν
1281 1797 1320 1882 τῇ

159 1892 165 1910 ’
219 1895 382 1980 Βύζαντος
404 1899 538 1978 βασιλέα
554 1891 668 1978 σύχνοί
688 1899 751 1963 τῶν
772 1900 807 1962 έιι
828 1899 883 1981 τῆς
902 1891 984 1970 έῶας
1006 1895 1222 1978 στρατιωτῶν.
1266 1896 1321 1958 καί
1329 1915 1362 1966 15
1428 1960 1429 1973 2

182 1987 185 1992 ¹
218 1994 326 2079 δμέν,
351 1993 366 2060 ὁ
394 1997 571 2080 Κομνηνός,
593 1999 668 2072 τούς
701 2003 737 2062 ἐκ
762 1997 876 2083 ταύτης
904 1992 971 2080 εἶχε
993 1996 1109 2078 μόνους
1130 1999 1320 2076 συντιθεμέ-
1380 1987 1386 2009 ‘
1425 2024 1430 2059 ι

217 2124 291 2175 νους
313 2101 412 2187 αύτῷ,
434 2093 449 2162 ὃ
473 2101 507 2162 δὲ
529 2081 583 2164 καί
602 2101 676 2175 τούς
691 2103 905 2184 προσρυέντος
927 2101 1048 2162 ἐκεῖθεν
1070 2100 1124 2161 καί
1136 2101 1243 2163 πᾶσαν
1265 2094 1320 2179 τὴν

219 2195 370 2282 ἑσπερίου
394 2196 541 2280 δύναμιν.
587 2203 774 2284 εὐτρεπίσας
793 2203 829 2264 δὲ
852 2196 905 2264 διδ
929 2197 1055 2263 πάντων
1074 2192 1228 2281 στρατιῶν
1247 2195 1320 2260 ἱκα-

219 2301 286 2386 νήν,
307 2305 340 2366 έιι
362 2306 418 2386 τῆς
439 2302 595 2387 Εύρῶπης
618 2305 661 2379 εἰς
679 2303 787 2366 Ἀσίαν
809 2299 884 2375 τούς
905 2296 1100 2384 στρατιῶτας
1122 2302 1320 2381 διαπεραιω-

220 2405 318 2485 θῆναι
341 2404 501 2485 πεποίηκε.
559 2407 614 2466 καί
640 2405 738 2486 μέχρι
758 2405 813 2484 τῆς
834 2402 1051 2484 Νικομηδείας
1074 2397 1245 2483 γενόμεναι,
1269 2397 1323 2462 καί
1329 2410 1365 2464 20

218 2499 274 2575 τὰς
295 2499 410 2584 σκηνὰς
430 2498 531 2565 ἐκεῖσε
542 2499 725 2583 πηξάμενοι,
747 2500 803 2584 τὴν
817 2481 887 2566 τῶν
901 2501 1048 2564 ἐναντίων
1064 2495 1321 2584 ύπέμενονέφο·

221 2601 289 2662 δον·
333 2595 376 2674 ῶς
398 2601 427 2664 δ’
449 2597 578 2681 ἔμελλεν
598 2597 699 2684 αύτη,
730 2602 766 2666 έιι
795 2597 1035 2683 προστάγματος
1065 2600 1235 2680 βασιλικοῦ
1254 2605 1320 2672 τοϊς

221 2703 275 2784 τῆς
303 2704 443 2776 Νικαίας
472 2699 571 2785 έρίοις
605 2700 914 2790 προσεμπιλέζουσι.
969 2695 1217 2794 προκαταλαβιέν
1245 2697 1320 2762 did

1428 2070 1430 2169 l

1393 2204 1397 2212 ‘
1428 2216 1429 2285 l

1428 2388 1429 2455 l

293 2892 318 2945 t.
337 2895 394 2952 τῶν
409 2861 600 2968 assuetudo
619 2893 648 2952 G·
757 2899 802 2952 22.
822 2897 853 2952 ἐκ
871 2911 913 2948 ωτι
933 2895 962 2951 0.

178 3075 180 3080 ’
225 3083 411 3151 Cappadocum
431 3083 515 3138 lactus
535 3087 646 3138 uincens
666 3087 725 3138 sive
744 3086 834 3153 potius
853 3084 951 3137 fallens
971 3101 1049 3150 eum,
1076 3085 1122 3152 qui
1140 3101 1156 3137 a
1173 3100 1240 3154 rege
1257 3086 1323 3140 mis.

224 3172 269 3208 sus
298 3163 356 3206 erat
374 3155 406 3206 ad
425 3157 679 3209 administrationem
703 3157 856 3208 militarium
884 3157 1092 3223 stipendiorum,
1119 3158 1190 3225 cepit
1207 3156 1277 3208 hunc
1297 3165 1324 3209 et

224 3226 380 3300 inprincula
399 3228 472 3277 iecit.
512 3243 570 3278 cnm
595 3236 681 3279 autem
708 3230 888 3281 surrexissent
912 3229 944 3280 ad
961 3227 1091 3280 ultionem
1111 3229 1195 3280 ceteri
1214 3227 1322 3291 milites,

223 3294 340 3347 vinculis
368 3296 497 3347 liberatus
523 3306 564 3348 est
588 3298 631 3348 hic
660 3307 686 3349 et
714 3317 792 3363 euru,
822 3301 921 3368 quipse
948 3301 1087 3363 vinxerat,
1114 3309 1218 3366 captum
1238 3299 1323 3351 oculis

224 3367 350 3432 privavit.
388 3375 473 3440 metus
493 3369 575 3434 igitur
594 3384 729 3444 occupans
742 3387 798 3434 eos,
818 3372 863 3439 qui
883 3372 1000 3423 eiusdem
1020 3388 1079 3422 cum
1099 3371 1238 3437 expunctis
1255 3385 1323 3421 ocu.

225 3437 266 3488 los
286 3437 429 3504 participes
450 3439 556 3489 fuerant
574 3440 769 3505 meditationis,
795 3443 885 3509 coegit
904 3457 999 3508 rapere
1018 3457 1090 3493 arma
1111 3450 1138 3493 ct
1156 3450 1233 3493 antea
1252 3456 1323 3508 pug-

224 3523 284 3558 narn
305 3509 421 3573 experiri
441 3509 582 3572 celeriter,
604 3519 629 3560 et
647 3526 816 3577 caverc,=ne
836 3514 948 3579 dispcrsi
968 3521 1127 3578 caperentur
1147 3521 1173 3564 et
1191 3513 1323 3563 intolera-

222 3578 288 3629 bilia
307 3587 471 3645 patereutur.
511 3581 581 3630 lacta
600 3582 682 3650 igitur
702 3586 901 3650 conspiratione
921 3586 991 3635 circa
1011 3585 1083 3635 vcris
1103 3592 1205 3651 tempus
1228 3581 1323 3634 solsti.

223 3649 297 3712 tiele,
319 3652 454 3702 coniuncti
474 3659 535 3704 sunt
554 3668 612 3703 oum
632 3652 673 3706 his
692 3655 778 3718 multi,
799 3666 902 3707 etcum
922 3655 1041 3722 quotidie
1061 3657 1196 3721 acciperet
1206 3653 1321 3705 delectio

224 3721 424 3786 accessionem,
453 3724 486 3775 ad
505 3739 625 3791 magnam
645 3725 839 3777 multitudinem
859 3728 1033 3793 congregatio
1054 3727 1158 3776 crevit:
1179 3733 1205 3775 et
1231 3731 1324 3775 creant

166 3807 171 3828 ι
224 3791 317 3838 (lucem
344 3800 370 3840 ct
395 3794 527 3844 dominum
553 3796 701 3862 prinoipem
727 3796 859 3848 lsaalrium
885 3797 1066 3860 comnenum3
1091 3797 1323 3862 transgrcdiuntur

225 3865 313 3910 autem
332 3861 364 3910 ad
383 3877 474 3929 regern
492 3865 616 3930 Byzantii
637 3877 787 3920 versantem
806 3867 881 3918 multi
901 3866 1071 3918 orientalium
1090 3867 1222 3929 militum;
1242 3873 1322 3932 atque

226 3930 377 3983 Comnenus
406 3934 511 4000 quidem
541 3951 576 3985 ex
604 3937 654 3988 hac
680 3947 751 3990 terra
778 3938 851 3989 solos
877 3939 1035 3988 coniunctos
1055 3939 1105 3990 sibi
1125 3936 1247 4000 habebut,
1276 3937 1321 3986 hic

224 4006 311 4051 autem
332 4002 410 4052 etiam
430 4005 474 4070 qui
494 4004 569 4054 illinc
590 4008 753 4059 adduxerant
773 4017 799 4059 et
817 4024 920 4060 omnem
940 4009 1133 4060 occidentalem
1145 4009 1207 4059 vim.
1247 4022 1322 4058 com-

224 4087 319 4136 parans
341 4077 432 4125 ‘autern
458 4077 564 4125 omnino
590 4081 735 4131 exereitum
760 4088 848 4145 aptum
874 4097 907 4130 ex
931 4081 1038 4146 Europa
1062 4066 1089 4130 ln
1115 4081 1206 4133 Asiam
1223 4078 1322 4128 milites

223 4142 355 4224 traduxit:
385 4153 464 4214 atquc
493 4160 552 4196 cum
576 4163 661 4217 usque
689 4151 721 4202 ud
748 4149 926 4202 Nicomediam
955 4153 1092 4203 venissent
1120 4159 1146 4201 et
1175 4158 1260 4201 castra
1284 4148 1321 4199 ibi
1408 4155 1412 4164 ‘

212 4212 353 4278 olixrssent,
373 4215 487 4268 hostium
508 4219 695 4282 exspectabunt
714 4223 855 4287 impetum:
876 4224 920 4291 qui
940 4238 997 4274 cum
1016 4225 1128 4275 instaret
1146 4221 1219 4276 iussu
1238 4221 1320 4289 regis,
