2875 4734
157 191 288 331 ‚aaa
495 250 714 319 arceamus
744 234 1061 310 amsuoma

194 422 354 506 ἐχόμενος,
374 413 426 479 κατ’
447 409 567 493 νύκτωρ
591 431 642 470 και
638 405 737 486 μεθ’
758 402 881 487 ἡμέραν
901 404 967 471 τοῖς
991 397 1171 465 καθολικοίς
1195 385 1295 473 πράγ.

129 572 136 579 -
193 545 292 603 μασιν
315 514 545 600 ἐπαγροπνιόν,
566 533 618 574 και
641 511 737 572 δικοόν
760 497 917 586 α’κροατῆς
933 500 968 563 όν
991 502 1061 569 ταῖς
1100 494 1296 556 άνόστσικα-

187 620 381 700 ’θιστάμτνος
403 617 459 679 καί
481 613 596 694 κρίνων
618 605 764 692 ὀρφανόν
793 628 846 668 και
842 603 1004 666 δικαιῶν
1022 594 1128 715 χήραν
1147 590 1228 657 κατά
1262 588 1294 655 τό

193 727 281 786 θείαν
304 720 426 802 λόγιον,
447 739 498 810 και
494 713 736 783 παντοδαπαῖς
756 707 918 773 ἐπιδόσεσι
940 699 1150 782 χαρισμάτων
1179 696 1230 758 καί
1251 714 1296 757 τι·

177 825 262 903 4μτόν
283 818 520 903 καταγτραίρων
543 810 609 876 διά
619 804 738 890 παντός
762 802 795 870 τό
815 800 960 888 όπήκοσν,
981 801 1056 863 οιίδὲ
1080 794 1135 861 τόν
1155 819 1298 877 correps-
1306 820 1323 874 5
1412 800 1413 823 ;

193 922 261 991 νὸν
258 921 386 1005 χρόνον
406 916 467 994 ἔξω
488 917 551 979 τοῖν
572 908 691 976 ἑαυτου
679 900 966 983 σπονδασμάτων
988 901 1118 982 τ’τί,θετο
1141 897 1222 961 άλλά
1235 904 1298 971 τοῖς
1413 898 1414 907 ’

193 1024 329 1105 βιβλίοις
353 1024 404 1081 καί
432 1023 500 1089 ταῖς
530 1007 744 1092 ἀναγνώσεσιν
774 996 980 1075 ἑπιδιδοός
967 996 1081 1064 εαντόν
1109 999 1298 1079 πολυίστορα

91 1153 94 1158 ⁴
194 1148 247 1188 και
243 1117 475 1240 μεμνημένον
495 1111 534 1177 τά
563 1117 637 1175 θεία
663 1109 809 1190 περιίστα
834 1128 885 1169 και
911 1099 950 1166 τά
981 1096 1180 1183 όνθρωπινα.
1224 1102 1299 1179 ἐμό-

194 1230 271 1307 ληστ
293 1223 320 1283 δ’
342 1217 426 1303 αότῳ
447 1240 499 1279 και
522 1215 658 1293 νομικῶν
678 1204 918 1291 διαταγμάτων,
940 1206 995 1266 καί
1016 1199 1219 1283 διορθώσεως
1238 1200 1300 1261 τιόν

195 1318 506 1407 ἀμφισβητουμένων
529 1306 711 1397 δογμάτων,
733 1333 786 1373 και
810 1308 1006 1386 καταστολῆς
1027 1306 1090 1367 τόν
1110 1322 1300 1380 τικτομτνωι
1310 1320 1343 1374 10

197 1414 355 1500 ἐξαότων
376 1419 547 1497 καδοιμων.
592 1410 641 1477 διό
667 1409 722 1476 καί
749 1410 806 1474 τοῦ
828 1431 899 1489 περι
935 1430 996 1469 των
1016 1405 1218 1485 μαινομένων
1238 1424 1300 1465 σο-

197 1524 310 1587 νοίκων
331 1519 506 1602 κεφαλαίου
535 1514 797 1596 διακλονηθὲντος
817 1512 894 1572 ποτὲ
914 1508 1090 1591 θεραπείαν
1110 1498 1301 1627 ἀκριβεστά-

198 1647 254 1745 ηην
271 1624 312 1707 τῇ
335 1613 574 1733 ἀμφισβητήσει
596 1612 807 1697 κηδεμονικῶς
834 1608 1016 1691 ἐπεζήτησε.
1062 1608 1116 1668 καί
1135 1596 1300 1686 εόριόνότι

198 1718 215 1784 ό
238 1724 272 1785 όν
299 1718 488 1841 δοιδίμιρ
448 1742 486 1802 τη
509 1714 595 1797 ληξτι
614 1708 767 1794 βασιλιός
790 1713 893 1826 scripse¹
901 1704 1029 1777 Λέων
1009 1722 1130 1789 ογραψι
1151 1710 1210 1787 μὲν
1231 1725 1303 1767 son·

179 1821 258 1905 ’ράν
279 1843 350 1904 πτρι
372 1814 501 1897 τούτων,
524 1813 714 1899 συνεχάσθη
731 1815 822 1877 δὲ
779 1836 820 1875 τοι
803 1808 939 1933 χρόνῳ
963 1812 1018 1873 καί
1038 1804 1233 1890 ἄπρακτος
1213 1802 1301 1869 ἔκει-
1314 1828 1345 1881 15

197 1946 266 2002 νον,
288 1918 438 2003 άνήγτιρι
463 1917 584 1999 ταύτην
602 1917 762 1979 πεσοῦσαν
783 1914 838 1990 καί
857 1909 892 1975 τό
923 1909 1038 1993 κράτος
1063 1909 1303 1992 όπειμηφίσατο,

197 2022 353 2087 κάλλιστα
376 2020 508 2103 προθείς
532 2017 591 2091 τάς
615 2017 744 2096 αἰτίας,
771 2017 826 2078 καί
846 2010 923 2096 πρὸς
947 2007 983 2074 τό
1013 2008 1248 2095 μεγαλοπρεπές
1268 2030 1302 2072 τι

198 2123 254 2188 καί
273 2120 475 2202 δικαιότερονΙ
491 2121 525 2197 ἐξ
547 2118 706 2203 άφορμοόν
727 2116 868 2197 εόλόγων
898 2112 1129 2196 πορικαλλόνας
1162 2110 1198 2174 τό
1224 2114 1304 2174 θὲσ-

200 2248 315 2304 πισμα,
338 2216 431 2304 ὅρους
452 2242 486 2282 τι
507 2219 603 2293 τάξας
621 2220 676 2302 τῆς
698 2219 815 2297 μανίας
837 2218 892 2277 καί
922 2212 1059 2296 τρόπους
1086 2215 1140 2276 καί
1165 2212 1302 2296 χρόνους
1328 2276 1332 2285 ,

200 2325 373 2406 ὑπομονῆς,
396 2322 450 2385 καί
470 2320 640 2404 τηνικαῦτα
671 2317 705 2382 τό
745 2317 910 2399 διαζόγιον
942 2310 1202 2399 προτρεψάμενος
1228 2306 1350 2387 ότανσο

199 2425 369 2511 θηριωδῶς
391 2421 410 2504 ἡ
433 2420 523 2497 νόσος
548 2423 732 2503 ἐκμαίνηται
762 2416 881 2503 andrai
905 2419 1100 2479 occursoriam
1127 2417 1307 2507 καθορᾶται

200 2524 369 2610 α’φόρητος,
392 2522 447 2586 κατ’
467 2520 483 2586 ό
501 2517 618 2605 χρόνος
636 2518 694 2605 την
715 2520 828 2584 ἐλπίδα
850 2521 905 2600 τῆς
916 2518 1092 2602 θεραπείας
1112 2516 1241 2603 άπιίπη,
1253 2516 1308 2578 καί

199 2622 235 2690 τό
259 2622 364 2691 δεινόν
385 2624 613 2709 όποραίρηται.

246 2798 250 2803 ’
272 2809 317 2863 να
336 2775 470 2881 epoptes
490 2806 521 2862 c.

201 2998 319 3068 vigilans
340 3005 367 3050 et
387 3013 526 3051 caussam
541 2999 645 3051 auditor
664 3000 691 3050 in
703 2998 873 3063 remissione,
895 3005 922 3050 et
940 2997 1060 3050 iudicans
1078 2997 1171 3049 orbum
1191 3007 1218 3050 et
1236 3000 1308 3050 iuste

202 3079 319 3124 tractans
338 3070 444 3123 viduam
463 3071 607 3123 secundum
627 3071 746 3122 divinum
765 3071 862 3121 dictum
885 3077 912 3121 et
930 3070 1012 3122 variis
1031 3069 1229 3122 accessionibus
1249 3070 1307 3121 lar.

202 3144 333 3211 gitionum
354 3143 528 3195 othonorum
548 3157 645 3193 ornans
661 3144 769 3193 omnino
789 3141 934 3205 subiectos,
954 3155 989 3191 ne
1007 3140 1218 3207 noctisquidem
1236 3149 1308 3192 tem-

202 3230 253 3282 pus
274 3222 348 3265 extra
367 3229 414 3264 sua
433 3214 519 3265 studia
538 3213 669 3278 ponebat:
688 3214 735 3265 sed
753 3212 845 3263 bibliis
868 3220 894 3263 et
912 3211 1073 3264 lectionibus
1093 3211 1155 3263 dans
1174 3227 1236 3263 sese
1254 3225 1308 3278 po-

201 3284 361 3351 lyhistorem
389 3291 416 3333 et
434 3285 565 3335 initiatum
586 3283 665 3335 rebus
690 3284 789 3337 divinis
817 3283 997 3335 constituebat
1015 3291 1041 3333 et
1060 3282 1188 3334 humanis.
1227 3296 1308 3333 curae

203 3356 319 3409 orantei
339 3355 417 3405 etiam
437 3354 527 3421 legum
547 3356 753 3407 constitutiones
774 3363 800 3405 ct
817 3354 1020 3407 emendationes
1040 3354 1184 3420 ancipitum
1203 3352 1308 3405 edicto-

201 3441 260 3480 rum
281 3432 308 3475 et
326 3426 546 3546 compositionesf
560 3426 694 3477 turbarum
713 3442 783 3493 quae
806 3442 840 3476 cx
865 3426 899 3476 iis
917 3433 1101 3478 nascerentur
1140 3424 1308 3492 quamobrem

203 3498 283 3550 etiam
304 3511 363 3547 cum
382 3504 462 3563 caput
479 3496 546 3548 def
545 3498 643 3548 uriosis
670 3497 830 3566 coniugibus
855 3497 997 3565 aliquando
1016 3498 1209 3564 disceptaretur
1229 3510 1308 3548 onra-

105 3576 110 3584 '
202 3570 303 3621 tionem
334 3568 559 3619 accuratissimam
584 3555 743 3620 dubitationi
771 3569 891 3619 studiose
920 3570 1069 3636 quaesiuit.
1101 3577 1127 3619 et
1157 3570 1308 3631 inveniens,

203 3641 294 3693 divum
314 3654 405 3707 regem
431 3639 563 3691 dominum
588 3640 705 3692 Leonem
732 3640 874 3707 scripsisse
893 3639 1029 3692 novellam
1050 3639 1083 3691 de
1103 3639 1153 3704 his,
1173 3638 1310 3691 confusam

203 3717 291 3762 autem
325 3726 384 3761 esse
405 3725 461 3760 eam
481 3719 614 3764 vetustate
643 3721 677 3764 et
689 3713 791 3763 irritam
810 3711 948 3776 mansisse,
969 3712 1143 3764 resuscitavit
1161 3710 1229 3762 banc
1248 3710 1311 3779 iap-

204 3795 260 3835 οισι
278 3786 305 3828 ct
320 3784 466 3864 potentiam
487 3782 511 3833 ei
530 3782 643 3847 addidit,
675 3781 856 3851 pulcherrime
875 3783 1004 3835 adiicicns
1033 3797 1126 3835 causas
1146 3789 1173 3833 et
1187 3783 1312 3851 magnifi-

204 3850 310 3905 centius
337 3860 363 3901 et
389 3853 484 3904 iustius
513 3870 546 3904 ex
573 3855 760 3907 occasionibus
779 3854 963 3921 probabilibus
990 3854 1121 3909 adornans
1142 3853 1265 3919 edictum,
1285 3862 1313 3904 et

203 3924 271 3977 flues
291 3923 455 3974 constituens
474 3924 571 3977 furoris
592 3935 618 3977 et
635 3927 728 3978 modos
743 3934 769 3980 ct
787 3934 907 3993 tempora
923 3927 1077 3992 patientiae,
1097 3933 1177 3993 atque
1196 3932 1250 3977 turn
1269 3926 1312 3976 di-

203 3994 322 4046 sortium
341 4007 527 4060 proponens,
546 4012 604 4049 cnm
623 3998 727 4050 bestiae
748 4000 831 4051 instar
857 3996 963 4049 morbos
984 3997 1086 4047 fureret
1114 4004 1140 4047 et
1159 3996 1312 4048 contubor-
1357 4044 1369 4055 ,

205 4063 264 4115 nali
284 4072 426 4131 appareret
455 4066 635 4123 intolerabilis
662 4077 689 4121 et
712 4077 815 4136 tempus
841 4084 915 4137 spem
946 4069 1091 4123 curationis
1110 4072 1216 4121 vetaret
1232 4075 1314 4157 atque

207 4134 357 4202 periculum
376 4142 528 4207 unguetur·
