2875 4734
573 199 782 270 HISTORIA.
1178 193 1227 272 49

124 363 265 427 εἰσέλθοι
285 361 341 444 τῆς
360 361 453 446 deute
467 360 575 447 αὐτοῦ,
590 373 747 446 τιμωρίαν
760 364 846 451 αύτῷ
861 364 1011 449 μεγίστην
1021 364 1075 430 καί
1090 362 1230 433 θάνατον

125 464 314 546 ἐπιτίθησιν.
338 462 489 546 κέχρηται
507 464 541 526 δὲ
554 468 590 549 τῇ
609 459 675 548 ῥινί
692 458 753 530 ὅσα
765 464 820 528 καί
833 468 934 548 χειρί·
955 462 1021 530 ἔστι
1037 462 1152 549 γύρτό
1165 470 1232 548 μῆ-

126 584 179 638 κος
194 561 276 650 αύτῇ
291 559 369 626 κιττοὶ
385 561 555 646 σάλπιγγα,
579 566 634 627 καί
655 565 697 628 δι’
711 565 808 648 αὐτῆς
825 563 910 628 ἅπαν
925 568 1062 648 ἐνεργεῖ·
1085 566 1120 630 τὸ
1140 561 1232 629 διδύ-

128 684 224 741 μενσν
246 664 301 726 καί
316 670 380 736 ταῖς
399 661 478 726 κατύ
500 666 583 728 νῶτα
598 665 789 747 καθημένοις
811 663 1110 748 ἡνιοχούσινιαύτύν
1123 666 1235 731 α’ναδί-

101 764 218 843 ddum,
236 762 291 825 καί
310 760 366 847 τὴν
387 764 507 849 τροφὴν
522 766 728 849 παραπέμπει
743 769 787 852 τῷ
805 764 950 846 στόματι,
972 763 1026 829 καί
1046 759 1142 830 ὅπλον
1163 770 1231 832 κατ’

111 859 257 944 ’ἐχθρῶν
279 858 346 943 ἔχει
371 857 635 947 καίσῖμυντὴριον
657 860 831 949 δύσμαχον.
876 863 990 948 λύραις
1012 868 1048 930 δέ
1070 866 1230 942 παντοίοις

126 957 147 1046 ἦ
168 970 307 1046 χαλινοῖς
330 963 391 1046 ούχ
412 963 543 1049 ύπείκει,
564 963 633 1028 ἀλλ’
654 965 672 1048 ἦ
691 963 840 1051 αἴσθησις
859 968 948 1051 αύτῷ
967 971 1024 1030 τοῦ
1047 974 1147 1031 ποιεῖν
1170 961 1228 1032 ὅσα

124 1072 190 1138 τοῖς
213 1063 373 1146 ἧνλσχσύσι
394 1066 611 1150 βεβούλευται,
630 1065 762 1140 πέλεκύς
786 1070 855 1132 ἐστι
872 1066 950 1132 κατύι
974 1072 1106 1150 κρανίον
1128 1067 1228 1152 φερό-

123 1187 227 1245 μενος.
268 1163 393 1247 χρόνοις
415 1167 449 1230 δὲ
474 1171 600 1241 πολλοῖς
628 1165 883 1252 κυσφορούμενος
917 1171 1010 1254 (δέκα
1032 1166 1092 1252 γδρ
1116 1171 1228 1234 ἒνιαν-
1242 1185 1261 1238 t.
1277 1186 1327 1240 176
1338 1202 1367 1241 τ.

82 1281 116 1334 10
125 1273 190 1340 τοῖς
214 1268 253 1352 τῇ
273 1267 403 1354 μητρηὶηι
424 1266 518 1350 νηδύι
549 1266 837 1353 καλύπτεταιγ-την
858 1273 921 1333 τοῖν
949 1269 1051 1335 σ’στύν
1072 1265 1232 1353 ἁρμονίαν

126 1364 265 1450 σκληρὰν
285 1365 341 1430 καί
360 1361 507 1449 ἄτεγκτον
522 1366 600 1450 πρὸς
620 1365 799 1446 σύμπτνξιν
817 1368 1032 1434 ἀποδείκνυσι.
1055 1368 1108 1434 διδ
1133 1375 1226 1437 τούτο

124 1463 180 1528 καί
199 1467 244 1541 εἰς
264 1465 320 1548 γῆν
343 1469 571 1550 κατακλιθῆναι
595 1467 757 1546 α’δννατεῖ,
778 1467 821 1550 μη
847 1458 912 1543 οἷός
932 1493 965 1533 τε
987 1464 1033 1533 σύν
1053 1469 1092 1534 τὰ
1115 1465 1224 1554 ύρθρα

123 1570 185 1632 τῶν
208 1567 313 1630 πσδιόν
347 1574 417 1640 ταῖς
448 1566 614 1650 ἁρμονίαις
643 1564 782 1646 σννύξαι,
808 1573 865 1633 καί
893 1578 1108 1654 περιαγαγεῖν.
1153 1570 1227 1634 δντί

123 1670 161 1732 δὲ
183 1654 393 1743 καταλλίσεισς
415 1665 472 1751 την
494 1671 539 1743 εἰς
561 1671 692 1754 δένδρον
706 1664 736 1752 ἢ
755 1676 977 1754 χειροποίητον
999 1671 1093 1746 ξύλον
1116 1663 1136 1754 'l
1157 1678 1226 1735 τοῖ-

78 1785 113 1837 15
120 1791 182 1852 χον
207 1767 286 1834 κατὰ
319 1770 397 1849 μίαν
427 1767 570 1853 πλευρὰν
598 1779 734 1836 ποιεῖται
763 1774 942 1853 ἐπίκλισιν,
975 1765 1084 1858 ὄρθιος
1104 1771 1226 1849 τούτοις

35 1913 40 1926 1
124 1868 364 1955 ἐπερειδόμενος
386 1867 495 1951 μόνον.

223 1970 290 2034 Ἐπί
309 1966 409 2058 τούτῳ
431 1975 474 2057 τῷ
499 1970 569 2060 ζιύφ
592 1976 647 2038 κατ’
667 1971 726 2056 την
754 1978 921 2059 λεγομένην
943 1975 1225 2059 καμηλοπάρδαλιν

122 2075 156 2148 ἐξ
185 2071 350 2155 Αίγύπτσν
389 2077 593 2158 πεμφθεῖσαν
629 2073 717 2161 αύτῷ
751 2084 817 2154 τοῖς
853 2074 995 2151 πολίταις
1026 2071 1042 2138 ὁ
1074 2074 1226 2157 βασιλεύς

121 2176 365 2252 καθνπέδειξεν·
415 2171 482 2238 ε’στι
514 2175 549 2237 δὲ
593 2179 648 2240 καί
685 2169 768 2259 αὕτη
804 2174 883 2240 κατὰ
912 2174 946 2240 ad
978 2169 1078 2257 ὄνομα
1108 2174 1227 2242 σύνθε·
1293 2161 1297 2165 ’

76 2295 194 2357 ηρτος,
217 2276 351 2360 φολίδας
383 2276 441 2353 μὲν
470 2267 658 2357 παρδάλεως
687 2272 826 2358 ἔχουσα,
848 2275 992 2360 καμήλου
1027 2278 1062 2342 δέ
1092 2279 1227 2359 μέγεθος

124 2371 186 2438 σύν
219 2377 258 2462 τῇ
279 2379 404 2460 κεφαλῇ
425 2378 479 2440 καί
497 2377 541 2461 τῷ
562 2375 786 2464 οἷπστεταμένιρ
817 2374 872 2440 καί
891 2379 994 2461 λεπτῷ
1026 2378 1081 2440 τού
1103 2378 1228 2459 τραχή-

125 2479 202 2560 tou,
240 2473 321 2560 πλην
341 2470 416 2540 ὅσον
439 2472 488 2541 ὅτι
519 2471 535 2540 c‘
567 2479 724 2561 τράχηλος
757 2477 836 2566 αύτῇ
872 2469 983 2561 ὄρθιος
1013 2470 1058 2539 ale
1093 2475 1155 2558 σύχ
1185 2476 1228 2551 ὥς

122 2576 181 2660 τῆς
213 2574 356 2662 καμὴλσν
391 2580 558 2663 πεποίηται
586 2576 835 2659 καμπνλύτατος.
894 2579 963 2643 ἀλλ’
990 2568 1062 2642 οὔτε
1092 2579 1226 2663 περί,τό
1298 2657 1303 2662 ,

124 2893 217 2963 gitudo
240 2893 264 2943 ei
281 2891 411 2944 buccinae
430 2891 529 2955 instar,
558 2899 585 2942 ct
607 2907 638 2944 ea
659 2907 737 2943 omue
756 2899 864 2954 tractat3
884 2892 970 2943 datum
992 2900 1019 2943 ct
1036 2894 1064 2942 in
1083 2901 1160 2960 tergo
1179 2908 1224 2945 se.

123 2965 265 3027 dentibus,
292 2965 337 3032 qui
367 2979 426 3014 eum
444 2970 559 3031 regunt,
579 2964 711 3031 porrigit,
740 2973 768 3014 et
785 2963 872 3015 cibum
897 2963 1010 3014 admittit
1028 2964 1078 3025 ori,
1099 2971 1125 3012 et
1142 2965 1225 3015 telum

123 3044 220 3089 contra·
235 3035 326 3086 hostes
349 3034 429 3086 habet
448 3042 474 3085 et
492 3035 651 3100 praesidium
671 3035 809 3085 invictum.
836 3032 901 3083 loris
930 3041 1016 3084 autem
1040 3033 1161 3085 omnibus
1181 3043 1225 3085 aut

123 3108 207 3159 frenis
223 3120 277 3157 non
297 3106 383 3169 cedit,
413 3106 460 3158 sed
488 3121 581 3156 seusus
603 3105 627 3154 ei
642 3103 763 3166 ,faciendi
789 3119 857 3171 quae
884 3103 1038 3170 regentibus
1058 3102 1225 3168 placuerunt,

122 3180 225 3231 securis
244 3185 285 3228 est
305 3185 397 3228 contra
420 3177 549 3227 verticem
568 3183 635 3225 acta.
656 3190 741 3225 annos
770 3183 857 3225 autem
876 3175 973 3224 multos
994 3176 1022 3224 in
1041 3182 1136 3225 ventre
1155 3174 1223 3226 latus

123 3250 299 3316 (perdecem
319 3250 389 3299 enim
408 3247 601 3299 annosmatris
629 3253 706 3297 uteru
737 3244 868 3314 velatur),
890 3246 988 3297 ossium
1009 3248 1224 3297 coniunctionem

120 3322 213 3372 duram
241 3329 267 3370 ct
294 3320 393 3370 firmam
425 3318 494 3385 quod
513 3319 545 3369 ad
564 3317 773 3384 componendum
799 3316 901 3380 minet,
918 3319 1042 3369 ostendit.
1081 3326 1224 3385 propterea

121 3392 202 3442 etiam
221 3393 248 3441 in
267 3398 363 3442 terram
384 3389 557 3440 succumbere
575 3404 630 3439 non
649 3396 747 3455 potest,
769 3405 828 3439 cum
844 3404 897 3439 nan
918 3388 1008 3440 valcat
1026 3389 1153 3441 articulos
1172 3405 1222 3455 pe.

119 3464 181 3514 dum
202 3463 330 3512 iuncturis
359 3474 521 3526 componere
544 3467 570 3510 et
597 3460 803 3511 circumducere.
848 3476 896 3526 pro
922 3461 1116 3511 succumbendo
1141 3459 1223 3509 incli-

118 3535 255 3584 nationem
283 3532 315 3582 ad
339 3531 459 3582 arborem
480 3539 525 3581 aut
552 3545 628 3582 mauu
648 3531 745 3580 lactum
766 3531 868 3599 liguum
897 3539 942 3582 aut
960 3532 1089 3597 parietem
1107 3539 1160 3579 uno
1180 3529 1222 3581 la.

118 3613 178 3656 tere
199 3604 272 3666 lacit,
295 3610 398 3654 erectus
418 3604 445 3652 in
464 3601 505 3652 his
525 3617 554 3653 se
574 3601 690 3654 lnlciens
710 3601 804 3652 selum.

219 3689 326 3742 Praeter
345 3689 396 3740 hoc
415 3689 511 3740 animal
533 3689 610 3740 ctiam
635 3691 673 3740 sic
693 3691 789 3740 dictam
809 3687 1039 3755 camelopardalim
1054 3689 1221 3756 eallegypto

116 3765 226 3815 missam
249 3761 300 3812 sibi
319 3761 423 3813 civibus
443 3776 491 3810 rex
503 3760 634 3822 ostendit,
654 3769 693 3811 est
711 3769 798 3811 autem
817 3762 895 3809 etiam
918 3759 984 3808 baec
1003 3760 1148 3811 secuudum
1166 3776 1219 3811 uc.

117 3849 181 3886 men
200 3834 355 3898 composita,
375 3831 491 3883 maculas
512 3830 626 3897 pardalis
650 3829 764 3892 babens,
794 3829 889 3880 cameli
908 3838 995 3880 autem
1014 3832 1220 3899 magnitudinem

117 3913 146 3956 et
166 3904 265 3955 cellum
285 3911 311 3953 et
332 3903 474 3954 abscissam
503 3910 529 3952 et
554 3911 660 3953 tenuem
678 3909 798 3951 naturam
817 3899 882 3949 colli
912 3901 965 3952 nisi
984 3903 1055 3969 quud
1075 3902 1173 3952 collum
1194 3902 1220 3950 ei

117 3984 236 4026 ereetum
261 3987 315 4024 uon
341 3981 370 4023 ut
390 3974 484 4024 cameli
512 3974 608 4023 lactum
635 3981 674 4022 est
700 3973 779 4021 nimis
801 3979 938 4022 curvatum
966 3976 1013 4024 sed
1030 3990 1066 4023 ne
1085 3975 1111 4022 in
1130 3971 1218 4020 medic

116 4047 222 4114 quidem
242 4045 320 4096 dorso
341 4044 471 4095 curvitate
491 4045 604 4106 excedit,
628 4042 709 4113 simili
728 4049 815 4092 autem
834 4044 911 4094 mado
930 4043 1104 4094 directionem
1123 4041 1218 4090 iudea

115 4119 196 4170 dorso
217 4132 301 4183 usque
323 4115 354 4165 ad
370 4115 477 4166 caudam
496 4123 587 4179 tenet,
610 4128 662 4166 non
694 4116 782 4164 autem
801 4129 886 4182 aeque
905 4114 1056 4179 altitudine,
1074 4127 1135 4164 nam
1153 4110 1217 4163 der.

176 4228 257 4282 dict.
278 4227 365 4282 Διιτλ.
385 4227 451 4282 litet.
925 4257 928 4261 >
1017 4225 1035 4282 t
