2875 4734
201 219 277 308 'udo
397 268 400 273 -
492 228 713 300 urcnauus
742 221 1004 296 amictoria

204 397 330 487 αὐροὶτρ
352 396 488 478 δυνάμει
500 394 573 472 τούς
593 394 763 475 πολεμίους
784 394 968 468 ἐλάνθανον,
988 383 1071 451 οἶδὲ
1092 387 1218 471 πλείους
1239 386 1309 449 ἐνέ-

204 524 318 567 πιπτον
338 502 396 582 μὲν
429 499 550 576 αιίτοῖς,
578 492 657 579 πρὸς
687 497 722 557 δὲ
752 491 810 557 τόν
838 494 895 555 νῦν
913 493 1061 573 βασιλέα
1094 483 1308 569 μανθάνοντες

205 600 322 678 ου’τοιλς
343 601 583 683 κατεπείγεσθαι
606 600 809 678 συνεχώρουν
833 595 938 667 αὐτοῖς
964 594 1019 656 καί
1040 590 1189 671 α’βλαβεῖς
1208 586 1309 650 ιλιετί-
1418 584 1419 675 l

204 708 297 784 θουν,
320 702 468 785 ἀβλαβῶς
490 702 543 764 καί
558 701 673 785 φιλίως
692 692 770 778 πρὸς
784 689 842 777 τὴν
859 693 958 759 αὐτοῦ
975 690 1141 774 βασιλείαν
1160 688 1215 754 καί
1229 710 1307 773 προ-

204 806 356 890 σηγορίαν
379 801 465 886 παρὰ
489 806 595 865 πᾶσαν
615 798 820 880 α’νθρωπίνην
844 790 996 859 ὑπόνοιαν
1019 796 1227 872 διακείμενοι.
1316 801 1335 852 5
1419 880 1420 889 ¹

306 906 378 969 Καί
397 896 417 985 ἧ
439 904 498 984 μὲν
521 898 863 970 Κωνυταντινοιίπολις
885 893 940 959 καί
961 890 991 958 οἱ
1013 902 1076 958 τῶν
1101 890 1185 966 ἐκτὸς
1206 889 1307 956 ἐπιει-

206 1009 348 1089 κέστεροι
369 999 454 1067 οὕτω
473 1002 723 1088 κραδαινομὲνας
758 995 845 1083 εἶχον
875 995 930 1073 τοὶς
964 995 1081 1070 οἰκείας
1110 991 1221 1076 ψυχάς
1253 994 1309 1058 κατ’

206 1105 449 1178 συννενευκίιας
474 1100 553 1186 πρὸς
576 1100 750 1185 abaciam?
778 1101 1003 1182 ἐπικράτειαν·
1049 1095 1121 1160 ὅδὲ
1156 1089 1308 1177 βασιλειλς
1347 1130 1352 1134 -
1420 1174 1421 1191 1

200 1209 299 1272 >ou'ridu
321 1208 384 1269 suiv
403 1206 501 1269 θείων
533 1202 694 1288 κριμοὲτων
725 1200 781 1265 καί
814 1202 986 1277 θοξοποιιὸν
1019 1202 1063 1272 είς
1092 1199 1164 1261 νοῦν
1192 1192 1309 1276 tatto.

208 1330 304 1389 μενος
327 1299 480 1370 obstruis
503 1310 660 1369 κακίστων
682 1304 832 1386 α’πείχετο
857 1299 1011 1386 πράξεων,
1027 1299 1080 1363 καί
1097 1299 1179 1381 μήτε
1204 1293 1239 1361 τὸ
1254 1298 1311 1360 rot
1321 1308 1355 1361 1o

209 1405 324 1492 ἀνδρὸς
351 1409 477 1489 α’ξίωμα
500 1409 554 1471 καί
574 1404 686 1490 τὴνίκ
708 1402 809 1487 ’ἔργων
831 1402 927 1484 ἰσχύν
948 1402 1001 1465 καί
1021 1398 1076 1483 την
1098 1392 1199 1482 ἄκραν
1218 1398 1311 1479 εὔχε’·

209 1532 297 1574 νειαν
317 1508 507 1588 αἰδούμενος
530 1499 655 1589 ἤν,’και’
675 1505 791 1569 ἐννοῶν
816 1502 965 1567 κοινωνὸν
986 1505 1041 1585 τῆς
1065 1500 1229 1582 βασιλείας
1251 1504 1311 1561 λα-

209 1616 278 1692 βεῖν
296 1598 353 1673 ’κατ’
372 1607 444 1681 τοὺς
465 1605 613 1688 θύραθεν
634 1605 803 1685 πολεμιόυς
818 1603 1127 1687 κατατροπιόσασθαι
1139 1601 1180 1661 δι’
1197 1599 1311 1679 atros,

169 1748 175 1760 ·
211 1709 267 1773 καί
288 1716 353 1784 τοῖς
374 1707 526 1791 ,ὑπηκόοις
546 1705 603 1788 την
625 1706 811 1789 ἐλευθερίαν
832 1700 1125 1788 περιποιήσασθαι,
1140 1698 1227 1785 α’λλοὶ
1249 1700 1313 1763 των

187 1806 364 1893 ’Τοίρκων
385 1803 433 1885 οἷς
448 1807 645 1872 οἰκειοτάτων
667 1805 722 1869 καί
749 1808 864 1891 φιλίων
895 1805 1154 1885 ἀντιποιούμενος
1183 1803 1359 1882 ducatu-15

163 1962 173 1973 .
213 1934 289 1974 πετο
309 1908 388 1992 πρὸς
411 1907 546 1987 αὐτούς,
569 1912 623 1971 καί
644 1904 758 1991 δώροις
781 1908 928 1991 α’μὲτροις
943 1905 998 1969 καί
1010 1903 1315 1979 παντοδαπαῖςῦπο-

213 2012 341 2091 σχέσεσι
355 2009 548 2093 διηρεδίζετο
564 2014 630 2073 κατ’
652 2008 762 2088 αὐτοῦ,
784 2003 863 2071 ὥστε
885 2005 980 2071 παντί
998 2010 1104 2070 σθένει
1118 2006 1173 2069 καί
1184 2006 1317 2091 μηχανῇ

214 2112 494 2193 καταγωνίσασθαι
516 2114 645 2190 τοῦτον,
667 2115 723 2173 καί
750 2103 772 2194 ἢ
799 2107 964 2192 μαχαίρας
993 2106 1084 2190 ἔργον
1115 2108 1315 2189 ποιήσασθαι

216 2210 270 2294 εἴτ’
292 2211 496 2294 αἰχμάλωτον
516 2214 636 2277 θέσθαι
660 2215 714 2276 καί
735 2203 829 2277 ὤνιον
851 2218 917 2288 τοῖς
933 2212 1083 2293 μισοῦσιν
1095 2208 1202 2273 αὐτὸν.
1244 2209 1314 2271 αλλ’

216 2310 273 2375 οιῗκ
289 2304 326 2396 ἦν
346 2308 522 2395 πρὸςθεοῦ
542 2310 576 2377 τὸ
601 2315 782 2397 τηλικοῦτον
805 2305 916 2397 ἄνδρα,
936 2320 1002 2386 τοῖς
1022 2314 1195 2395 κρείττοσιν
1212 2304 1361 2393 ἔργοιςθθ

215 2417 446 2497 κεκοσμημένον
467 2416 623 2494 ἐπιεικῶς,
646 2421 713 2489 τοῖς
735 2416 885 2499 ζητοῦσιν
908 2412 1008 2478 αίτόν
1036 2414 1211 2491 ἐπιθυμίας
1241 2404 1315 2473 ddi-

216 2538 273 2579 κου
296 2516 502 2601 παραστῆσαι
523 2510 690 2580 ὑπόθεσιν.
736 2512 788 2579 διαὶ
811 2519 908 2586 τοῦτο
929 2512 983 2579 καί
1004 2522 1072 2588 ταῖς
1091 2516 1151 2594 μὲν
1173 2510 1317 2592 ὑποσχέ-

217 2639 288 2707 σεσι
310 2619 370 2681 τοῦ
388 2618 545 2701 βασιλέως
567 2614 734 2701 ἐθίλχοντο
756 2618 811 2681 καί
828 2619 1052 2713 παρεκινρῦντο
1077 2612 1107 2679 οἱ
1134 2609 1315 2697 Tamucus?

287 2791 314 2848 4.
336 2810 371 2848 an
392 2795 538 2866 ευλαβῶςθ

218 2953 276 3010 dem
295 2958 323 3009 ia
344 2973 400 3023 eos,
419 2960 467 3011 sed
486 2975 544 3011 cunr
563 2961 685 3013 audirent
704 2976 751 3013 eos
771 2958 803 3013 ad
824 2975 893 3023 eum,
913 2960 958 3028 qui
977 2975 1048 3011 nunc
1067 2967 1182 3023 estreis,
1202 2966 1317 3011 conten.

218 3030 301 3094 dere,
327 3031 510 3084 concedebant
540 3032 592 3083 hoc
620 3034 652 3085 iis
681 3042 707 3085 ct
725 3032 874 3084 incolumes
903 3031 1096 3097 ditponebant‚
1116 3032 1272 3083 innocenter
1292 3038 1319 3081 et

129 3108 135 3115 '
217 3102 303 3153 amice
323 3117 388 3171 erga
404 3104 461 3154 eius
479 3119 590 3172 regnum
610 3112 637 3155 et
655 3120 751 3156 nomen
770 3112 877 3171 praeter
895 3118 998 3155 omnem
1016 3103 1150 3154 hominum
1164 3104 1317 3170 opinionem

216 3173 349 3241 dispositi.

317 3269 406 3337 Atque
425 3269 672 3337 constantinopolis
691 3272 796 3340 quidem
816 3280 843 3323 ct
860 3272 931 3324 inter
943 3279 1067 3324 externos
1082 3272 1126 3339 qui
1142 3272 1226 3337 magis
1246 3279 1318 3322 stre.

218 3340 265 3392 nui
284 3348 361 3391 erant
379 3341 415 3390 ita
444 3351 578 3406 permotos
607 3342 739 3394 habebant
757 3344 858 3394 animos
883 3352 910 3395 et
930 3345 1074 3395 adnuentes
1102 3342 1133 3393 ad
1153 3343 1209 3392 eius
1229 3343 1318 3408 impe.

218 3414 296 3463 rium.
341 3410 388 3463 scd
415 3426 464 3463 rex
490 3412 559 3463 nihil
587 3414 676 3466 divina
694 3415 793 3465 iudicia
813 3422 839 3466 et
860 3416 1006 3466 sententias
1034 3413 1243 3465 animadvertens
1262 3428 1318 3464 non

218 3483 368 3536 abstinebat
386 3484 512 3551 pessimis
528 3484 697 3536 actionibus:
723 3501 811 3553 neque
838 3487 889 3536 viri
911 3487 1065 3553 dignitatem
1086 3493 1112 3537 et
1129 3484 1223 3546 robur,
1247 3485 1318 3552 quod

219 3556 296 3608 iactis
322 3555 502 3619 consistebat,
531 3564 558 3607 et
591 3571 715 3609 summam
739 3556 906 3608 nobilitatem
933 3557 1076 3610 verebatur
1104 3558 1319 3625 neque·socium

182 3675 192 3691 f
220 3642 279 3679 eum
296 3629 374 3696 regni
393 3629 518 3694 accipere
547 3636 573 3679 ct
592 3634 717 3679 externos
749 3628 839 3680 hostes
859 3628 963 3694 pellere
982 3644 1030 3695 per
1058 3644 1127 3692 enm,
1147 3636 1174 3679 et
1192 3628 1318 3680 subiectis

218 3698 371 3749 libertatem
400 3698 564 3763 conciliare,
590 3700 637 3751 sed
655 3698 746 3751 Turcis
767 3707 796 3750 ut
825 3699 1037 3752 familiarissimis
1058 3708 1084 3750 et
1102 3700 1194 3751 amicis
1213 3701 1319 3752 studens

219 3768 340 3820 mittebat
358 3769 463 3836 legatos
483 3772 516 3823 ad
534 3784 581 3821 eos
600 3776 627 3835 et
645 3770 721 3821 donis
740 3770 887 3821 immodicis
903 3778 929 3822 et
945 3772 1026 3823 variis
1044 3772 1183 3837 promissis
1204 3785 1250 3822 eos
1270 3786 1319 3821 ex·
1382 3808 1385 3813 .

221 3837 322 3891 citabat
344 3848 437 3891 eontra
464 3842 558 3905 illum,
579 3848 608 3891 ut
633 3843 704 3891 omui
724 3843 750 3893 vi
783 3850 809 3892 et
828 3849 884 3892 arte
904 3841 973 3892 hunc
992 3839 1160 3893 debellarent
1178 3850 1257 3910 atque
1277 3848 1321 3892 aut

221 3911 303 3979 gladii
325 3924 391 3977 opus
411 3926 471 3962 eum
489 3914 632 3965 redderent
649 3920 693 3963 aut
712 3914 846 3979 captivum
860 3912 979 3963 iacerent
998 3922 1024 3965 et
1042 3913 1125 3964 vilem
1140 3915 1183 3976 iis,
1196 3914 1242 3981 qui
1262 3926 1321 3963 eum

221 3983 349 4035 odissent.
386 3982 433 4033 sed
450 3998 504 4034 non
525 3993 581 4035 erat
599 3985 651 4047 dei,
678 3984 758 4035 talem
778 3985 864 4036 virum
883 3983 1039 4036 melioribus
1059 3972 1136 4037 lactis
1156 3987 1220 4037 satis
1240 3998 1322 4034 orna-

221 4062 275 4105 tum
294 4056 329 4106 iis
349 4053 393 4120 qui
414 4062 660 4120 conquestorem,
687 4057 851 4107 constituere
878 4063 1060 4122 argumentum
1079 4056 1230 4122 cupiditatis
1247 4055 1323 4105 inin.

222 4132 297 4180 stae:
317 4132 461 4192 propterea
477 4126 556 4176 etiam
574 4127 711 4207 promissis
728 4128 834 4194 quidem
852 4128 925 4195 regis
935 4125 1119 4179 mulcebantur
1131 4136 1158 4180 et
1175 4125 1324 4181 moveban-

542 4248 560 4277 Ι
