2875 4734
223 200 290 272 vm
417 206 655 276 walarum
686 207 865 272 mortun
893 210 947 272 nu
981 185 1132 276 rursm

219 387 404 463 adducens
419 394 587 464 Pluerurn
606 391 831 490 ¹),'denique
858 395 1035 465 Haen‘elus
1060 392 1161 465 v.ct.
1177 395 1216 482 ²).
1244 394 1315 468 Ne·
1420 442 1421 493 t

217 541 279 607 mo
302 529 439 609 tamen,
467 517 570 613 quod
593 518 718 611 sciam,
740 520 966 590 mentionem
986 512 1072 591 lecit
1094 488 1232 591 codicis
1258 520 1317 590 bi·

220 640 428 713 bliothecae
444 644 665 738 parisiensis,
692 638 872 740 adquam
898 658 1021 717 tamen
1049 645 1167 717 doctis
1192 646 1316 718 homi·
1420 644 1421 649 ’

219 767 327 838 nibus
363 781 398 838 et
432 767 613 865 indigenis
648 782 683 840 et
716 771 921 867 peregrinis
949 770 1139 842 facillimus
1172 795 1318 867 semper

219 891 286 962 tuit
313 891 442 964 aditus.
503 893 629 989 Neque
659 893 930 966 Montesalconii
965 878 1146 992 catalogus
1180 896 1316 966 biblio-

216 1017 345 1088 thecae
373 994 628 1112 Coislinianae,
655 1044 731 1114 quo
760 1020 970 1122 continetur
990 1017 1135 1091 Codicis
1160 1023 1229 1094 136
1255 1045 1317 1092 ac-
1370 1059 1377 1080 ·.

219 1157 341 1215 curata
365 1142 575 1240 descriptio,
599 1149 628 1230 ³]
647 1145 761 1215 ullius
788 1158 829 1216 ut
854 1144 998 1216 videtur
1017 1145 1162 1217 salivam
1189 1147 1314 1220 morit.

176 1347 193 1356 ς
214 1269 399 1365 Nusquam
426 1269 522 1340 enim
540 1269 652 1340 ullum
671 1271 794 1341 locum
808 1270 917 1342 huius
932 1271 1107 1343 historiae
1129 1269 1315 1343 laudatum
1333 1358 1339 1385 Ι
1402 1251 1406 1263 ’

219 1395 351 1491 reperi,
375 1419 496 1490 neque
518 1395 555 1465 in
573 1396 746 1491 glossario
774 1395 918 1467 mediae
944 1410 979 1467 et
1005 1396 1153 1468 infimae
1177 1398 1317 1494 graeci-

217 1521 300 1590 tatis
311 1520 511 1615 Cangiano,
544 1546 665 1616 neque
692 1521 730 1591 in
757 1522 1148 1617 ipsiusMontel'alconii
1167 1523 1316 1620 palaeo-
1420 1568 1421 1571 =

219 1645 372 1741 graphia
393 1670 532 1741 graeca.
561 1645 798 1743 Quapropter
824 1648 1052 1743 simulatque
1078 1648 1200 1719 inveni
1225 1673 1317 1744 opus
1393 1621 1398 1629 ἱ

145 1789 151 1796 ·
219 1769 341 1842 adhuc
365 1797 483 1868 paene
509 1772 750 1870 incognitum,
778 1773 869 1844 nihil
895 1773 1081 1870 antiquius
1107 1772 1192 1844 duxi
1204 1798 1315 1869 quam
1420 1868 1421 1871 Ἴ

156 1939 157 1942 =
221 1909 263 1966 ut
288 1910 490 1968 accuratam
520 1897 658 1968 codicis
680 1892 944 1970 Escoriacensis
970 1899 1199 1994 acquirerem
1218 1901 1317 1970 noti·
1420 1910 1421 1987 g

219 2022 319 2095 tiam.
374 2023 515 2094 Etenim
543 2023 573 2094 is
600 2021 716 2095 codex
743 2049 763 2094 a
790 2023 968 2094 Michaele
995 2022 1129 2116 Balbo,
1161 2024 1190 2094 si
1223 2022 1315 2095 fides
1420 2008 1421 2011 Ἴ

216 2147 363 2219 Labbco
388 2150 603 2220 aclabrieio
631 2148 856 2243 adhibenda,
881 2149 954 2220 hoc
981 2162 1034 2220 est
1060 2150 1106 2219 ab
1133 2154 1315 2223 anno820

214 2274 359 2346 initium
399 2275 593 2371 sumpsisse
635 2273 848 2368 dicebatur,
886 2288 1009 2346 noster
1041 2288 1169 2346 contra
1201 2300 1222 2345 a
1249 2274 1316 2345 Mi-

217 2400 342 2472 chaele
363 2400 615 2502 Paphlagone,
642 2426 739 2470 anno
765 2413 908 2470 tantum
928 2396 1025 2472 1034
1050 2400 1191 2496 incipit.
1244 2398 1316 2470 Sed
1420 2444 1421 2481 3

171 2527 175 2532 ’
218 2525 347 2599 frustra
372 2526 527 2620 flagitavi
559 2537 598 2595 ut
626 2526 715 2596 haec
741 2549 824 2594 mea
845 2522 892 2594 de
913 2549 953 2594 re
978 2525 1038 2595 illa
1053 2504 1242 2595 'dubitatio
1268 2528 1317 2596 si·
1420 2552 1421 2583 t

220 2650 456 2748 gnificatione
491 2649 612 2746 aliqua
634 2650 833 2720 tolleretur.
895 2674 992 2735 anno
1027 2647 1177 2720 tandem
1221 2644 1340 2752 1842ι

175 2777 178 2782 ’
215 2775 626 2871 EduardusLaboulaye
653 2772 863 2846 academiae
878 2774 1159 2870 inscriptionum
1186 2775 1319 2867 socius,

219 2901 427 2999 Hispaniam
455 2925 662 2998 peragrans,
689 2925 763 2996 qua
788 2899 856 2971 luit
881 2924 1026 2997 semper
1049 2901 1085 2970 in
1112 2925 1172 2972 me
1201 2903 1316 2987 bene-

216 3026 387 3120 volentia,
406 3039 533 3122 rogatu
546 3050 631 3096 meo
648 3025 921 3097 Scoriacensem
934 3026 1196 3097 bibliothecam
1212 3024 1314 3118 adiit,

217 3151 383 3223 codicem
411 3151 561 3244 invenit,
582 3151 752 3247 inspexit,
781 3151 954 3248 misitque
979 3151 1073 3222 mihi
1097 3149 1316 3245 descriptio·
1420 3150 1421 3215 l

189 3255 318 3372 hem,
345 3301 456 3374 quam
475 3276 578 3347 omni
600 3291 704 3373 parte
732 3276 989 3375 comprobarit
1002 3292 1191 3351 accuratus
1217 3277 1316 3348 eius·
1420 3254 1421 3259 Ἰ

226 3498 460 3510 n--a-—n——n—-nn—

318 3645 346 3712 1)
366 3644 393 3694 in
413 3642 554 3694 itinerario
574 3657 623 3710 per
642 3643 813 3710 Hispaniam,
831 3641 939 3709 Lipsiae
959 3641 1036 3693 1777.
1057 3657 1083 3707 p.
1104 3641 1162 3692 182.

315 3765 345 3834 2)
367 3763 490 3832 Catalogi
519 3765 647 3818 librorum
666 3763 739 3819 tiss.
783 3764 890 3831 Lipsiae
916 3763 992 3816 1830.
1023 3753 1067 3829 qui
1100 3769 1188 3814 tamen
1211 3761 1315 3814 fallitur

217 3877 337 3931 indicans
358 3880 477 3931 codicem
501 3879 532 3930 18
549 3879 619 3932 Plut.
639 3879 660 3930 1.
680 3895 745 3931 arm.
763 3883 796 3932 Σ.
819 3892 871 3945 quo
892 3878 1061 3928 continentur
1079 3875 1218 3929 Michaelis
1238 3876 1315 3943 Apo.

218 3990 292 4044 stolii
312 3993 387 4045 varia
404 3995 511 4060 scripta.

313 4116 345 4183 3)
364 4112 537 4165 Bibliotheca
548 4111 714 4167 Coisliniana
732 4111 795 4162 olim
809 4111 982 4178 Segnierana.
1003 4110 1111 4165 Parisiis
1133 4109 1200 4163 1715
1219 4123 1245 4176 p.
1257 4105 1315 4160 tto.
