<?xml version="1.0" encoding="UTF-8"?>
<!DOCTYPE html PUBLIC "-//W3C//DTD XHTML 1.0 Transitional//EN"
    "http://www.w3.org/TR/xhtml1/DTD/xhtml1-transitional.dtd">
<html xmlns="http://www.w3.org/1999/xhtml" xml:lang="en" lang="en">
 <head>
  <title>
</title>
<meta http-equiv="Content-Type" content="text/html;charset=utf-8" />
  <meta name='ocr-system' content='tesseract 3.04.00' />
  <meta name='ocr-capabilities' content='ocr_page ocr_carea ocr_par ocr_line ocrx_word'/>
</head>
<body>
  <div class='ocr_page' id='page_1' title='image "./corpusscriptoru05theogoog/corpusscriptoru05theogoog_0116.png"; bbox 0 0 2875 4734; ppageno 0'>
   <div class='ocr_carea' id='block_1_1' title="bbox 216 218 1026 329">
    <p class='ocr_par' dir='ltr' id='par_1_1' title="bbox 216 218 1026 329">
     <span class='ocr_line' id='line_1_1' title="bbox 216 218 1026 329; baseline 0.004 -3"><span class='ocrx_word' id='word_1_1' title='bbox 216 218 266 326; x_wconf 81' lang='lat' dir='ltr'><strong>to</strong></span> <span class='ocrx_word' id='word_1_2' title='bbox 426 319 430 324; x_wconf 81' lang='grc'>.</span> <span class='ocrx_word' id='word_1_3' title='bbox 498 249 717 329; x_wconf 76' lang='lat' dir='ltr'><strong>mestuus</strong></span> <span class='ocrx_word' id='word_1_4' title='bbox 749 243 1026 329; x_wconf 69' lang='lat' dir='ltr'><strong>amuranus·</strong></span> 
     </span>
    </p>
   </div>
   <div class='ocr_carea' id='block_1_2' title="bbox 119 412 1437 2728">
    <p class='ocr_par' dir='ltr' id='par_1_2' title="bbox 119 412 1437 2728">
     <span class='ocr_line' id='line_1_2' title="bbox 215 412 1317 509; baseline 0.004 -25"><span class='ocrx_word' id='word_1_5' title='bbox 215 416 449 504; x_wconf 79' lang='grc' dir='ltr'><strong><em>οκεδάσθηοαν.</em></strong></span> <span class='ocrx_word' id='word_1_6' title='bbox 501 419 556 487; x_wconf 90' lang='grc' dir='ltr'><strong>καί</strong></span> <span class='ocrx_word' id='word_1_7' title='bbox 581 421 675 488; x_wconf 76' lang='grc' dir='ltr'><strong><em>πάλιν</em></strong></span> <span class='ocrx_word' id='word_1_8' title='bbox 707 415 789 507; x_wconf 79' lang='grc' dir='ltr'><strong><em>ἦσαν</em></strong></span> <span class='ocrx_word' id='word_1_9' title='bbox 809 421 839 488; x_wconf 85' lang='grc' dir='ltr'><strong>οἱ</strong></span> <span class='ocrx_word' id='word_1_10' title='bbox 870 424 1030 509; x_wconf 76' lang='grc' dir='ltr'><strong><em>βάρβαροι</em></strong></span> <span class='ocrx_word' id='word_1_11' title='bbox 1058 412 1317 507; x_wconf 76' lang='grc' dir='ltr'><strong><em>τῆνῬωμαῖκῆν</em></strong></span> 
     </span>
     <span class='ocr_line' id='line_1_3' title="bbox 213 515 1316 608; baseline 0.007 -26"><span class='ocrx_word' id='word_1_12' title='bbox 213 517 325 604; x_wconf 78' lang='grc' dir='ltr'><strong><em>χώραν</em></strong></span> <span class='ocrx_word' id='word_1_13' title='bbox 361 520 464 596; x_wconf 75' lang='grc' dir='ltr'><strong><em>ἀδεῶς</em></strong></span> <span class='ocrx_word' id='word_1_14' title='bbox 494 526 748 605; x_wconf 78' lang='grc' dir='ltr'><strong><em>κατατρέχοντες.</em></strong></span> <span class='ocrx_word' id='word_1_15' title='bbox 811 515 880 588; x_wconf 84' lang='grc' dir='ltr'><strong><em>εἶτα</em></strong></span> <span class='ocrx_word' id='word_1_16' title='bbox 914 526 1062 588; x_wconf 87' lang='grc' dir='ltr'><strong><em>νεολαιάν</em></strong></span> <span class='ocrx_word' id='word_1_17' title='bbox 1092 523 1173 588; x_wconf 69' lang='grc' dir='ltr'><strong><em>τινα</em></strong></span> <span class='ocrx_word' id='word_1_18' title='bbox 1191 531 1316 608; x_wconf 75' lang='grc' dir='ltr'><strong><em>μικροῖς</em></strong></span> 
     </span>
     <span class='ocr_line' id='line_1_4' title="bbox 205 617 1317 709; baseline 0.006 -28"><span class='ocrx_word' id='word_1_19' title='bbox 205 617 418 701; x_wconf 53' lang='grc' dir='ltr'><strong><em>,ἀναλώμασιν</em></strong></span> <span class='ocrx_word' id='word_1_20' title='bbox 446 622 653 706; x_wconf 84' lang='grc' dir='ltr'><strong><em>ἀθροίσαντες</em></strong></span> <span class='ocrx_word' id='word_1_21' title='bbox 684 620 713 687; x_wconf 85' lang='grc' dir='ltr'><strong>οἱ</strong></span> <span class='ocrx_word' id='word_1_22' title='bbox 741 622 911 708; x_wconf 80' lang='grc' dir='ltr'><strong><em>περί.του“ς</em></strong></span> <span class='ocrx_word' id='word_1_23' title='bbox 944 628 1086 705; x_wconf 79' lang='grc' dir='ltr'><strong>βασιλεῖς</strong></span> <span class='ocrx_word' id='word_1_24' title='bbox 1111 621 1242 699; x_wconf 76' lang='grc' dir='ltr'><em>τούτους</em></span> <span class='ocrx_word' id='word_1_25' title='bbox 1261 621 1317 709; x_wconf 76' lang='lat' dir='ltr'><strong>iy-</strong></span> 
     </span>
     <span class='ocr_line' id='line_1_5' title="bbox 149 720 1315 811; baseline 0.006 -29"><span class='ocrx_word' id='word_1_26' title='bbox 149 759 150 764; x_wconf 42' lang='lat'>1</span> <span class='ocrx_word' id='word_1_27' title='bbox 211 721 391 801; x_wconf 73' lang='grc' dir='ltr'><strong><em>χειρίζουσι</em></strong></span> <span class='ocrx_word' id='word_1_28' title='bbox 412 721 456 809; x_wconf 77' lang='grc' dir='ltr'><strong><em>τῷ</em></strong></span> <span class='ocrx_word' id='word_1_29' title='bbox 476 724 511 786; x_wconf 81' lang='grc' dir='ltr'><strong>ἐν</strong></span> <span class='ocrx_word' id='word_1_30' title='bbox 531 722 708 811; x_wconf 75' lang='grc' dir='ltr'><strong><em>Ἀντιοχείᾳ</em></strong></span> <span class='ocrx_word' id='word_1_31' title='bbox 731 720 963 806; x_wconf 69' lang='grc' dir='ltr'><strong><em>ἡγεμονεύοντι·</em></strong></span> <span class='ocrx_word' id='word_1_32' title='bbox 1014 723 1048 789; x_wconf 75' lang='grc' dir='ltr'><strong>οδ</strong></span> <span class='ocrx_word' id='word_1_33' title='bbox 1066 727 1184 810; x_wconf 74' lang='grc' dir='ltr'><strong><em>δρᾶσαι</em></strong></span> <span class='ocrx_word' id='word_1_34' title='bbox 1205 727 1265 806; x_wconf 80' lang='grc' dir='ltr'><strong>μέν</strong></span> <span class='ocrx_word' id='word_1_35' title='bbox 1285 750 1315 790; x_wconf 92' lang='grc' dir='ltr'><strong><em>τι</em></strong></span> 
     </span>
     <span class='ocr_line' id='line_1_6' title="bbox 212 813 1342 909; baseline 0.009 -26"><span class='ocrx_word' id='word_1_36' title='bbox 212 816 255 902; x_wconf 69' lang='grc' dir='ltr'><strong>μὴ</strong></span> <span class='ocrx_word' id='word_1_37' title='bbox 279 821 464 906; x_wconf 74' lang='grc' dir='ltr'><strong><em>δυνηθέντες</em></strong></span> <span class='ocrx_word' id='word_1_38' title='bbox 482 831 632 909; x_wconf 80' lang='grc' dir='ltr'><strong><em>γενναῖον,</em></strong></span> <span class='ocrx_word' id='word_1_39' title='bbox 656 822 993 909; x_wconf 82' lang='grc' dir='ltr'><strong><em>ἀπειροπόλεμοίτινες</em></strong></span> <span class='ocrx_word' id='word_1_40' title='bbox 1014 825 1068 890; x_wconf 90' lang='grc' dir='ltr'><strong>καί</strong></span> <span class='ocrx_word' id='word_1_41' title='bbox 1087 813 1238 891; x_wconf 77' lang='grc' dir='ltr'><strong><em>δίσιπποι</em></strong></span> <span class='ocrx_word' id='word_1_42' title='bbox 1260 829 1342 892; x_wconf 85' lang='grc' dir='ltr'><strong><em>καί5</em></strong></span> 
     </span>
     <span class='ocr_line' id='line_1_7' title="bbox 213 913 1316 1011; baseline 0.006 -26"><span class='ocrx_word' id='word_1_43' title='bbox 213 913 344 986; x_wconf 71' lang='grc' dir='ltr'><strong><em>ἄνοπλοι</em></strong></span> <span class='ocrx_word' id='word_1_44' title='bbox 365 919 481 1006; x_wconf 76' lang='grc' dir='ltr'><strong><em>σχεδὸν</em></strong></span> <span class='ocrx_word' id='word_1_45' title='bbox 503 926 709 1011; x_wconf 75' lang='grc' dir='ltr'><strong><em>καθεστῶτες,</em></strong></span> <span class='ocrx_word' id='word_1_46' title='bbox 730 922 829 989; x_wconf 79' lang='grc' dir='ltr'><strong><em>πολλὰ</em></strong></span> <span class='ocrx_word' id='word_1_47' title='bbox 853 927 889 990; x_wconf 79' lang='grc' dir='ltr'><strong>δὲ</strong></span> <span class='ocrx_word' id='word_1_48' title='bbox 912 928 1070 1003; x_wconf 79' lang='grc' dir='ltr'><strong><em>παθόντες</em></strong></span> <span class='ocrx_word' id='word_1_49' title='bbox 1091 923 1247 1010; x_wconf 71' lang='grc' dir='ltr'><strong><em>ἀνήκεστα</em></strong></span> <span class='ocrx_word' id='word_1_50' title='bbox 1269 928 1316 1002; x_wconf 80' lang='grc' dir='ltr'><strong>εἰς</strong></span> 
     </span>
     <span class='ocr_line' id='line_1_8' title="bbox 213 1020 1316 1113; baseline 0.006 -27"><span class='ocrx_word' id='word_1_51' title='bbox 213 1020 271 1106; x_wconf 73' lang='grc' dir='ltr'><strong>τήν</strong></span> <span class='ocrx_word' id='word_1_52' title='bbox 291 1025 384 1110; x_wconf 74' lang='grc' dir='ltr'><strong><em>σφῶν</em></strong></span> <span class='ocrx_word' id='word_1_53' title='bbox 406 1024 565 1099; x_wconf 75' lang='grc' dir='ltr'><strong><em>δυσκλεῶς</em></strong></span> <span class='ocrx_word' id='word_1_54' title='bbox 589 1025 796 1110; x_wconf 75' lang='grc' dir='ltr'><strong><em>ἀπέστρεψαν</em></strong></span> <span class='ocrx_word' id='word_1_55' title='bbox 818 1027 893 1113; x_wconf 79' lang='grc' dir='ltr'><strong><em>γῆν,</em></strong></span> <span class='ocrx_word' id='word_1_56' title='bbox 914 1029 970 1092; x_wconf 79' lang='grc' dir='ltr'><strong><em>τοῦ</em></strong></span> <span class='ocrx_word' id='word_1_57' title='bbox 992 1024 1230 1112; x_wconf 77' lang='grc' dir='ltr'><strong><em>παραλαβόντος</em></strong></span> <span class='ocrx_word' id='word_1_58' title='bbox 1250 1029 1316 1093; x_wconf 80' lang='grc' dir='ltr'><strong><em>ου’-</em></strong></span> 
     </span>
     <span class='ocr_line' id='line_1_9' title="bbox 214 1117 1314 1215; baseline 0.003 -25"><span class='ocrx_word' id='word_1_59' title='bbox 214 1122 287 1200; x_wconf 82' lang='grc' dir='ltr'><strong>τοάς</strong></span> <span class='ocrx_word' id='word_1_60' title='bbox 319 1122 432 1201; x_wconf 88' lang='grc' dir='ltr'><strong><em>δουκὸς</em></strong></span> <span class='ocrx_word' id='word_1_61' title='bbox 466 1117 521 1212; x_wconf 76' lang='grc' dir='ltr'><strong>(ἦν</strong></span> <span class='ocrx_word' id='word_1_62' title='bbox 542 1127 578 1190; x_wconf 79' lang='grc' dir='ltr'><strong>δὲ</strong></span> <span class='ocrx_word' id='word_1_63' title='bbox 609 1124 819 1214; x_wconf 79' lang='grc' dir='ltr'><strong><em>ὅμιίγιστρος</em></strong></span> <span class='ocrx_word' id='word_1_64' title='bbox 839 1127 1023 1215; x_wconf 85' lang='grc' dir='ltr'><strong><em>Νικηφόρος</em></strong></span> <span class='ocrx_word' id='word_1_65' title='bbox 1046 1129 1065 1192; x_wconf 81' lang='grc' dir='ltr'><strong><em>δ</em></strong></span> <span class='ocrx_word' id='word_1_66' title='bbox 1085 1126 1314 1215; x_wconf 79' lang='grc' dir='ltr'><strong><em>Βοτανειάτης)</em></strong></span> 
     </span>
     <span class='ocr_line' id='line_1_10' title="bbox 213 1221 1316 1314; baseline 0.004 -24"><span class='ocrx_word' id='word_1_67' title='bbox 213 1221 293 1309; x_wconf 86' lang='grc' dir='ltr'><strong><em>μετά</em></strong></span> <span class='ocrx_word' id='word_1_68' title='bbox 322 1226 385 1289; x_wconf 68' lang='grc' dir='ltr'><strong><em>τοῖν</em></strong></span> <span class='ocrx_word' id='word_1_69' title='bbox 417 1223 598 1312; x_wconf 73' lang='grc' dir='ltr'><strong><em>ἐπιχωρίων</em></strong></span> <span class='ocrx_word' id='word_1_70' title='bbox 632 1231 688 1292; x_wconf 83' lang='grc' dir='ltr'><strong>καί</strong></span> <span class='ocrx_word' id='word_1_71' title='bbox 716 1231 781 1293; x_wconf 78' lang='grc' dir='ltr'><strong>τῶν</strong></span> <span class='ocrx_word' id='word_1_72' title='bbox 809 1230 901 1296; x_wconf 70' lang='lat' dir='ltr'><strong>totos</strong></span> <span class='ocrx_word' id='word_1_73' title='bbox 927 1229 1136 1295; x_wconf 70' lang='grc' dir='ltr'><strong><em>ὑπασπιστῶν</em></strong></span> <span class='ocrx_word' id='word_1_74' title='bbox 1166 1228 1224 1314; x_wconf 77' lang='grc' dir='ltr'><strong>τὴν</strong></span> <span class='ocrx_word' id='word_1_75' title='bbox 1254 1230 1316 1295; x_wconf 76' lang='grc' dir='ltr'><strong>τῶν</strong></span> 
     </span>
     <span class='ocr_line' id='line_1_11' title="bbox 214 1322 1359 1417; baseline 0.004 -27"><span class='ocrx_word' id='word_1_76' title='bbox 214 1322 388 1411; x_wconf 76' lang='grc' dir='ltr'><strong><em>βαρβάρων</em></strong></span> <span class='ocrx_word' id='word_1_77' title='bbox 412 1327 452 1391; x_wconf 88' lang='grc' dir='ltr'><strong>δι’</strong></span> <span class='ocrx_word' id='word_1_78' title='bbox 474 1328 592 1404; x_wconf 82' lang='grc' dir='ltr'><strong><em>οἰκείας</em></strong></span> <span class='ocrx_word' id='word_1_79' title='bbox 616 1331 733 1413; x_wconf 79' lang='grc' dir='ltr'><strong><em>ἀρετῆς</em></strong></span> <span class='ocrx_word' id='word_1_80' title='bbox 756 1333 812 1395; x_wconf 89' lang='grc' dir='ltr'><strong>καί</strong></span> <span class='ocrx_word' id='word_1_81' title='bbox 825 1328 1043 1415; x_wconf 76' lang='grc' dir='ltr'><strong><em>γενναιότητος</em></strong></span> <span class='ocrx_word' id='word_1_82' title='bbox 1064 1328 1119 1395; x_wconf 85' lang='grc' dir='ltr'><strong>καί</strong></span> <span class='ocrx_word' id='word_1_83' title='bbox 1131 1329 1315 1417; x_wconf 78' lang='grc' dir='ltr'><strong><em>φρονήσεως</em></strong></span> <span class='ocrx_word' id='word_1_84' title='bbox 1327 1351 1359 1406; x_wconf 85' lang='lat'><strong>10</strong></span> 
     </span>
     <span class='ocr_line' id='line_1_12' title="bbox 216 1425 1317 1515; baseline 0.005 -25"><span class='ocrx_word' id='word_1_85' title='bbox 216 1425 447 1510; x_wconf 76' lang='grc' dir='ltr'><strong><em>ἀνατρέποντος</em></strong></span> <span class='ocrx_word' id='word_1_86' title='bbox 478 1430 533 1494; x_wconf 83' lang='grc' dir='ltr'><strong>καί</strong></span> <span class='ocrx_word' id='word_1_87' title='bbox 560 1430 814 1511; x_wconf 78' lang='grc' dir='ltr'><strong><em>καταβάλλοντος</em></strong></span> <span class='ocrx_word' id='word_1_88' title='bbox 848 1427 977 1515; x_wconf 77' lang='grc' dir='ltr'><strong><em>ἔφοδον.</em></strong></span> <span class='ocrx_word' id='word_1_89' title='bbox 1029 1431 1241 1500; x_wconf 77' lang='grc' dir='ltr'><strong><em>κάκείνουδὲ</em></strong></span> <span class='ocrx_word' id='word_1_90' title='bbox 1261 1431 1317 1514; x_wconf 80' lang='grc' dir='ltr'><strong>τῆς</strong></span> 
     </span>
     <span class='ocr_line' id='line_1_13' title="bbox 216 1526 1318 1614; baseline 0.001 -23"><span class='ocrx_word' id='word_1_91' title='bbox 216 1528 319 1612; x_wconf 77' lang='grc' dir='ltr'><strong><em>ἀρχῆς</em></strong></span> <span class='ocrx_word' id='word_1_92' title='bbox 341 1531 598 1612; x_wconf 71' lang='grc' dir='ltr'><strong><em>παραλυθέντος,</em></strong></span> <span class='ocrx_word' id='word_1_93' title='bbox 631 1526 735 1596; x_wconf 77' lang='grc' dir='ltr'><strong><em>ἔκτοτε</em></strong></span> <span class='ocrx_word' id='word_1_94' title='bbox 762 1527 801 1597; x_wconf 79' lang='grc' dir='ltr'><strong><em>τὰ</em></strong></span> <span class='ocrx_word' id='word_1_95' title='bbox 834 1531 1088 1614; x_wconf 76' lang='grc' dir='ltr'><strong><em>τῶνβαρβάρων</em></strong></span> <span class='ocrx_word' id='word_1_96' title='bbox 1122 1530 1318 1614; x_wconf 74' lang='grc' dir='ltr'><strong><em>ἐθρασύνετο</em></strong></span> 
     </span>
     <span class='ocr_line' id='line_1_14' title="bbox 216 1627 1319 1716; baseline 0.003 -25"><span class='ocrx_word' id='word_1_97' title='bbox 216 1629 311 1692; x_wconf 81' lang='grc' dir='ltr'><strong><em>πλέον</em></strong></span> <span class='ocrx_word' id='word_1_98' title='bbox 330 1630 386 1692; x_wconf 85' lang='grc' dir='ltr'><strong>καί</strong></span> <span class='ocrx_word' id='word_1_99' title='bbox 404 1630 450 1704; x_wconf 81' lang='grc' dir='ltr'><strong>τίς</strong></span> <span class='ocrx_word' id='word_1_100' title='bbox 471 1627 581 1694; x_wconf 85' lang='grc' dir='ltr'><strong><em>στενὸν</em></strong></span> <span class='ocrx_word' id='word_1_101' title='bbox 600 1631 716 1716; x_wconf 77' lang='grc' dir='ltr'><strong><em>κομιδῇ</em></strong></span> <span class='ocrx_word' id='word_1_102' title='bbox 747 1627 786 1695; x_wconf 86' lang='grc' dir='ltr'><strong><em>τά</em></strong></span> <span class='ocrx_word' id='word_1_103' title='bbox 808 1634 872 1707; x_wconf 72' lang='grc' dir='ltr'><strong><em>ταῖν</em></strong></span> <span class='ocrx_word' id='word_1_104' title='bbox 892 1631 1014 1696; x_wconf 85' lang='grc' dir='ltr'><strong><em>πόλεων</em></strong></span> <span class='ocrx_word' id='word_1_105' title='bbox 1048 1630 1239 1715; x_wconf 84' lang='grc' dir='ltr'><strong><em>περιίστατο,</em></strong></span> <span class='ocrx_word' id='word_1_106' title='bbox 1265 1655 1319 1696; x_wconf 86' lang='grc' dir='ltr'><strong>σι-</strong></span> 
     </span>
     <span class='ocr_line' id='line_1_15' title="bbox 217 1725 1297 1818; baseline 0.003 -25"><span class='ocrx_word' id='word_1_107' title='bbox 217 1726 341 1804; x_wconf 84' lang='grc' dir='ltr'><strong><em>τοδείας</em></strong></span> <span class='ocrx_word' id='word_1_108' title='bbox 365 1727 534 1814; x_wconf 82' lang='grc' dir='ltr'><strong><em>πιεζούσης</em></strong></span> <span class='ocrx_word' id='word_1_109' title='bbox 554 1729 652 1806; x_wconf 85' lang='grc' dir='ltr'><strong>αάτάς</strong></span> <span class='ocrx_word' id='word_1_110' title='bbox 674 1735 729 1795; x_wconf 87' lang='grc' dir='ltr'><strong>καί</strong></span> <span class='ocrx_word' id='word_1_111' title='bbox 747 1734 807 1796; x_wconf 68' lang='grc' dir='ltr'><strong><em>τοῖν</em></strong></span> <span class='ocrx_word' id='word_1_112' title='bbox 828 1725 932 1797; x_wconf 74' lang='grc' dir='ltr'><strong><em>ἄλλων</em></strong></span> <span class='ocrx_word' id='word_1_113' title='bbox 952 1735 1142 1818; x_wconf 76' lang='grc' dir='ltr'><strong><em>ἐπιτηδείων</em></strong></span> <span class='ocrx_word' id='word_1_114' title='bbox 1163 1735 1297 1808; x_wconf 79' lang='grc' dir='ltr'><strong><em>ἐνδείας.</em></strong></span> 
     </span>
     <span class='ocr_line' id='line_1_16' title="bbox 277 1827 1362 1916; baseline 0.005 -20"><span class='ocrx_word' id='word_1_115' title='bbox 277 1829 363 1896; x_wconf 81' lang='grc' dir='ltr'><strong>Ἀλλ’</strong></span> <span class='ocrx_word' id='word_1_116' title='bbox 378 1828 507 1914; x_wconf 75' lang='grc' dir='ltr'><strong><em>ἐπείπερ</em></strong></span> <span class='ocrx_word' id='word_1_117' title='bbox 524 1827 588 1897; x_wconf 81' lang='grc' dir='ltr'><strong><em>ἔδει</em></strong></span> <span class='ocrx_word' id='word_1_118' title='bbox 605 1835 764 1913; x_wconf 79' lang='grc' dir='ltr'><strong><em>βασιλέως</em></strong></span> <span class='ocrx_word' id='word_1_119' title='bbox 777 1835 966 1899; x_wconf 83' lang='grc' dir='ltr'><strong><em>εἰιιστασίαν</em></strong></span> <span class='ocrx_word' id='word_1_120' title='bbox 976 1836 1127 1916; x_wconf 73' lang='grc' dir='ltr'><strong><em>γενέσθαι</em></strong></span> <span class='ocrx_word' id='word_1_121' title='bbox 1143 1836 1320 1916; x_wconf 78' lang='grc' dir='ltr'><strong><em>δυναμένου</em></strong></span> <span class='ocrx_word' id='word_1_122' title='bbox 1330 1831 1362 1902; x_wconf 65' lang='lat' dir='ltr'><strong>15v</strong></span> 
     </span>
     <span class='ocr_line' id='line_1_17' title="bbox 218 1929 1321 2018; baseline 0.002 -22"><span class='ocrx_word' id='word_1_123' title='bbox 218 1933 252 1996; x_wconf 78' lang='grc' dir='ltr'><strong>ἐν</strong></span> <span class='ocrx_word' id='word_1_124' title='bbox 273 1929 429 2008; x_wconf 73' lang='grc' dir='ltr'><strong><em>τοιούτοις</em></strong></span> <span class='ocrx_word' id='word_1_125' title='bbox 450 1942 573 2016; x_wconf 84' lang='grc' dir='ltr'><strong><em>καιροῖς</em></strong></span> <span class='ocrx_word' id='word_1_126' title='bbox 598 1930 755 2016; x_wconf 76' lang='grc' dir='ltr'><strong><em>διεξάγειν</em></strong></span> <span class='ocrx_word' id='word_1_127' title='bbox 775 1930 813 1998; x_wconf 80' lang='grc' dir='ltr'><strong><em>τοὶ</em></strong></span> <span class='ocrx_word' id='word_1_128' title='bbox 833 1932 1005 2018; x_wconf 87' lang='grc' dir='ltr'><strong><em>πράγματα</em></strong></span> <span class='ocrx_word' id='word_1_129' title='bbox 1025 1935 1082 1998; x_wconf 87' lang='grc' dir='ltr'><strong>καί</strong></span> <span class='ocrx_word' id='word_1_130' title='bbox 1103 1934 1321 2016; x_wconf 82' lang='grc' dir='ltr'><strong><em>ἀντεπεξάγειν</em></strong></span> 
     </span>
     <span class='ocr_line' id='line_1_18' title="bbox 171 2029 1320 2120; baseline -0.001 -22"><span class='ocrx_word' id='word_1_131' title='bbox 171 2081 176 2090; x_wconf 75' lang='lat'><strong>,</strong></span> <span class='ocrx_word' id='word_1_132' title='bbox 217 2029 335 2098; x_wconf 79' lang='grc' dir='ltr'><strong><em>ἑαυτὸν</em></strong></span> <span class='ocrx_word' id='word_1_133' title='bbox 346 2039 411 2109; x_wconf 81' lang='grc' dir='ltr'><strong><em>τοῖς</em></strong></span> <span class='ocrx_word' id='word_1_134' title='bbox 423 2034 578 2109; x_wconf 78' lang='grc' dir='ltr'><strong><em>ἐναντίοις</em></strong></span> <span class='ocrx_word' id='word_1_135' title='bbox 587 2029 666 2114; x_wconf 86' lang='grc' dir='ltr'><strong><em>μετά</em></strong></span> <span class='ocrx_word' id='word_1_136' title='bbox 678 2038 835 2119; x_wconf 83' lang='grc' dir='ltr'><strong><em>καρτεροῦ</em></strong></span> <span class='ocrx_word' id='word_1_137' title='bbox 845 2036 903 2107; x_wconf 75' lang='grc' dir='ltr'><strong><em>τοῦ</em></strong></span> <span class='ocrx_word' id='word_1_138' title='bbox 911 2029 1134 2118; x_wconf 77' lang='grc' dir='ltr'><strong><em>συντάγματος,</em></strong></span> <span class='ocrx_word' id='word_1_139' title='bbox 1145 2035 1320 2120; x_wconf 61' lang='lat' dir='ltr'><strong>suppetere</strong></span> 
     </span>
     <span class='ocr_line' id='line_1_19' title="bbox 218 2127 1320 2221; baseline 0 -24"><span class='ocrx_word' id='word_1_140' title='bbox 218 2137 277 2216; x_wconf 79' lang='grc' dir='ltr'><strong>μὲν</strong></span> <span class='ocrx_word' id='word_1_141' title='bbox 289 2132 536 2218; x_wconf 80' lang='grc' dir='ltr'><strong><em>ἀξιολογώτατος</em></strong></span> <span class='ocrx_word' id='word_1_142' title='bbox 546 2133 563 2197; x_wconf 82' lang='grc' dir='ltr'><strong><em>δ</em></strong></span> <span class='ocrx_word' id='word_1_143' title='bbox 573 2132 685 2220; x_wconf 79' lang='grc' dir='ltr'><strong><em>ῥηθείς</em></strong></span> <span class='ocrx_word' id='word_1_144' title='bbox 693 2132 906 2220; x_wconf 80' lang='grc' dir='ltr'><strong><em>Βοτανειάτης</em></strong></span> <span class='ocrx_word' id='word_1_145' title='bbox 917 2129 961 2210; x_wconf 78' lang='grc' dir='ltr'><strong>ἀς</strong></span> <span class='ocrx_word' id='word_1_146' title='bbox 970 2136 1133 2221; x_wconf 76' lang='grc' dir='ltr'><strong><em>διαφέρων</em></strong></span> <span class='ocrx_word' id='word_1_147' title='bbox 1142 2134 1205 2201; x_wconf 72' lang='grc' dir='ltr'><strong><em>τοῖν</em></strong></span> <span class='ocrx_word' id='word_1_148' title='bbox 1216 2127 1320 2201; x_wconf 75' lang='grc' dir='ltr'><strong><em>ἄλλων</em></strong></span> 
     </span>
     <span class='ocr_line' id='line_1_20' title="bbox 220 2229 1320 2323; baseline 0.002 -25"><span class='ocrx_word' id='word_1_149' title='bbox 220 2229 295 2300; x_wconf 77' lang='grc' dir='ltr'><strong><em>ὅσον</em></strong></span> <span class='ocrx_word' id='word_1_150' title='bbox 317 2233 462 2318; x_wconf 76' lang='grc' dir='ltr'><strong><em>ἀστέρων</em></strong></span> <span class='ocrx_word' id='word_1_151' title='bbox 484 2229 587 2319; x_wconf 76' lang='grc' dir='ltr'><strong><em>ἥλιος,</em></strong></span> <span class='ocrx_word' id='word_1_152' title='bbox 612 2235 627 2300; x_wconf 83' lang='lat' dir='ltr'><strong>d</strong></span> <span class='ocrx_word' id='word_1_153' title='bbox 655 2239 691 2302; x_wconf 76' lang='grc' dir='ltr'><strong>δὲ</strong></span> <span class='ocrx_word' id='word_1_154' title='bbox 707 2236 829 2323; x_wconf 83' lang='grc' dir='ltr'><strong><em>φθόνος</em></strong></span> <span class='ocrx_word' id='word_1_155' title='bbox 850 2238 906 2301; x_wconf 90' lang='grc' dir='ltr'><strong>καί</strong></span> <span class='ocrx_word' id='word_1_156' title='bbox 923 2236 941 2320; x_wconf 82' lang='grc' dir='ltr'><em>ἦ</em></span> <span class='ocrx_word' id='word_1_157' title='bbox 958 2229 1066 2314; x_wconf 72' lang='grc' dir='ltr'><strong><em>ἄδικος</em></strong></span> <span class='ocrx_word' id='word_1_158' title='bbox 1080 2237 1183 2322; x_wconf 85' lang='grc' dir='ltr'><strong><em>κρίσις</em></strong></span> <span class='ocrx_word' id='word_1_159' title='bbox 1206 2233 1320 2318; x_wconf 79' lang='grc' dir='ltr'><strong><em>ἀνεβά·</em></strong></span> 
     </span>
     <span class='ocr_line' id='line_1_21' title="bbox 119 2326 1437 2423; baseline -0.002 -21"><span class='ocrx_word' id='word_1_160' title='bbox 119 2409 124 2414; x_wconf 45' lang='grc'>,</span> <span class='ocrx_word' id='word_1_161' title='bbox 218 2342 286 2402; x_wconf 87' lang='grc' dir='ltr'><strong><em>λετο</em></strong></span> <span class='ocrx_word' id='word_1_162' title='bbox 298 2338 357 2419; x_wconf 82' lang='grc' dir='ltr'><strong>μὲν</strong></span> <span class='ocrx_word' id='word_1_163' title='bbox 369 2340 442 2402; x_wconf 86' lang='grc' dir='ltr'><strong><em>τότε</em></strong></span> <span class='ocrx_word' id='word_1_164' title='bbox 460 2332 494 2401; x_wconf 87' lang='grc' dir='ltr'><strong><em>τδ</em></strong></span> <span class='ocrx_word' id='word_1_165' title='bbox 513 2337 592 2418; x_wconf 85' lang='grc' dir='ltr'><strong><em>δίον,</em></strong></span> <span class='ocrx_word' id='word_1_166' title='bbox 605 2338 712 2423; x_wconf 74' lang='grc' dir='ltr'><strong><em>ἕτερον</em></strong></span> <span class='ocrx_word' id='word_1_167' title='bbox 724 2340 760 2403; x_wconf 78' lang='grc' dir='ltr'><strong>δὲ</strong></span> <span class='ocrx_word' id='word_1_168' title='bbox 770 2340 924 2422; x_wconf 83' lang='grc' dir='ltr'><strong><em>συγγενέα</em></strong></span> <span class='ocrx_word' id='word_1_169' title='bbox 946 2333 1058 2401; x_wconf 75' lang='grc' dir='ltr'><strong><em>τούτου</em></strong></span> <span class='ocrx_word' id='word_1_170' title='bbox 1080 2334 1364 2422; x_wconf 69' lang='grc' dir='ltr'><strong><em>ἀντεψηφίσατονι)</em></strong></span> <span class='ocrx_word' id='word_1_171' title='bbox 1436 2326 1437 2329; x_wconf 29' lang='grc'><strong>“</strong></span> 
     </span>
     <span class='ocr_line' id='line_1_22' title="bbox 218 2429 1318 2524; baseline 0 -22"><span class='ocrx_word' id='word_1_172' title='bbox 218 2439 260 2502; x_wconf 87' lang='grc' dir='ltr'><strong>δι’</strong></span> <span class='ocrx_word' id='word_1_173' title='bbox 284 2439 389 2514; x_wconf 85' lang='grc' dir='ltr'><strong><em>αἰτίας</em></strong></span> <span class='ocrx_word' id='word_1_174' title='bbox 413 2437 490 2513; x_wconf 86' lang='grc' dir='ltr'><strong><em>ἴσως</em></strong></span> <span class='ocrx_word' id='word_1_175' title='bbox 510 2437 707 2522; x_wconf 75' lang='grc' dir='ltr'><strong><em>ἀπορρήτους</em></strong></span> <span class='ocrx_word' id='word_1_176' title='bbox 722 2436 916 2524; x_wconf 77' lang='grc' dir='ltr'><strong><em>ἀνθρώποις,</em></strong></span> <span class='ocrx_word' id='word_1_177' title='bbox 938 2429 990 2503; x_wconf 82' lang='grc' dir='ltr'><strong>οἶα</strong></span> <span class='ocrx_word' id='word_1_178' title='bbox 1011 2436 1050 2505; x_wconf 87' lang='grc' dir='ltr'><strong><em>τά</em></strong></span> <span class='ocrx_word' id='word_1_179' title='bbox 1072 2440 1128 2504; x_wconf 79' lang='grc' dir='ltr'><strong><em>τοῦ</em></strong></span> <span class='ocrx_word' id='word_1_180' title='bbox 1146 2440 1226 2504; x_wconf 82' lang='grc' dir='ltr'><strong><em>θεοῦ</em></strong></span> <span class='ocrx_word' id='word_1_181' title='bbox 1247 2442 1318 2522; x_wconf 88' lang='grc' dir='ltr'><strong><em>κρί-</em></strong></span> 
     </span>
     <span class='ocr_line' id='line_1_23' title="bbox 218 2526 1319 2627; baseline 0 -24"><span class='ocrx_word' id='word_1_182' title='bbox 218 2563 317 2620; x_wconf 87' lang='grc' dir='ltr'><strong><em>ματα.</em></strong></span> <span class='ocrx_word' id='word_1_183' title='bbox 368 2533 471 2604; x_wconf 70' lang='lat' dir='ltr'><strong>ttius</strong></span> <span class='ocrx_word' id='word_1_184' title='bbox 497 2541 557 2620; x_wconf 78' lang='grc' dir='ltr'><strong>μὲν</strong></span> <span class='ocrx_word' id='word_1_185' title='bbox 579 2536 640 2623; x_wconf 90' lang='grc' dir='ltr'><strong>γάρ</strong></span> <span class='ocrx_word' id='word_1_186' title='bbox 671 2539 853 2626; x_wconf 77' lang='grc' dir='ltr'><strong><em>ἦτοσαύτη</em></strong></span> <span class='ocrx_word' id='word_1_187' title='bbox 882 2526 945 2605; x_wconf 80' lang='grc' dir='ltr'><strong>των</strong></span> <span class='ocrx_word' id='word_1_188' title='bbox 978 2544 1081 2606; x_wconf 88' lang='grc' dir='ltr'><strong><em>εθνων</em></strong></span> <span class='ocrx_word' id='word_1_189' title='bbox 1110 2563 1244 2627; x_wconf 86' lang='grc' dir='ltr'><strong><em>επαροις</em></strong></span> <span class='ocrx_word' id='word_1_190' title='bbox 1265 2535 1319 2604; x_wconf 86' lang='grc' dir='ltr'><strong>καί</strong></span> 
     </span>
     <span class='ocr_line' id='line_1_24' title="bbox 219 2635 1318 2728; baseline 0.003 -25"><span class='ocrx_word' id='word_1_191' title='bbox 219 2637 382 2725; x_wconf 61' lang='lat' dir='ltr'><strong>seramus)</strong></span> <span class='ocrx_word' id='word_1_192' title='bbox 405 2643 469 2707; x_wconf 77' lang='lat' dir='ltr'><strong>tris</strong></span> <span class='ocrx_word' id='word_1_193' title='bbox 489 2636 552 2704; x_wconf 76' lang='grc' dir='ltr'><strong>ἀπὸ</strong></span> <span class='ocrx_word' id='word_1_194' title='bbox 569 2639 736 2724; x_wconf 83' lang='grc' dir='ltr'><strong><em>Ῥωμαίων</em></strong></span> <span class='ocrx_word' id='word_1_195' title='bbox 753 2642 929 2709; x_wconf 76' lang='grc' dir='ltr'><strong><em>τελούντων</em></strong></span> <span class='ocrx_word' id='word_1_196' title='bbox 946 2635 1024 2728; x_wconf 67' lang='grc' dir='ltr'><strong><em>ὄργι’]</em></strong></span> <span class='ocrx_word' id='word_1_197' title='bbox 1044 2637 1122 2708; x_wconf 78' lang='lat' dir='ltr'><strong>nord</strong></span> <span class='ocrx_word' id='word_1_198' title='bbox 1142 2643 1205 2707; x_wconf 76' lang='lat' dir='ltr'><strong>coir</strong></span> <span class='ocrx_word' id='word_1_199' title='bbox 1226 2637 1318 2727; x_wconf 76' lang='grc' dir='ltr'><strong><em>αἱρε-</em></strong></span> 
     </span>
    </p>
   </div>
   <div class='ocr_carea' id='block_1_3' title="bbox 289 2817 525 2893">
    <p class='ocr_par' dir='ltr' id='par_1_3' title="bbox 289 2817 525 2893">
     <span class='ocr_line' id='line_1_25' title="bbox 289 2817 525 2893; baseline -0.008 -19"><span class='ocrx_word' id='word_1_200' title='bbox 289 2819 333 2874; x_wconf 77' lang='lat'><strong>23.</strong></span> <span class='ocrx_word' id='word_1_201' title='bbox 349 2817 525 2893; x_wconf 74' lang='grc' dir='ltr'><strong><em>Ῥωμαίουςλ</em></strong></span> 
     </span>
    </p>
   </div>
   <div class='ocr_carea' id='block_1_4' title="bbox 217 2971 1318 4260">
    <p class='ocr_par' dir='ltr' id='par_1_4' title="bbox 217 2971 1318 3760">
     <span class='ocr_line' id='line_1_26' title="bbox 219 2971 1316 3046; baseline -0.001 -16"><span class='ocrx_word' id='word_1_202' title='bbox 219 2971 271 3030; x_wconf 87' lang='lat' dir='ltr'><strong>boc</strong></span> <span class='ocrx_word' id='word_1_203' title='bbox 291 2981 318 3030; x_wconf 84' lang='lat' dir='ltr'><strong>et</strong></span> <span class='ocrx_word' id='word_1_204' title='bbox 334 2992 467 3031; x_wconf 87' lang='lat' dir='ltr'><strong>rumorem</strong></span> <span class='ocrx_word' id='word_1_205' title='bbox 494 2979 642 3033; x_wconf 75' lang='lat' dir='ltr'><strong>excitantes</strong></span> <span class='ocrx_word' id='word_1_206' title='bbox 667 2980 798 3031; x_wconf 88' lang='lat' dir='ltr'><strong>incertum</strong></span> <span class='ocrx_word' id='word_1_207' title='bbox 825 2976 858 3030; x_wconf 84' lang='lat' dir='ltr'><strong>ad</strong></span> <span class='ocrx_word' id='word_1_208' title='bbox 883 2993 931 3032; x_wconf 87' lang='lat' dir='ltr'><strong>sua</strong></span> <span class='ocrx_word' id='word_1_209' title='bbox 956 2978 1070 3046; x_wconf 85' lang='lat' dir='ltr'><strong>dispersi</strong></span> <span class='ocrx_word' id='word_1_210' title='bbox 1089 2984 1160 3042; x_wconf 90' lang='lat' dir='ltr'><strong>aunt,</strong></span> <span class='ocrx_word' id='word_1_211' title='bbox 1181 2983 1208 3028; x_wconf 88' lang='lat' dir='ltr'><strong>et</strong></span> <span class='ocrx_word' id='word_1_212' title='bbox 1224 2989 1316 3029; x_wconf 88' lang='lat' dir='ltr'><strong>rursus</strong></span> 
     </span>
     <span class='ocr_line' id='line_1_27' title="bbox 218 3049 1316 3118; baseline -0.003 -16"><span class='ocrx_word' id='word_1_213' title='bbox 218 3049 324 3103; x_wconf 90' lang='lat' dir='ltr'><strong>barbari</strong></span> <span class='ocrx_word' id='word_1_214' title='bbox 354 3051 480 3104; x_wconf 86' lang='lat' dir='ltr'><strong>Graecam</strong></span> <span class='ocrx_word' id='word_1_215' title='bbox 508 3059 605 3103; x_wconf 91' lang='lat' dir='ltr'><strong>terram</strong></span> <span class='ocrx_word' id='word_1_216' title='bbox 630 3051 763 3118; x_wconf 80' lang='lat' dir='ltr'><strong>intrepide</strong></span> <span class='ocrx_word' id='word_1_217' title='bbox 787 3050 986 3118; x_wconf 68' lang='lat' dir='ltr'><strong>percursabant.</strong></span> <span class='ocrx_word' id='word_1_218' title='bbox 1030 3050 1125 3102; x_wconf 90' lang='lat' dir='ltr'><strong>deiude</strong></span> <span class='ocrx_word' id='word_1_219' title='bbox 1151 3050 1316 3104; x_wconf 84' lang='lat' dir='ltr'><strong>iuventutem</strong></span> 
     </span>
     <span class='ocr_line' id='line_1_28' title="bbox 218 3121 1314 3192; baseline -0.001 -19"><span class='ocrx_word' id='word_1_220' title='bbox 218 3123 309 3190; x_wconf 84' lang='lat' dir='ltr'><strong>parvis</strong></span> <span class='ocrx_word' id='word_1_221' title='bbox 322 3122 450 3175; x_wconf 78' lang='lat' dir='ltr'><strong>sumtibus</strong></span> <span class='ocrx_word' id='word_1_222' title='bbox 471 3131 599 3191; x_wconf 77' lang='lat' dir='ltr'><strong>cogentes</strong></span> <span class='ocrx_word' id='word_1_223' title='bbox 618 3125 687 3192; x_wconf 84' lang='lat' dir='ltr'><strong>regii</strong></span> <span class='ocrx_word' id='word_1_224' title='bbox 701 3122 751 3173; x_wconf 92' lang='lat' dir='ltr'><strong>bos</strong></span> <span class='ocrx_word' id='word_1_225' title='bbox 765 3123 871 3174; x_wconf 87' lang='lat' dir='ltr'><strong>tradunt</strong></span> <span class='ocrx_word' id='word_1_226' title='bbox 889 3122 950 3173; x_wconf 89' lang='lat' dir='ltr'><strong>duci</strong></span> <span class='ocrx_word' id='word_1_227' title='bbox 959 3121 1146 3185; x_wconf 75' lang='lat' dir='ltr'><strong>Antiochensi,</strong></span> <span class='ocrx_word' id='word_1_228' title='bbox 1167 3122 1212 3189; x_wconf 91' lang='lat' dir='ltr'><strong>qui</strong></span> <span class='ocrx_word' id='word_1_229' title='bbox 1230 3134 1314 3188; x_wconf 76' lang='lat' dir='ltr'><strong>agere</strong></span> 
     </span>
     <span class='ocr_line' id='line_1_29' title="bbox 219 3191 1318 3262; baseline -0.003 -18"><span class='ocrx_word' id='word_1_230' title='bbox 219 3210 278 3244; x_wconf 92' lang='lat' dir='ltr'><strong>cum</strong></span> <span class='ocrx_word' id='word_1_231' title='bbox 295 3192 387 3244; x_wconf 84' lang='lat' dir='ltr'><strong>nobile</strong></span> <span class='ocrx_word' id='word_1_232' title='bbox 409 3195 549 3262; x_wconf 89' lang='lat' dir='ltr'><strong>quidquam</strong></span> <span class='ocrx_word' id='word_1_233' title='bbox 573 3209 628 3245; x_wconf 90' lang='lat' dir='ltr'><strong>non</strong></span> <span class='ocrx_word' id='word_1_234' title='bbox 646 3201 776 3261; x_wconf 91' lang='lat' dir='ltr'><strong>possent,</strong></span> <span class='ocrx_word' id='word_1_235' title='bbox 795 3192 863 3245; x_wconf 92' lang='lat' dir='ltr'><strong>belli</strong></span> <span class='ocrx_word' id='word_1_236' title='bbox 881 3194 999 3260; x_wconf 70' lang='lat' dir='ltr'><strong>imperiti</strong></span> <span class='ocrx_word' id='word_1_237' title='bbox 1021 3201 1048 3244; x_wconf 92' lang='lat' dir='ltr'><strong>et</strong></span> <span class='ocrx_word' id='word_1_238' title='bbox 1064 3191 1127 3244; x_wconf 88' lang='lat' dir='ltr'><strong>mali</strong></span> <span class='ocrx_word' id='word_1_239' title='bbox 1146 3193 1269 3260; x_wconf 79' lang='lat' dir='ltr'><strong>equites,</strong></span> <span class='ocrx_word' id='word_1_240' title='bbox 1289 3191 1318 3241; x_wconf 68' lang='lat' dir='ltr'><strong>et*</strong></span> 
     </span>
     <span class='ocr_line' id='line_1_30' title="bbox 219 3262 1315 3332; baseline -0.002 -18"><span class='ocrx_word' id='word_1_241' title='bbox 219 3279 305 3332; x_wconf 91' lang='lat' dir='ltr'><strong>paene</strong></span> <span class='ocrx_word' id='word_1_242' title='bbox 320 3265 451 3328; x_wconf 88' lang='lat' dir='ltr'><strong>inermes,</strong></span> <span class='ocrx_word' id='word_1_243' title='bbox 482 3263 563 3316; x_wconf 90' lang='lat' dir='ltr'><strong>multa</strong></span> <span class='ocrx_word' id='word_1_244' title='bbox 583 3273 669 3316; x_wconf 89' lang='lat' dir='ltr'><strong>autem</strong></span> <span class='ocrx_word' id='word_1_245' title='bbox 688 3266 761 3331; x_wconf 90' lang='lat' dir='ltr'><strong>passi</strong></span> <span class='ocrx_word' id='word_1_246' title='bbox 789 3264 988 3329; x_wconf 77' lang='lat' dir='ltr'><strong>intolerabilia,</strong></span> <span class='ocrx_word' id='word_1_247' title='bbox 1008 3265 1041 3316; x_wconf 90' lang='lat' dir='ltr'><strong>ad</strong></span> <span class='ocrx_word' id='word_1_248' title='bbox 1065 3279 1138 3316; x_wconf 86' lang='lat' dir='ltr'><strong>suam</strong></span> <span class='ocrx_word' id='word_1_249' title='bbox 1166 3262 1315 3330; x_wconf 85' lang='lat' dir='ltr'><strong>ingloriose</strong></span> 
     </span>
     <span class='ocr_line' id='line_1_31' title="bbox 218 3333 1314 3404; baseline -0.005 -17"><span class='ocrx_word' id='word_1_250' title='bbox 218 3335 323 3387; x_wconf 87' lang='lat' dir='ltr'><strong>reversi</strong></span> <span class='ocrx_word' id='word_1_251' title='bbox 342 3341 403 3386; x_wconf 90' lang='lat' dir='ltr'><strong>sunt</strong></span> <span class='ocrx_word' id='word_1_252' title='bbox 421 3343 527 3399; x_wconf 88' lang='lat' dir='ltr'><strong>terram,</strong></span> <span class='ocrx_word' id='word_1_253' title='bbox 550 3343 601 3404; x_wconf 93' lang='lat' dir='ltr'><strong>quo</strong></span> <span class='ocrx_word' id='word_1_254' title='bbox 622 3336 692 3387; x_wconf 84' lang='lat' dir='ltr'><strong>iacto</strong></span> <span class='ocrx_word' id='word_1_255' title='bbox 715 3337 768 3387; x_wconf 84' lang='lat' dir='ltr'><strong>dux</strong></span> <span class='ocrx_word' id='word_1_256' title='bbox 792 3350 839 3388; x_wconf 90' lang='grc' dir='ltr'><strong><em>οοε</em></strong></span> <span class='ocrx_word' id='word_1_257' title='bbox 866 3336 1003 3402; x_wconf 89' lang='lat' dir='ltr'><strong>accipiens</strong></span> <span class='ocrx_word' id='word_1_258' title='bbox 1029 3339 1102 3404; x_wconf 91' lang='lat' dir='ltr'><strong>(erat</strong></span> <span class='ocrx_word' id='word_1_259' title='bbox 1120 3343 1207 3386; x_wconf 88' lang='lat' dir='ltr'><strong>autem</strong></span> <span class='ocrx_word' id='word_1_260' title='bbox 1226 3333 1314 3400; x_wconf 82' lang='lat' dir='ltr'><strong>magi.</strong></span> 
     </span>
     <span class='ocr_line' id='line_1_32' title="bbox 219 3403 1313 3476; baseline -0.005 -16"><span class='ocrx_word' id='word_1_261' title='bbox 219 3413 274 3460; x_wconf 83' lang='lat' dir='ltr'><strong>ster</strong></span> <span class='ocrx_word' id='word_1_262' title='bbox 291 3403 459 3472; x_wconf 81' lang='lat' dir='ltr'><strong>Nicephorus</strong></span> <span class='ocrx_word' id='word_1_263' title='bbox 475 3405 647 3476; x_wconf 82' lang='lat' dir='ltr'><strong>Botaniates)</strong></span> <span class='ocrx_word' id='word_1_264' title='bbox 672 3422 733 3457; x_wconf 89' lang='lat' dir='ltr'><strong>cum</strong></span> <span class='ocrx_word' id='word_1_265' title='bbox 757 3407 855 3459; x_wconf 87' lang='lat' dir='ltr'><strong>incolis</strong></span> <span class='ocrx_word' id='word_1_266' title='bbox 880 3414 907 3459; x_wconf 91' lang='lat' dir='ltr'><strong>et</strong></span> <span class='ocrx_word' id='word_1_267' title='bbox 924 3407 980 3459; x_wconf 88' lang='lat' dir='ltr'><strong>suis</strong></span> <span class='ocrx_word' id='word_1_268' title='bbox 1005 3407 1110 3458; x_wconf 89' lang='lat' dir='ltr'><strong>armatis</strong></span> <span class='ocrx_word' id='word_1_269' title='bbox 1129 3406 1237 3472; x_wconf 88' lang='lat' dir='ltr'><strong>propria</strong></span> <span class='ocrx_word' id='word_1_270' title='bbox 1256 3406 1313 3456; x_wconf 84' lang='lat' dir='ltr'><strong>vir-</strong></span> 
     </span>
     <span class='ocr_line' id='line_1_33' title="bbox 219 3476 1313 3544; baseline -0.003 -16"><span class='ocrx_word' id='word_1_271' title='bbox 219 3484 276 3529; x_wconf 91' lang='lat' dir='ltr'><strong>tute</strong></span> <span class='ocrx_word' id='word_1_272' title='bbox 301 3485 327 3528; x_wconf 91' lang='lat' dir='ltr'><strong>et</strong></span> <span class='ocrx_word' id='word_1_273' title='bbox 354 3479 513 3529; x_wconf 81' lang='lat' dir='ltr'><strong>strenuitate</strong></span> <span class='ocrx_word' id='word_1_274' title='bbox 534 3486 561 3529; x_wconf 91' lang='lat' dir='ltr'><strong>et</strong></span> <span class='ocrx_word' id='word_1_275' title='bbox 578 3478 718 3544; x_wconf 91' lang='lat' dir='ltr'><strong>prudentia</strong></span> <span class='ocrx_word' id='word_1_276' title='bbox 738 3477 909 3530; x_wconf 91' lang='lat' dir='ltr'><strong>barbarorum</strong></span> <span class='ocrx_word' id='word_1_277' title='bbox 927 3479 1054 3544; x_wconf 89' lang='lat' dir='ltr'><strong>impetum</strong></span> <span class='ocrx_word' id='word_1_278' title='bbox 1075 3479 1173 3529; x_wconf 75' lang='lat' dir='ltr'><strong>euertit</strong></span> <span class='ocrx_word' id='word_1_279' title='bbox 1192 3484 1219 3528; x_wconf 91' lang='lat' dir='ltr'><strong>et</strong></span> <span class='ocrx_word' id='word_1_280' title='bbox 1236 3476 1313 3528; x_wconf 88' lang='lat' dir='ltr'><strong>deie-</strong></span> 
     </span>
     <span class='ocr_line' id='line_1_34' title="bbox 219 3547 1314 3618; baseline -0.004 -18"><span class='ocrx_word' id='word_1_281' title='bbox 219 3551 264 3600; x_wconf 88' lang='lat' dir='ltr'><strong>cit.</strong></span> <span class='ocrx_word' id='word_1_282' title='bbox 302 3549 350 3600; x_wconf 88' lang='lat' dir='ltr'><strong>sed</strong></span> <span class='ocrx_word' id='word_1_283' title='bbox 369 3564 426 3600; x_wconf 92' lang='lat' dir='ltr'><strong>cum</strong></span> <span class='ocrx_word' id='word_1_284' title='bbox 445 3549 494 3601; x_wconf 92' lang='lat' dir='ltr'><strong>ille</strong></span> <span class='ocrx_word' id='word_1_285' title='bbox 513 3564 619 3618; x_wconf 89' lang='lat' dir='ltr'><strong>quoque</strong></span> <span class='ocrx_word' id='word_1_286' title='bbox 634 3548 748 3616; x_wconf 88' lang='lat' dir='ltr'><strong>imperio</strong></span> <span class='ocrx_word' id='word_1_287' title='bbox 766 3548 869 3602; x_wconf 90' lang='lat' dir='ltr'><strong>solutus</strong></span> <span class='ocrx_word' id='word_1_288' title='bbox 882 3556 963 3613; x_wconf 90' lang='lat' dir='ltr'><strong>esset,</strong></span> <span class='ocrx_word' id='word_1_289' title='bbox 982 3550 1044 3601; x_wconf 89' lang='lat' dir='ltr'><strong>inde</strong></span> <span class='ocrx_word' id='word_1_290' title='bbox 1062 3547 1167 3600; x_wconf 88' lang='lat' dir='ltr'><strong>barbari</strong></span> <span class='ocrx_word' id='word_1_291' title='bbox 1182 3547 1314 3600; x_wconf 88' lang='lat' dir='ltr'><strong>audacio-</strong></span> 
     </span>
     <span class='ocr_line' id='line_1_35' title="bbox 217 3617 1313 3688; baseline -0.004 -16"><span class='ocrx_word' id='word_1_292' title='bbox 217 3636 261 3672; x_wconf 85' lang='lat' dir='ltr'><strong>res</strong></span> <span class='ocrx_word' id='word_1_293' title='bbox 280 3621 364 3688; x_wconf 84' lang='lat' dir='ltr'><strong>magis</strong></span> <span class='ocrx_word' id='word_1_294' title='bbox 382 3619 499 3685; x_wconf 81' lang='lat' dir='ltr'><strong>fiebant,</strong></span> <span class='ocrx_word' id='word_1_295' title='bbox 529 3628 555 3672; x_wconf 91' lang='lat' dir='ltr'><strong>et</strong></span> <span class='ocrx_word' id='word_1_296' title='bbox 574 3622 602 3670; x_wconf 92' lang='lat' dir='ltr'><strong>in</strong></span> <span class='ocrx_word' id='word_1_297' title='bbox 621 3627 761 3688; x_wconf 78' lang='lat' dir='ltr'><strong>angustum</strong></span> <span class='ocrx_word' id='word_1_298' title='bbox 779 3634 888 3687; x_wconf 89' lang='lat' dir='ltr'><strong>prorsus</strong></span> <span class='ocrx_word' id='word_1_299' title='bbox 914 3619 995 3671; x_wconf 88' lang='lat' dir='ltr'><strong>urbes</strong></span> <span class='ocrx_word' id='word_1_300' title='bbox 1018 3620 1225 3688; x_wconf 82' lang='lat' dir='ltr'><strong>redigebantur,</strong></span> <span class='ocrx_word' id='word_1_301' title='bbox 1256 3617 1313 3668; x_wconf 81' lang='lat' dir='ltr'><strong>iru-</strong></span> 
     </span>
     <span class='ocr_line' id='line_1_36' title="bbox 218 3689 1312 3760; baseline -0.005 -18"><span class='ocrx_word' id='word_1_302' title='bbox 218 3693 301 3743; x_wconf 90' lang='lat' dir='ltr'><strong>menti</strong></span> <span class='ocrx_word' id='word_1_303' title='bbox 320 3691 426 3744; x_wconf 86' lang='lat' dir='ltr'><strong>deiectu</strong></span> <span class='ocrx_word' id='word_1_304' title='bbox 444 3700 583 3760; x_wconf 88' lang='lat' dir='ltr'><strong>premente</strong></span> <span class='ocrx_word' id='word_1_305' title='bbox 602 3707 647 3745; x_wconf 89' lang='lat' dir='ltr'><strong>eas</strong></span> <span class='ocrx_word' id='word_1_306' title='bbox 668 3699 694 3742; x_wconf 90' lang='lat' dir='ltr'><strong>et</strong></span> <span class='ocrx_word' id='word_1_307' title='bbox 713 3698 872 3756; x_wconf 89' lang='lat' dir='ltr'><strong>ceterorum,</strong></span> <span class='ocrx_word' id='word_1_308' title='bbox 892 3707 962 3759; x_wconf 89' lang='lat' dir='ltr'><strong>quae</strong></span> <span class='ocrx_word' id='word_1_309' title='bbox 986 3707 1101 3744; x_wconf 87' lang='lat' dir='ltr'><strong>necesse</strong></span> <span class='ocrx_word' id='word_1_310' title='bbox 1118 3698 1193 3755; x_wconf 90' lang='lat' dir='ltr'><strong>sunt,</strong></span> <span class='ocrx_word' id='word_1_311' title='bbox 1214 3689 1312 3756; x_wconf 90' lang='lat' dir='ltr'><strong>inopia.</strong></span> 
     </span>
    </p>

    <p class='ocr_par' dir='ltr' id='par_1_5' title="bbox 219 3759 1316 4260">
     <span class='ocr_line' id='line_1_37' title="bbox 321 3759 1313 3832; baseline -0.004 -18"><span class='ocrx_word' id='word_1_312' title='bbox 321 3761 372 3814; x_wconf 89' lang='lat' dir='ltr'><strong>Sed</strong></span> <span class='ocrx_word' id='word_1_313' title='bbox 399 3764 522 3831; x_wconf 89' lang='lat' dir='ltr'><strong>quonia&#39;m</strong></span> <span class='ocrx_word' id='word_1_314' title='bbox 550 3779 617 3832; x_wconf 89' lang='lat' dir='ltr'><strong>opus</strong></span> <span class='ocrx_word' id='word_1_315' title='bbox 633 3771 699 3816; x_wconf 36' lang='lat' dir='ltr'><strong>,erat</strong></span> <span class='ocrx_word' id='word_1_316' title='bbox 724 3763 797 3831; x_wconf 84' lang='lat' dir='ltr'><strong>regis</strong></span> <span class='ocrx_word' id='word_1_317' title='bbox 829 3763 1010 3814; x_wconf 86' lang='lat' dir='ltr'><strong>dominatione</strong></span> <span class='ocrx_word' id='word_1_318' title='bbox 1041 3763 1087 3831; x_wconf 94' lang='lat' dir='ltr'><strong>qui</strong></span> <span class='ocrx_word' id='word_1_319' title='bbox 1106 3770 1198 3829; x_wconf 89' lang='lat' dir='ltr'><strong>posset</strong></span> <span class='ocrx_word' id='word_1_320' title='bbox 1217 3759 1313 3812; x_wconf 84' lang='lat' dir='ltr'><strong>talibus</strong></span> 
     </span>
     <span class='ocr_line' id='line_1_38' title="bbox 219 3831 1313 3901; baseline -0.003 -17"><span class='ocrx_word' id='word_1_321' title='bbox 219 3831 383 3898; x_wconf 88' lang='lat' dir='ltr'><strong>temporibus</strong></span> <span class='ocrx_word' id='word_1_322' title='bbox 410 3836 557 3899; x_wconf 86' lang='lat' dir='ltr'><strong>perducere</strong></span> <span class='ocrx_word' id='word_1_323' title='bbox 582 3851 626 3887; x_wconf 88' lang='lat' dir='ltr'><strong>res</strong></span> <span class='ocrx_word' id='word_1_324' title='bbox 653 3842 679 3886; x_wconf 91' lang='lat' dir='ltr'><strong>et</strong></span> <span class='ocrx_word' id='word_1_325' title='bbox 704 3847 734 3886; x_wconf 85' lang='lat' dir='ltr'><strong>se</strong></span> <span class='ocrx_word' id='word_1_326' title='bbox 754 3848 891 3901; x_wconf 89' lang='lat' dir='ltr'><strong>opponere</strong></span> <span class='ocrx_word' id='word_1_327' title='bbox 910 3832 1032 3886; x_wconf 92' lang='lat' dir='ltr'><strong>hostibus</strong></span> <span class='ocrx_word' id='word_1_328' title='bbox 1051 3833 1140 3886; x_wconf 79' lang='lat' dir='ltr'><strong>aalide</strong></span> <span class='ocrx_word' id='word_1_329' title='bbox 1159 3849 1218 3884; x_wconf 90' lang='lat' dir='ltr'><strong>cum</strong></span> <span class='ocrx_word' id='word_1_330' title='bbox 1236 3832 1313 3893; x_wconf 87' lang='lat' dir='ltr'><strong>acie,</strong></span> 
     </span>
     <span class='ocr_line' id='line_1_39' title="bbox 219 3901 1316 3974; baseline -0.003 -20"><span class='ocrx_word' id='word_1_331' title='bbox 219 3902 358 3955; x_wconf 87' lang='lat' dir='ltr'><strong>creabatur</strong></span> <span class='ocrx_word' id='word_1_332' title='bbox 377 3905 482 3971; x_wconf 84' lang='lat' dir='ltr'><strong>quidem</strong></span> <span class='ocrx_word' id='word_1_333' title='bbox 501 3907 670 3974; x_wconf 81' lang='lat' dir='ltr'><strong>dignissimus</strong></span> <span class='ocrx_word' id='word_1_334' title='bbox 689 3907 774 3958; x_wconf 88' lang='lat' dir='ltr'><strong>dictus</strong></span> <span class='ocrx_word' id='word_1_335' title='bbox 792 3904 841 3956; x_wconf 92' lang='lat' dir='ltr'><strong>ille</strong></span> <span class='ocrx_word' id='word_1_336' title='bbox 861 3905 1025 3970; x_wconf 88' lang='lat' dir='ltr'><strong>Botaniates,</strong></span> <span class='ocrx_word' id='word_1_337' title='bbox 1051 3906 1143 3974; x_wconf 85' lang='lat' dir='ltr'><strong>utqui</strong></span> <span class='ocrx_word' id='word_1_338' title='bbox 1167 3901 1316 3955; x_wconf 88' lang='lat' dir='ltr'><strong>excelleret</strong></span> 
     </span>
     <span class='ocr_line' id='line_1_40' title="bbox 220 3973 1314 4044; baseline -0.004 -18"><span class='ocrx_word' id='word_1_339' title='bbox 220 3975 334 4039; x_wconf 87' lang='lat' dir='ltr'><strong>ceteris,</strong></span> <span class='ocrx_word' id='word_1_340' title='bbox 366 3983 490 4044; x_wconf 89' lang='lat' dir='ltr'><strong>quantum</strong></span> <span class='ocrx_word' id='word_1_341' title='bbox 519 3977 605 4030; x_wconf 89' lang='lat' dir='ltr'><strong>stellis</strong></span> <span class='ocrx_word' id='word_1_342' title='bbox 632 3975 689 4030; x_wconf 86' lang='lat' dir='ltr'><strong>sol:</strong></span> <span class='ocrx_word' id='word_1_343' title='bbox 709 3977 810 4029; x_wconf 88' lang='lat' dir='ltr'><strong>invidia</strong></span> <span class='ocrx_word' id='word_1_344' title='bbox 828 3983 916 4027; x_wconf 88' lang='lat' dir='ltr'><strong>autem</strong></span> <span class='ocrx_word' id='word_1_345' title='bbox 936 3985 963 4044; x_wconf 83' lang='lat' dir='ltr'><strong>et</strong></span> <span class='ocrx_word' id='word_1_346' title='bbox 981 3978 1106 4029; x_wconf 89' lang='lat' dir='ltr'><strong>iniustum</strong></span> <span class='ocrx_word' id='word_1_347' title='bbox 1125 3976 1253 4028; x_wconf 87' lang='lat' dir='ltr'><strong>iudicium</strong></span> <span class='ocrx_word' id='word_1_348' title='bbox 1271 3973 1314 4024; x_wconf 92' lang='lat' dir='ltr'><strong>di-</strong></span> 
     </span>
     <span class='ocr_line' id='line_1_41' title="bbox 219 4046 1314 4116; baseline -0.005 -16"><span class='ocrx_word' id='word_1_349' title='bbox 219 4046 295 4100; x_wconf 87' lang='lat' dir='ltr'><strong>stulit</strong></span> <span class='ocrx_word' id='word_1_350' title='bbox 316 4046 421 4115; x_wconf 90' lang='lat' dir='ltr'><strong>quidem</strong></span> <span class='ocrx_word' id='word_1_351' title='bbox 440 4053 494 4098; x_wconf 89' lang='lat' dir='ltr'><strong>tum</strong></span> <span class='ocrx_word' id='word_1_352' title='bbox 513 4048 703 4112; x_wconf 81' lang='lat' dir='ltr'><strong>necessarium,</strong></span> <span class='ocrx_word' id='word_1_353' title='bbox 723 4046 804 4099; x_wconf 89' lang='lat' dir='ltr'><strong>alium</strong></span> <span class='ocrx_word' id='word_1_354' title='bbox 824 4054 910 4098; x_wconf 89' lang='lat' dir='ltr'><strong>autem</strong></span> <span class='ocrx_word' id='word_1_355' title='bbox 929 4048 1107 4116; x_wconf 92' lang='lat' dir='ltr'><strong>propinquum</strong></span> <span class='ocrx_word' id='word_1_356' title='bbox 1126 4047 1204 4098; x_wconf 89' lang='lat' dir='ltr'><strong>buius</strong></span> <span class='ocrx_word' id='word_1_357' title='bbox 1212 4052 1314 4097; x_wconf 71' lang='lat' dir='ltr'><strong>contra</strong></span> 
     </span>
     <span class='ocr_line' id='line_1_42' title="bbox 219 4116 1314 4187; baseline -0.002 -19"><span class='ocrx_word' id='word_1_358' title='bbox 219 4120 322 4170; x_wconf 84' lang='lat' dir='ltr'><strong>creavit</strong></span> <span class='ocrx_word' id='word_1_359' title='bbox 346 4127 456 4187; x_wconf 89' lang='lat' dir='ltr'><strong>propter</strong></span> <span class='ocrx_word' id='word_1_360' title='bbox 481 4133 573 4171; x_wconf 87' lang='lat' dir='ltr'><strong>causas</strong></span> <span class='ocrx_word' id='word_1_361' title='bbox 591 4119 666 4172; x_wconf 88' lang='lat' dir='ltr'><strong>adeo¹</strong></span> <span class='ocrx_word' id='word_1_362' title='bbox 678 4119 798 4170; x_wconf 89' lang='lat' dir='ltr'><strong>occultas</strong></span> <span class='ocrx_word' id='word_1_363' title='bbox 817 4117 988 4184; x_wconf 84' lang='lat' dir='ltr'><strong>bominibus,</strong></span> <span class='ocrx_word' id='word_1_364' title='bbox 1013 4127 1043 4171; x_wconf 91' lang='lat' dir='ltr'><strong>ut</strong></span> <span class='ocrx_word' id='word_1_365' title='bbox 1061 4119 1104 4171; x_wconf 91' lang='lat' dir='ltr'><strong>dei</strong></span> <span class='ocrx_word' id='word_1_366' title='bbox 1123 4119 1231 4169; x_wconf 86' lang='lat' dir='ltr'><strong>iudicia.</strong></span> <span class='ocrx_word' id='word_1_367' title='bbox 1269 4116 1314 4168; x_wconf 79' lang='lat' dir='ltr'><strong>ri·</strong></span> 
     </span>
     <span class='ocr_line' id='line_1_43' title="bbox 219 4187 1313 4260; baseline 0.001 -21"><span class='ocrx_word' id='word_1_368' title='bbox 219 4189 330 4246; x_wconf 84' lang='lat' dir='ltr'><strong>debetur</strong></span> <span class='ocrx_word' id='word_1_369' title='bbox 349 4192 418 4244; x_wconf 91' lang='lat' dir='ltr'><strong>enim</strong></span> <span class='ocrx_word' id='word_1_370' title='bbox 436 4198 508 4244; x_wconf 79' lang='lat' dir='ltr'><strong>tanta</strong></span> <span class='ocrx_word' id='word_1_371' title='bbox 533 4188 692 4260; x_wconf 91' lang='lat' dir='ltr'><strong>populorum</strong></span> <span class='ocrx_word' id='word_1_372' title='bbox 712 4190 887 4259; x_wconf 76' lang='lat' dir='ltr'><strong>congregatio</strong></span> <span class='ocrx_word' id='word_1_373' title='bbox 905 4197 933 4241; x_wconf 89' lang='lat' dir='ltr'><strong>et</strong></span> <span class='ocrx_word' id='word_1_374' title='bbox 957 4191 1099 4244; x_wconf 89' lang='lat' dir='ltr'><strong>trucidatio</strong></span> <span class='ocrx_word' id='word_1_375' title='bbox 1118 4190 1227 4243; x_wconf 81' lang='lat' dir='ltr'><strong>Graecis</strong></span> <span class='ocrx_word' id='word_1_376' title='bbox 1249 4187 1313 4242; x_wconf 87' lang='lat' dir='ltr'><strong>sub·</strong></span> 
     </span>
    </p>
   </div>
   <div class='ocr_carea' id='block_1_5' title="bbox 0 0 1446 4734">
    <p class='ocr_par' dir='ltr' id='par_1_6' title="bbox 0 0 1446 4734">
     <span class='ocr_line' id='line_1_44' title="bbox 0 0 1446 4734; baseline 0 0"><span class='ocrx_word' id='word_1_377' title='bbox 0 0 1446 4734; x_wconf 95' lang='lat' dir='ltr'><strong> </strong></span> 
     </span>
    </p>
   </div>
  </div>
 </body>
</html>
