2875 4734
377 245 467 349 J
565 265 774 338 nurum.
1050 348 1059 370 ,
1144 248 1239 360 τοιι

117 439 160 505 τά
180 441 236 524 τῆς
256 442 423 521 βασιλείας
450 436 648 523 παράσημα,
678 435 711 501 oi
729 460 763 502 τε
791 442 882 505 ἵπποι
910 434 993 519 μετά
1013 441 1076 503 τοῖν
1095 432 1221 523 δίφρων

117 543 178 607 καί
191 539 231 605 τά
253 536 379 623 ἐρυθρά
402 536 458 603 καί
476 540 624 621 βασίλεια
654 542 778 606 πέδιλα.
832 541 885 603 καί
906 535 1222 626 κατασφαλισάμενος

116 640 240 716 πάντας
261 633 367 724 άρκοις
387 642 441 703 καί
462 639 637 723 συνθήκαις
661 648 814 724 συχναῖς,
835 639 879 724 μή
904 633 944 705 άν
967 640 1126 722 ἀθετῆσαι
1147 638 1222 703 τοῦ-

115 764 174 806 του
201 734 281 827 άχρι
313 737 368 802 καί
388 743 572 816 τελευταίας
600 744 713 826 πνοῆς,
746 734 831 804 οάτω
860 737 919 822 τήν
951 734 1131 819 άλουργίδα
1158 740 1224 816 μετ’

89 841 283 925 δετίφιγμίας
316 842 372 903 καί
391 840 586 925 δορυφορίας
614 837 787 926 ἀπειλήφει
808 843 935 925 πολλῆς,
955 836 1010 903 καί
1028 835 1102 914 τοάς
1125 831 1225 911 πάδας

116 951 186 1017 τοῖς
210 942 361 1024 ἐρυθροίς
381 943 584 1022 μεταμείψας
604 943 745 1016 πεδιλοις
766 939 821 1007 καί
835 942 880 1015 είς
901 941 1085 1024 ου’τοβαφὲς
1105 937 1226 1003 ἐπανα-

117 1038 183 1125 βάς
210 1031 317 1125 ὄχημα
346 1041 427 1121 μετά
453 1043 570 1124 πολλῆς
596 1044 775 1126 ἀγερωχίας
800 1044 855 1106 καί
875 1038 1150 1128 ’φρουηματισμοά
1172 1038 1228 1101 καί

12 1189 15 1192 -
118 1144 180 1223 τῆς
202 1143 260 1205 τοῦ
288 1141 425 1225 στρατοῦ
454 1142 530 1226 βοῆς
562 1146 616 1205 καί
634 1142 716 1225 ἠχῆς
748 1144 794 1216 εἷς
823 1134 1086 1223 Ἀδριανοάπολιν
1114 1130 1226 1226 ᾤχετο,

118 1235 198 1324 άρτι
217 1244 276 1305 τοῦ
310 1243 481 1325 νοεμβρίου
508 1241 607 1326 μηνός
642 1242 846 1328 ἐπιστάντος,
877 1237 929 1307 ὅτε
952 1228 1097 1325 κατήφὴς
1121 1234 1138 1301 ά
1162 1235 1225 1320 cipp

74 1353 110 1407 10
119 1344 158 1406 ἐκ
180 1342 235 1424 τῆς
256 1344 313 1405 τοῦ
333 1340 475 1424 μεγάλου
498 1347 667 1428 φωστῆρες
689 1342 934 1427 ὑποχωρήσεως,
955 1340 1035 1425 πρὸς
1056 1339 1090 1405 τά
1104 1359 1228 1419 ταυρι-

118 1440 179 1505 κάν
202 1437 317 1519 ζιάδιον
332 1434 489 1522 άπιάντος,
511 1441 567 1506 καί
587 1442 720 1526 στυγνὸς
742 1450 983 1529 καταφαίνεται.
1027 1435 1228 1522 αἰχμάλωτος

120 1542 161 1604 δὲ
182 1540 352 1624 τηνικαῦτα
373 1540 509 1626 ληφθείς
532 1536 549 1602 δ
577 1542 733 1626 πρόεδρος
753 1544 992 1616 Κωνσταντϊνος
1021 1537 1039 1605 ὃ
1061 1538 1228 1618 eamean-

121 1636 228 1722 κάνος,
251 1638 333 1722 ἀνὴρ
364 1640 486 1719 ἔνδοξος
519 1642 574 1705 καί
602 1645 712 1726 γένους
744 1646 953 1727 ε’πισημίτρτι
972 1643 1028 1705 καί
1049 1640 1121 1723 βίου
1146 1644 1229 1719 λαμ·

122 1738 258 1825 πράτητι
276 1740 460 1825 καταφανής
479 1740 796 1825 καταγινωσκάμεοος,
820 1739 856 1806 οὗ
880 1745 982 1818 καλάς
1001 1745 1060 1823 μὲν
1081 1738 1156 1804 ου’δδ
1177 1739 1230 1803 δι-

79 1847 113 1902 15
122 1843 223 1916 καίως
240 1845 317 1924 παρ’
341 1841 442 1905 ου’τοά
461 1844 664 1926 προσεδίχθη
686 1843 741 1907 καί
761 1841 805 1917 ὥς
826 1836 872 1931 είς
891 1845 955 1908 τῶν
977 1844 1095 1925 α’γευάν
1115 1862 1231 1922 παρω-

123 1940 224 2025 ράδη,
245 1940 283 2002 οδ
305 1938 369 2023 μὴν
392 1942 428 2005 δὲ
442 1940 624 2026 σωματικὴν
642 1946 801 2025 τιμωρίαν
821 1942 955 2027 sinuosa,
978 1943 1131 2024 καίτοιγε
1151 1936 1231 2005 ταί.

123 2065 179 2124 την
201 2037 388 2105 incusetur
407 2040 461 2106 διά
483 2046 745 2128 προηγησαμένας
765 2032 890 2127 ἔχθρας
911 2046 967 2108 καί
993 2041 1101 2125 μάχας
1125 2063 1230 2127 κεφα-

124 2137 227 2216 λικάς.
248 2220 253 2227 .
273 2142 491 2225 φυγαδευθεὶς
522 2145 558 2208 δὲ
580 2144 660 2225 πρός
679 2167 750 2207 τινα
776 2145 839 2208 τάν
861 2144 1091 2208 Μακεδονικῶν
1110 2139 1260 2211 noiomi.
1276 2152 1328 2213 221
1338 2166 1363 2211 r.

124 2242 196 2321 μετ’
222 2241 261 2304 ου’
283 2242 363 2305 πολὺ
383 2245 427 2329 τῷ
447 2241 555 2326 χρεων
569 2240 831 2327 ’ἐλειτοάργησιν
876 2242 936 2308 ιίττ
957 2243 1083 2330 φυσικῷ
1101 2236 1228 2328 θανάτῳ
1296 2236 1307 2247 '

82 2339 184 2405 soris
204 2341 237 2420 ἐξ
260 2346 430 2427 ἐπιβουλῆς
450 2346 671 2428 κερασθίυτος,
696 2345 801 2418 ου’δείς
824 2347 963 2429 α’κριβῶς
986 2345 1162 2408 ἐπίσταται.

223 2442 273 2507 Ἐν
296 2444 332 2505 δὲ
354 2446 399 2535 τῷ
419 2448 548 2526 μέλλειν
570 2444 734 2508 εἰσελάσαι
755 2444 810 2510 τὸν
831 2446 1008 2529 ,Βρυέυνιου
1029 2424 1080 2516 τίςΙ
1095 2439 1241 2525 ’Aipora-¹

127 2540 277 2609 υοάπολιυ
299 2544 387 2609 πάσα
407 2542 524 2627 σχεδὸν
545 2542 565 2627 ἦ
586 2543 677 2618 πόλις
706 2542 764 2627 τήν
790 2546 1031 2633 προοκκειμίνην
1047 2544 1234 2627 ’περίχωρον

128 2642 356 2730 κατελάμβανε,
378 2642 433 2710 καί
451 2639 489 2728 ἧν
510 2642 546 2709 τά
562 2648 682 2730 πλῆθος
704 2644 853 2731 άγιληδόν
876 2647 1106 2729 διακεχυμένον
1126 2645 1172 2721 τίς
1193 2637 1229 2707 οδ

133 2921 213 3002 etiam
231 2922 309 2990 regni
329 2924 461 2992 insignia,
487 2926 550 2994 equi
577 2941 636 2978 cnm
663 2941 742 2977 curru
763 2934 789 2978 et
806 2925 886 2975 rubra
902 2925 1032 2991 regiaque
1056 2922 1185 2975 sandaiss
1208 2928 1236 2976 ot

131 3002 273 3062 postquam
292 2996 459 3048 confirmavit
473 3012 564 3049 omnes
583 2997 755 3047 iureiurando
770 3003 797 3046 et
816 2994 983 3059 pactionibus
997 2992 1097 3057 multis,
1116 3006 1153 3043 no
1170 3003 1236 3059 pro-

133 3066 228 3123 derent
240 3080 299 3117 eum
311 3082 396 3136 usquo
411 3068 444 3118 ad
458 3068 580 3119 ultimum
595 3068 725 3132 spiritum,
745 3067 785 3116 sic
802 3078 943 3130 purpuram
962 3078 1021 3113 cum
1033 3063 1197 3114 salutatione
1210 3071 1238 3116 at

133 3139 260 3189 comitatu
279 3140 384 3205 accepit
402 3137 496 3199 multo,
517 3144 542 3186 et
559 3136 641 3201 pedes
655 3135 743 3188 rubris
761 3136 925 3203 distinguens
944 3133 1061 3186 sandalis
1081 3138 1108 3185 et
1125 3134 1237 3185 tinctum

132 3210 280 3262 ascendens
293 3223 398 3260 currum
411 3221 470 3257 cum
483 3205 566 3256 muita
577 3206 702 3272 superbia
717 3215 745 3258 et
757 3206 908 3275 arrogantia
923 3212 949 3257 et
965 3205 1099 3258 exercitus
1118 3203 1236 3257 oianroro
1329 3208 1335 3215 “

135 3288 162 3331 ει
189 3281 384 3331 exclamatione
401 3275 594 3343 Adrianopolin
621 3279 758 3343 proiectus
784 3286 839 3343 est,
869 3292 927 3329 cum
954 3276 1066 3329 maximo
1084 3276 1237 3331 November

134 3353 233 3403 mensis
256 3352 382 3412 instaret,
409 3348 513 3415 quando
537 3363 632 3401 caecus
658 3366 704 3401 aer
729 3359 839 3419 propter·
862 3364 997 3402 recessum
1021 3350 1109 3418 magni
1128 3347 1237 3400 luminis
1274 3368 1283 3387 ν

134 3423 167 3474 ad
184 3424 254 3473 taum
283 3422 389 3486 signum
416 3418 538 3472 abeuntis
568 3428 594 3472 et
618 3421 747 3475 obscurus
777 3430 896 3490 apparet.
934 3422 1056 3490 captivus
1075 3429 1163 3471 autem
1182 3427 1238 3470 tum

134 3494 221 3544 iactus
238 3504 349 3561 praeses
359 3489 547 3544 Constantinus
559 3492 789 3561 Tbeodorocauus,
810 3494 853 3546 vir
863 3494 954 3545 clarus
966 3502 995 3545 et
1014 3492 1122 3559 generis
1141 3488 1238 3556 spion-

135 3565 201 3615 dore
221 3570 247 3612 et
265 3562 338 3613 vitae
357 3562 480 3614 claritate
498 3563 612 3616 illustris
631 3574 776 3631 spectatus,
795 3580 849 3618 non
861 3564 974 3633 pulchre
993 3561 1098 3630 quidem
1119 3566 1146 3611 et
1165 3560 1238 3611 iuste

66 3666 69 3671 ·
135 3634 169 3686 ab
188 3648 220 3683 eo
241 3642 368 3700 exceptus
385 3642 426 3685 est
445 3643 472 3685 et
490 3649 557 3686 unus
577 3650 611 3685 ex
630 3637 794 3705 ignobilibus
814 3644 855 3687 est
873 3635 1029 3703 negiectus‚
1048 3631 1096 3683 seii
1116 3630 1237 3699 corporis

135 3720 248 3773 poenam
267 3719 321 3755 non
341 3706 439 3770 subiit,
466 3706 532 3757 iicet
550 3705 618 3757 banc
643 3710 793 3776 suspicatus
817 3714 927 3773 propter
949 3706 1053 3771 priores
1084 3691 1237 3755 inimicitias
1323 3764 1325 3767 ¹

133 3786 164 3830 et
182 3776 287 3848 pugnas
306 3777 449 3845 capitales,
477 3778 603 3844 expulsus
629 3786 716 3829 autem
741 3779 774 3829 ad
800 3779 928 3846 quandam
953 3774 1125 3829 Macedonum
1139 3774 1237 3826 'urbem

134 3864 189 3901 non
207 3850 290 3899 multo
313 3850 375 3915 posi
399 3852 587 3919 necessitatem
615 3850 757 3913 sustinuit,
782 3864 850 3918 quae
881 3862 943 3899 num
962 3853 1047 3898 morto
1065 3845 1182 3898 naturali
1200 3858 1234 3896 an

134 3920 240 3972 insidiis
260 3921 286 3969 ci
305 3928 398 3986 parata
417 3920 507 3985 fuerit,
530 3936 608 3972 nemo
628 3931 701 3973 certo
724 3922 784 3973 scit.

234 4015 301 4071 tium
318 4024 406 4067 autem
417 4018 587 4086 ingressurus
603 4025 675 4070 esset
688 4018 839 4083 Bryennius
852 4014 1054 4083 Adrianopoiin,
1075 4014 1160 4064 omnis
1180 4010 1238 4063 iero

135 4088 198 4140 urbs
222 4096 368 4141 exstantem
396 4090 560 4142 vicinitatem
592 4090 715 4157 excepit:
742 4096 821 4159 atque
856 4096 912 4141 erat
936 4087 1076 4140 multitudo
1102 4082 1236 4153 gregatim

138 4158 220 4215 eflusa
238 4175 287 4229 per
305 4174 438 4228 campum,
464 4176 587 4237 pompam
605 4162 663 4216 eius
688 4161 834 4231 excipiens.
882 4160 927 4215 ubi
952 4164 1039 4213 autem
1060 4159 1239 4225 apparuerunt
