2875 4734
185 213 256 286 120
475 203 698 280 menimis
727 203 987 277 Animosne

181 380 238 443 xci
256 378 347 442 σίτου
379 373 494 440 σπόνιν
515 373 668 461 ἐκέκτητο,
692 376 801 448 όεισας
828 367 845 434 ό
864 370 1018 454 βασιλεύς
1037 367 1081 454 μὴ
1106 371 1286 456 παραγενό-

182 502 275 562 μενος
288 479 387 542 ε’κεῖσε
406 474 619 560 καινοτομήση
637 478 677 562 τῇ
690 473 781 538 πόλει
800 471 857 548 τός
871 470 955 549 ι’όίοις
975 468 1286 558 τροφός,ἰιαταφρο·

182 578 348 664 νήσαςζὲπί
361 577 558 660 συμφέροντι
573 576 687 660 ταύτης
703 578 760 658 τῆς
775 573 859 649 ι’διόις
871 573 1005 657 τρυφῆς,
1020 568 1194 636 διότότιονν
1208 568 1287 636 ε’λό-

182 703 242 755 σας
264 675 390 763 όρημοιν
413 675 557 760 ὑπερέβη·
574 669 964 751 τοόςόιόλοόναςόιιείνους
983 675 1039 736 καί
1062 668 1121 746 τός
1140 669 1286 740 abacos·

182 801 241 862 ρας
258 777 299 840 δι’
322 766 366 841 ὧν
389 775 408 860 ἡ
434 774 536 860 Κοίλη
554 777 655 859 Συριά
678 778 733 857 τῆς
757 769 906 846 Κιλικίοις
923 771 1110 856 χωρίζεται.
1154 773 1210 835 καί
1229 794 1312 844 και-5

183 875 307 942 τελθοόν
328 873 483 950 ἐπιπόνως
516 875 562 949 εἷς
582 865 673 939 πόλιν
695 876 923 960 τῆςΚιλιιιίος
946 869 1287 956 λεγομένην-Ἀλέξου-

184 980 261 1063 όρον
284 975 428 1062 (μεγίστη
448 972 509 1059 γὰρ
532 973 680 1055 ἔνθλιψις
701 977 736 1040 ἐν
756 981 822 1050 τοῖς
843 970 952 1048 τόποις
975 973 1103 1048 εἰιείνοις
1120 974 1163 1059 τρῖ
1186 996 1288 1056 στρα-

184 1080 306 1165 τοπίδῳ
330 1081 436 1160 γέγονε
458 1074 512 1140 διό
543 1074 578 1140 τό
602 1076 793 1159 στενόπορον
821 1075 877 1138 καί
900 1069 935 1137 τό
957 1070 1117 1155 ἀπότομον
1141 1077 1204 1138 τοῖν
1231 1098 1286 1138 πε.

184 1182 266 1262 τρυόν
297 1179 354 1241 καί
372 1173 407 1239 τὸ
437 1179 569 1258 συνεχὲς
593 1178 655 1238 τοῖν
676 1175 857 1261 κρημνῶν),
877 1176 977 1238 εἰιεῖσε
1006 1173 1063 1256 την
1085 1171 1289 1258 παρεμβολήν

185 1281 240 1342 καί
260 1275 314 1343 τόν
332 1275 462 1359 χάρακα
488 1261 634 1359 πήγνυσι.
657 1278 714 1340 καί
733 1269 817 1339 οότοο
838 1273 976 1339 διελθών
996 1273 1055 1356 τὴν
1076 1271 1333 1366 peperisse-10

186 1375 328 1461 νην,καί
349 1372 403 1438 τόν
429 1377 553 1459 Ταῦρον
576 1374 610 1438 τό
635 1370 708 1458 όρος
730 1376 930 1462 πανστρατιᾷ
952 1371 1104 1455 ὖπερβός,
1127 1370 1289 1455 εἰσβάλλει

186 1478 227 1562 τῇ
253 1475 428 1556 Ῥωμαίων.
488 1472 671 1557 ἐντυχόντες
705 1477 734 1537 δ’
753 1474 885 1557 Ιοἲθρόου
918 1471 948 1537 οἱ
976 1474 1220 1557 στρατευόμενοι
1248 1476 1291 1560 τρῖ

186 1577 316 1664 κρυμνρῖ
349 1578 403 1638 καί
425 1576 462 1661 τῇ
490 1576 655 1661 συστροφῇ
682 1580 738 1657 τῆς
765 1568 845 1657 όγαν
874 1574 1094 1658 ψυχρότητος,
1127 1569 1162 1636 ἔτι
1187 1569 1291 1638 τόποον

187 1678 318 1758 θερμῶν
341 1674 538 1758 ιοἰνοιγόμενοι
570 1679 657 1760 (περὶ
686 1672 719 1739 τό
754 1677 842 1748 τέλος
868 1666 907 1757 ἢν
937 1672 952 1738 ό
984 1675 1169 1757 δενὲμβριος
1196 1674 1290 1758 μήυ),

187 1782 303 1862 πολλῆς
323 1769 460 1865 ᾔσθοντο
482 1778 536 1860 τῆς
551 1778 757 1861 δριμύτητος,
777 1772 873 1839 όπότε
893 1779 1010 1857 συνέβη
1034 1773 1089 1838 not*
1108 1774 1222 1856 ἵππους
1237 1778 1335 1847 xar'15

189 1872 343 1960 ἦμιόνους
366 1879 420 1940 καί
440 1874 650 1960 ἀνθρώπους,
675 1872 744 1940 όσοι
773 1872 817 1961 μη
853 1876 1080 1958 εόσαρκοόντες
1102 1867 1183 1959 ἦσαν
1206 1867 1290 1959 ἢμὴ

190 1979 437 2058 εόειματοόντες,
460 1977 503 2064 τῷ
524 1976 635 2066 α’θρόιρ
659 1979 714 2060 τῆς
730 1977 856 2059 ψύξεως
878 1977 1043 2056 α’ποψόξαι
1066 1976 1128 2053 καί,
1140 1976 1195 2058 τῆς
1214 1973 1291 2040 odori

191 2079 429 2162 προβεβλῆσθαι
454 2081 562 2158 θέαμα
585 2075 730 2142 οἴιιιστον.

295 2173 373 2242 Τότε
405 2175 490 2261 κοτ’γολ
519 2181 595 2261 περὶ
613 2177 859 2244 astronomos
883 2174 1012 2261 Τοιόρου
1040 2169 1134 2263 όρους
1153 2169 1293 2264 ἄφυκτον

191 2282 343 2364 διέφυγον
365 2277 518 2344 κίνδυνον.
562 2274 578 2341 ό
599 2277 659 2362 γόρ
681 2280 774 2354 ἵππος
797 2283 842 2355 εἰς
863 2275 899 2342 όν
919 2277 1122 2363 ε’πωχοόμην,
1143 2291 1336 2361 opocen-20

192 2384 411 2464 νοχαρημόνος
432 2377 476 2446 τόν
489 2383 522 2444 εἰι
544 2382 668 2455 πόθους
690 2383 932 2465 λυκοεντερικοό
949 2381 1131 2463 λεγομένου,
1155 2377 1292 2455 όκλόσας

191 2503 223 2542 τι
246 2477 360 2564 μικρὸν
385 2475 459 2555 τοός
483 2477 709 2566 ἐμπροσθίους,
728 2477 805 2563 ἔσχε
828 2504 869 2563 με
890 2476 1071 2559 καταβάντα
1095 2475 1206 2544 τούτου
1229 2480 1304 2563 αόι-Ι

192 2570 264 2644 τίιιο
291 2577 345 2643 διό
373 2581 431 2645 rori
456 2581 561 2660 όεξιοό
580 2581 716 2667 μόρους·
771 2583 806 2646 όν
827 2575 985 2671 όριστερρῖ
1013 2577 1077 2664 γόρ
1100 2578 1156 2644 οόιι
1178 2570 1218 2664 ἧν
1237 2576 1291 2643 saa·

200 2742 205 2751 x
266 2774 309 2827 13.
328 2772 449 2850 ιιρυμρῖλ

191 2947 309 3014 inopiam
327 2945 439 2999 haberet
457 2956 578 3001 metuens
599 2964 646 3000 rex
666 2965 701 3001 ne
721 2951 744 3005 si
763 2951 870 3002 adesset
887 2949 924 3000 ibi
941 2957 1058 3002 novaret
1076 2950 1136 3002 urbi
1155 2951 1292 3017 proprium

191 3023 301 3083 victum,
323 3027 473 3086 contempte
492 3028 599 3086 propter
612 3023 669 3074 eius
680 3022 822 3075 utilitatem
841 3037 889 3073 sue
905 3020 1030 3084 mollitie,
1044 3037 1093 3088 per
1103 3021 1164 3073 loce
1181 3021 1291 3086 prolec-

193 3102 235 3145 tus
255 3090 360 3142 deserte
377 3099 558 3159 transgressus
578 3097 618 3146 est
637 3093 723 3145 velles
742 3091 805 3144 illas
824 3101 851 3144 et
870 3092 1014 3156 clausuras,
1036 3093 1131 3160 quibus
1158 3091 1293 3158 Goelesy-
1358 3136 1362 3145 .

193 3164 233 3214 rie
255 3159 385 3214 acilicie
403 3163 529 3214 dividitur
550 3172 576 3213 et
594 3165 737 3231 degressus
755 3163 892 3216 laboriose
910 3164 943 3216 od
967 3163 1060 3216 urbem
1083 3163 1196 3217 Ciliciae
1224 3179 1293 3230 quae

194 3239 306 3284 vocetur
324 3232 490 3284 Alexandrus
509 3236 637 3301 (maxima
657 3237 727 3286 eninr
744 3235 908 3301 compressio
927 3236 955 3285 in
982 3235 1051 3287 locis
1079 3234 1135 3287 illis
1162 3235 1292 3286 exercitui

194 3302 309 3369 contigit
327 3310 436 3368 propter
455 3305 589 3371 augustias
608 3314 635 3356 et
654 3314 797 3372 praeruptu
821 3321 896 3358 sexa.
912 3315 938 3356 ct
965 3308 1104 3358 continues
1133 3311 1226 3374 rupes)
1254 3305 1291 3356 ibi

196 3379 284 3424 cestra
304 3379 330 3422 et
349 3371 449 3423 vallum
469 3375 554 3440 ponit,
575 3377 656 3426 etita
676 3384 817 3444 postquam
835 3377 961 3444 pervenit
979 3386 1076 3429 terram
1094 3375 1168 3427 illam
1187 3376 1293 3428 etTau-

94 3511 97 3520 ι
195 3458 252 3496 rum
270 3451 386 3494 montem
406 3460 464 3496 cum
485 3452 540 3495 toto
559 3447 678 3498 exercitu
699 3457 882 3517 transgressus
901 3448 996 3500 incidit
1013 3449 1042 3498 in
1060 3448 1220 3499 Graecorum
1236 3455 1293 3498 ter-

195 3529 268 3567 ram:
291 3515 405 3581 expositi
425 3523 513 3566 autem
531 3516 609 3568 simul
629 3517 729 3572 milites
748 3519 812 3587 gelu
840 3528 867 3570 et
891 3519 1093 3586 compressioni·
1116 3517 1235 3585 frigoris,
1260 3532 1295 3569 ex

196 3584 290 3639 calidis
310 3585 377 3637 loeis
397 3587 502 3638 adducti
523 3590 609 3655 (circe
629 3590 707 3640 finem
728 3599 784 3641 erat
802 3590 945 3642 december
962 3591 1076 3658 mensis)
1095 3589 1204 3640 multam
1228 3604 1293 3641 sen-

196 3666 288 3709 serunt
306 3659 442 3709 acritatem
462 3658 565 3725 quando
585 3661 699 3727 contigit
717 3669 746 3710 ut
765 3670 791 3712 et
809 3662 870 3728 equi
890 3669 916 3711 et
939 3659 1003 3712 muli
1024 3668 1050 3711 et
1075 3659 1206 3723 homines,
1232 3660 1294 3727 qui.

197 3742 309 3795 cumque
326 3744 379 3779 non
399 3728 482 3779 multo
503 3745 616 3796 corpore
636 3740 710 3782 erunt
729 3739 774 3782 aut
791 3747 845 3782 non
861 3732 931 3781 bene
941 3732 1043 3794 vestiti,
1054 3731 1180 3782 continuo
1192 3730 1294 3797 frigore

197 3799 317 3864 rigerent
337 3807 363 3848 et
381 3800 408 3849 in
429 3801 473 3851 via
492 3801 718 3868 relinquerentur,
738 3802 920 3869 spectaculum
938 3802 1120 3854 miserrimum*

297 3886 360 3937 'lum
380 3903 430 3956 ego
450 3904 556 3963 qupquc
576 3891 647 3940 circe
671 3893 741 3942 vium
766 3899 903 3958 angustam
925 3890 1003 3941 'lauri
1021 3892 1117 3941 montis
1138 3889 1296 3942 inevitabile

198 3959 282 4011 vitavi
301 3958 457 4024 periculum.
497 3975 579 4026 equus
599 3963 685 4024 enirn,
705 3978 758 4030 quo
777 3962 914 4024 schemen,
933 3970 1046 4013 rexatus
1064 3962 1156 4012 morbo
1178 3964 1221 4028 qui
1249 3962 1295 4025 ly-

198 4031 365 4082 coontericus
385 4037 504 4092 vocatur,
524 4047 637 4082 curvans
657 4032 795 4098 paululum
806 4034 954 4086 anteriores
964 4033 1056 4100 pedes,
1077 4032 1168 4084 babuit
1186 4037 1232 4082 me'
1245 4033 1296 4082 de-

198 4112 318 4168 gressum
337 4116 368 4152 eo
388 4101 474 4154 stetim
493 4117 508 4151 n
527 4102 618 4153 dextra
638 4111 730 4168 perte:
750 4107 778 4156 in
797 4106 904 4158 sinistre
923 4105 991 4155 enim
1016 4118 1071 4154 nou
1090 4099 1220 4170 possibile
1239 4109 1296 4154 eret

1417 218 1422 341 ι

1419 525 1425 536 .
