2875 4734
574 241 781 312 aimonis.
1184 229 1307 316 ot*

133 400 304 482 placabat,
325 402 495 484 κατεκρίθη
518 399 632 487 φυγήν.
675 401 744 471 εἶτα
766 407 933 491 γενομένης
952 409 1038 494 αὐτῷ
1057 411 1114 492 τῆς
1132 408 1235 472 καθό-

133 501 190 564 δου
214 493 375 586 α’πεστοίλη
407 500 485 565 κατὰ
518 509 581 566 τῶν
603 499 749 588 Ουννων,
770 508 832 572 τῶν
856 505 1065 588 Ῥωμαίου(
1044 507 1236 593 υπερμαχὴ-

133 625 208 681 οων,
231 626 282 664 και
302 606 475 685 τηνικαῦτα
498 604 539 666 δι’
562 607 667 674 αἰτίαν
688 610 744 689 τῆς
765 610 829 671 τῶν
850 612 1085 688 στρατιωτικῶν
1106 630 1235 696 σιτηρε-
1275 681 1279 687 ,

132 705 211 766 σιἰον
241 701 487 786 ὑποκρατήσειος
511 707 553 790 τῷ
576 697 705 788 ἄρχοντι
736 706 917 792 προσερρίη
946 712 1003 774 τοῦ
1027 709 1151 775 Χάλεπ.
1206 714 1238 778 εί

104 805 162 866 ὅδ’
183 801 347 891 εὐφρόνως
371 802 452 868 κατὰ
476 809 530 888 τῆς
553 809 669 886 οἰκείας
702 806 862 895 α’πεστοὶλη
883 811 1014 893 μερίδος
1040 813 1143 877 καίτοι
1173 836 1234 878 κα-

132 906 250 977 κωθείς
288 899 305 966 ὅ
338 899 521 988 βάρβαρος,
564 907 617 971 καί
640 909 723 992 μηδὲ
754 912 878 990 μέλλων
910 914 974 974 τοῖν
1007 911 1234 998 ὑπεσχημένων

56 1006 64 1020 '
131 1003 301 1123 τυγχάνειν
314 1007 514 1090 σιτηρτσιλυν,
537 1016 603 1083 τοῖς
623 999 892 1091 ἀναγινώσκουσιν
912 1008 1065 1090 ἐξετάζειν
1086 1015 1231 1097 παρίημι.

39 1122 42 1128 ’
130 1104 291 1188 γενόμενοι
319 1103 425 1170 τοίνυν
454 1105 533 1174 κατὰ
558 1105 592 1173 τὸ
616 1106 730 1174 Χοὶλιπ
764 1107 795 1174 οἱ
819 1103 953 1190 Ουνυοι,
978 1137 1032 1177 και
1067 1137 1233 1200 προσαναη

130 1208 299 1288 μιχθέντες
322 1207 409 1295 αὐτῷ
430 1231 464 1271 τι
487 1211 537 1331 τῷ
568 1213 832 1299 συχιιαλεσαμίνιρ
860 1215 916 1276 καί
947 1221 1014 1288 τοῖς
1034 1217 1231 1299 παρακειμί·

85 1307 196 1381 1ονοις
215 1297 360 1391 Ἄραψι,
389 1331 450 1390 την
480 1311 513 1374 ἐν
536 1311 637 1396 Συρία
657 1303 854 1393 Ἀντιόχειαν
882 1311 937 1376 καί
961 1310 1019 1389 τοὶς
1042 1322 1116 1398 παρ’
1148 1315 1233 1404 αὐτῇ

129 1406 237 1494 πόλεις
271 1431 322 1470 και
353 1409 462 1489 κώμας
494 1409 718 1495 ἀπανθρώπως
748 1411 927 1492 ἐμάστιζον.
982 1438 1034 1478 και
1068 1411 1088 1498 ἦ
1116 1416 1232 1498 μάστιξ

130 1511 258 1593 σφαγαί
296 1515 351 1575 καί
392 1508 606 1595 πυρπολήσεις
648 1510 704 1575 καί
743 1513 1002 1596 ἀνδραποδισμοί
1035 1518 1091 1580 καί
1103 1540 1105 1546 ’
1121 1521 1230 1600 lopo·
1301 1531 1304 1534 ’

128 1614 304 1694 ραγανγίαι,
335 1610 390 1676 καί
416 1609 476 1678 ὅσα
507 1620 576 1688 ταῖς
604 1617 816 1698 βαρβαρικαῖς
848 1615 1037 1698 ἐπιδρομαῖς
1060 1619 1230 1700 συμπαρέ-

129 1732 254 1775 πονται.
297 1712 368 1776 ἕπει
388 1715 417 1777 ‹l'
438 1711 501 1779 ἔδει
524 1711 680 1798 στρατιὰν
707 1717 739 1790 ἐς
761 1712 880 1789 ου’τους
910 1719 1108 1803 πεμφθῆναι,
1128 1716 1229 1802 συνή-

82 1823 119 1875 15
127 1816 273 1898 θροιστο
281 1817 341 1894 μὲν
361 1813 524 1898 ἀξιόλογον
540 1813 723 1899 στράτευμα
743 1839 795 1879 και
818 1816 970 1902 ἡγεμόνες
990 1819 1105 1883 τούτου
1127 1822 1227 1907 προί-

127 1937 257 2000 στησαν,
280 1914 300 1998 ἦ
324 1916 359 1980 δὲ
380 1917 537 2000 φειδωλία
560 1914 655 1981 πάλιν
683 1941 833 2001 απρακτοι
861 1942 914 1982 και
937 1920 1035 2004 αἰιλεῆ
1055 1918 1228 2013 κατειρχοί-
1207 1936 1256 1991 ·.f
1277 1935 1367 1994 1862.

126 2037 217 2083 σατο.
260 2038 297 2080 ου
319 2016 381 2100 γὰρ
404 2015 591 2102 ολοκληρίαν
616 2014 829 2103 η’θέλησαν“
799 2041 828 2083 οι
842 2028 1035 2104 κρατοῦντες
1054 2043 1111 2086 του
1133 2023 1227 2105 opun-

128 2141 266 2201 νιασμου
291 2128 471 2204 παρασχεῖν
493 2117 675 2203 ἀνθρώποις
697 2119 922 2202 πολεμιοιςκιιι
941 2118 1064 2206 μάχαις
1088 2147 1229 2188 κακοπα-

81 2271 90 2286 .
127 2219 242 2303 θήσειν
265 2218 471 2304 ὀφείλουσιν,
500 2219 582 2286 otta
610 2225 702 2306 μέρει
725 2219 789 2287 τινί
815 2216 944 2300 τοίτους
965 2225 1123 2314 ἐλαχίστῳ
1146 2221 1227 2306 πρὸς

79 2319 184 2391 αὐτὸν
205 2315 285 2405 ὑπὲρ
303 2322 359 2405 τῆς
383 2324 491 2407 ψυχῆς
521 2315 628 2406 alpurc
654 2325 868 2408 παρακινῆσαι
890 2319 1103 2389 ἐσπούδασαν.
1148 2325 1228 2390 οίπὲ-

126 2445 227 2505 τυχον
262 2423 297 2486 δὲ
329 2416 409 2487 ὅλων
436 2417 527 2505 ὁμοῦ.
577 2421 613 2489 td
642 2427 702 2507 μὲν
741 2423 804 2508 γὰρ
834 2421 974 2506 ι’ψῶνιον
1008 2422 1039 2490 οἱ
1070 2428 1228 2512 στρατιῶ-

128 2520 367 2606 κατεδέξαντο,
401 2523 479 2591 κατὰ
509 2526 544 2589 δὲ
567 2529 629 2594 τοῖν
663 2531 813 2594 ἐναντίοιν
837 2528 1036 2611 πορευθῆναι
1065 2529 1107 2590 ου’
1127 2551 1228 2594 ικατε-

127 2625 278 2707 δέξοιντο,
309 2628 404 2711 μέροςΙ
430 2652 463 2694 τι
490 2629 551 2694 ταῖν
579 2625 885 2716 προῦστερησοέντοιν
915 2627 1026 2704 αὐτοῖς
1057 2624 1228 2712 λογισάμε-

128 2749 176 2791 νοι
198 2731 301 2795 τοῦτο.
345 2731 401 2795 καί
421 2727 530 2817 φωνὴν
551 2727 726 2818 ἐγείραντες
756 2723 879 2818 ἄσημον
903 2732 950 2808 εἷς
972 2727 1012 2796 τοὶ
1036 2733 1136 2798 οἰκεία
1159 2732 1228 2796 διε-

201 2915 242 2969 15.
259 2918 347 2976 πάλιν
366 2915 496 2991 ἄπρακτα
512 2885 599 2979 πάλιν
617 2923 665 2975 nat
684 2919 713 2974 Ο.
806 2921 850 2992 λλ.
871 2919 902 2974 dl
919 2917 996 2992 δμοῦ
1016 2916 1090 2974 ὅλοιν
1108 2916 1224 2993 δμοῦὒ.

127 3082 190 3139 tus,
216 3074 312 3128 missus
341 3082 382 3128 est
409 3084 502 3128 contra
528 3075 659 3137 linones,
687 3072 797 3125 Graecis
823 3082 1053 3146 propugnaturusr
1073 3082 1153 3144 atque
1171 3084 1226 3128 tum

127 3154 308 3213 surreptorum
325 3147 479 3198 militarium
498 3145 708 3211 stipendiorum
702 3152 837 3196 incusatus
841 3131 944 3196 ducem
964 3147 1092 3198 convenit
1102 3147 1225 3214 Chalepi.

126 3233 189 3268 uum
208 3227 294 3271 autem
316 3216 439 3272 consulto
462 3221 554 3265 contra
572 3231 645 3268 suam
672 3216 768 3266 missus
794 3217 829 3268 sit
848 3225 948 3283 partem
969 3220 1089 3301 quamvis
1108 3220 1225 3272 offensus

125 3288 269 3355 barbarus,
288 3305 377 3357 neque
397 3300 461 3339 vero
483 3285 587 3337 obiecta
605 3287 739 3354 stipendia
757 3288 915 3354 adepturus,
936 3289 1030 3356 peritis
1054 3293 1224 3375 investigan-

125 3361 187 3412 dum
206 3361 347 3430 relinquo:
367 3359 525 3426 congregati
544 3359 633 3425 igitur
645 3367 737 3410 contra
757 3358 902 3427 Chalepum
921 3361 1010 3415 Hunni
1037 3371 1063 3414 et
1090 3365 1225 3415 commixti

124 3432 179 3514 ipsi
198 3431 358 3484 convocanti
385 3437 411 3480 et
429 3429 593 3482 adstantibus
616 3430 749 3483 Arabibus
774 3431 943 3484 Antiochiam
967 3432 1062 3498 Syriae
1086 3434 1178 3484 urbem
1198 3442 1225 3486 et

123 3503 229 3555 vicinas
254 3502 333 3552 urbes
362 3508 389 3552 ct
406 3516 489 3570 pagos
515 3502 543 3553 iu
570 3500 728 3555 solitudines
747 3502 965 3571 flagellabantar3
987 3513 1067 3572 atque
1088 3503 1224 3573 flagellum

124 3581 184 3626 crat
203 3572 299 3624 caedes
322 3580 348 3623 ct
367 3573 490 3624 incendia
510 3580 536 3624 et
555 3575 725 3640 captivitates
745 3583 771 3625 at
788 3575 976 3640 praedationes
996 3581 1023 3625 et
1047 3589 1223 3657 quaecunque

121 3642 253 3696 barbaros
272 3643 440 3697 incursiones
459 3653 614 3713 sequuntur.
654 3662 712 3696 curn
731 3653 819 3696 autem
838 3661 951 3698 necesse
965 3652 1046 3709 esset,
1064 3653 1093 3696 ut
1105 3661 1178 3698 acres
1190 3645 1222 3699 ad

100 3751 102 3755 -
123 3728 172 3767 eos
191 3715 350 3779 mitteretur,
370 3725 477 3768 coactus
497 3724 538 3768 est
550 3716 730 3768 memorabilis
750 3718 883 3768 exercitus
904 3723 931 3765 et
947 3715 1029 3767 duces
1048 3717 1072 3767 ei
1093 3717 1221 3784 praefue-

122 3794 195 3850 runt,
220 3787 381 3852 parsimonia
405 3796 492 3840 autem
520 3803 611 3842 rursus
636 3788 745 3838 iniectis
764 3787 844 3838 rebus
863 3802 922 3836 eum
942 3793 969 3836 et
985 3785 1134 3856 ingloriose
1153 3805 1220 3843 con.

123 3859 206 3909 lecit:
233 3873 322 3925 neque
343 3859 410 3912 eniin
430 3861 562 3928 integrum
581 3858 727 3911 voluerunt
746 3857 876 3924 praelecti
896 3866 1069 3910 commeatum
1091 3862 1221 3928 praebere

123 3929 275 3982 hominibus
304 3929 465 3983 bellantibus
485 3939 511 3982 et
528 3933 625 3998 pugnis
650 3929 831 3992 laboraturis,
857 3929 905 3980 sed
929 3938 1005 3996 parte
1029 3935 1140 4000 quadam
1172 3931 1220 3982 hos

122 4001 231 4053 minima
250 4002 282 4053 ad
293 4002 366 4053 vitae
376 4011 510 4056 certamen
529 4017 640 4054 movere
659 4001 833 4052 studuerunt:
853 4001 1026 4068 perdiderunt
1037 4013 1123 4055 autem
1141 4001 1220 4053 simul

125 4073 221 4139 omnia,
242 4081 415 4126 commeatum
431 4075 500 4126 enim
519 4074 619 4126 milites
632 4079 804 4139 acceperunt,
826 4082 918 4125 contra
937 4063 1029 4126 hostes
1049 4082 1135 4126 autem
1154 4087 1219 4141 pro.

124 4143 209 4200 ticisci
226 4163 280 4200 non
298 4148 497 4213 sustinuerunt3
517 4161 578 4215 pars
604 4145 733 4216 quaedam
751 4145 986 4200 advenientium''
968 4161 1002 4199 us
1021 4145 1219 4205 considerantes
