2875 4734
501 299 518 310 ”
555 301 575 310 ’”
634 295 871 397 HlS'llORlAa
942 295 947 302 ’
997 301 1002 306 ’
1238 285 1292 365 83

188 466 244 528 καί
264 463 309 539 είς
330 463 479 526 τοσοῦτον
501 456 641 541 οκυλμίιν
669 458 871 546 περιήγοντο,
890 460 946 543 τής
966 458 1140 543 ἐπιδρομῆς
1160 456 1216 522 καί
1233 459 1289 542 τής

188 561 318 648 ἐνέδρας
351 561 410 646 μή.
426 561 580 646 ληγούσης
608 563 670 626 τάν
698 563 871 626 ἐναντίων·
924 554 963 622 τά
995 560 1032 622 δέ
1054 560 1111 645 τής
1131 553 1289 642 Βάράπης

104 659 107 668 ’
188 663 316 728 ἐνόσουν
335 665 396 744 μὲν
419 665 474 727 καί
484 661 567 724 ου’τά
590 671 658 736 ταῖς
676 666 740 726 τοῖν
756 657 969 740 Πατζινάκων
984 661 1182 744 ἐπιδρομαῖς,
1207 680 1289 740 σχο-

188 765 286 840 λαίως
307 765 343 827 δὲ
363 763 420 827 καί
436 764 582 845 βραδέως
604 761 658 826 καί
693 765 785 845 μέρει
807 760 870 827 τινί
896 762 941 850 τῷ
964 757 1044 842 πρὸς
1065 755 1186 833 αάτοάς
1207 763 1289 842 πλη-

117 888 125 906 ¹
162 862 339 942 δοιάζοντο.
382 863 572 948 προετέρουν
590 864 625 928 δὲ
648 859 682 927 ἔν
702 887 767 927 τισι
797 866 986 946 προσβολαῖς
1009 855 1039 923 οἱ
1057 857 1210 940 Ῥωμαῖοι
1233 857 1289 923 καί

187 955 286 1051 ἧτταν
310 960 575 1046 α’νελαμβάνοντυ.
626 963 664 1027 σά
685 961 751 1047 μήν
772 965 833 1026 οιίδ
860 959 960 1026 ἐκεῖσε
988 955 1229 1046 κατεπολεμήβη
1252 958 1290 1025 τά

86 1049 91 1055 ¹
187 1068 355 1151 πολεμοῦν,
377 1065 530 1150 σπονδαῖς
556 1068 593 1130 ’δὲ
625 1066 724 1146 μόνον
745 1065 918 1148 εἰρηνικαῖς
946 1059 1123 1147 διαστολὴν
1145 1058 1291 1144 ἐλάμβα-

187 1161 274 1250 νενή
296 1169 354 1230 ποῖ
378 1162 491 1240 ἔθνους
513 1159 681 1248 ἐπιδρομή.
738 1161 777 1228 τά
802 1165 837 1228 δὲ
858 1165 914 1248 τῆς
933 1164 1050 1248 άρετής
1067 1163 1291 1248 προτερήματα

186 1259 300 1332 ταῦτα.
1282 1304 1289 1308 -

145 1377 178 1431 10
291 1369 355 1452 Τῆς
375 1367 400 1448 y'
423 1366 621 1442 ι’νδικτιάνος
642 1363 807 1449 ε’νστάσης,
831 1366 1026 1448 ἐπάρχοντος
1047 1368 1109 1430 τῶν
1132 1361 1212 1429 κατά
1232 1363 1290 1429 τάν

179 1463 301 1554 Ἴστρον
321 1465 444 1531 πόλεων
475 1470 567 1531 τοῦτε
587 1467 764 1550 μανίοτρου
789 1469 947 1548 βασιλέως
973 1466 1032 1529 τοῦ
1053 1463 1215 1550 Ἀποκάπη
1235 1469 1292 1530 καί
1304 1492 1308 1502 ·

153 1559 157 1564 “
186 1571 244 1636 τοῦ
264 1572 442 1652 μαμίστρου
467 1566 658 1652 Νικηφόρον
681 1570 739 1631 τοῦ
751 1561 944 1651 περιβοήτου
959 1562 1185 1652 Βοτανειάτου,
1206 1591 1291 1650 παγ-

187 1673 269 1751 νινεί
299 1665 334 1732 τὸ
366 1671 429 1732 τοῖν
456 1659 576 1745 ,Οάζων
607 1662 700 1742 ἔθνος
727 1665 805 1748 μετὰ
832 1668 888 1749 τῆς
915 1665 999 1740 ἰδίας
1030 1662 1208 1749 ἀποσκευῆς
1238 1664 1291 1732 τὸν

181 1759 305 1856 Ἵστρον
331 1769 571 1851 διυπεραιωθὲν
597 1763 702 1846 ξάλοις
723 1775 857 1851 μακροῖς
877 1768 931 1830 καί
955 1769 1085 1848 λέμβαις
1106 1768 1291 1853 ου’τοπρέμ-

145 1881 177 1934 15
188 1895 252 1947 νοις
274 1872 328 1934 καί
348 1865 499 1955 βύρσαις,
519 1863 593 1941 τοάς
624 1867 862 1943 διακωλύοντας
893 1864 950 1949 τήν
972 1865 1094 1932 τούτων
1114 1868 1306 1951 περαίωσιν

189 1967 398 2056 Βουλγάρους
418 1973 473 2034 καί
492 1964 621 2046 λοιποὺς
642 1968 838 2054 στρατιώτας
861 1969 1122 2055 κατηγωνίσαντο,
1142 1971 1197 2032 καί
1215 1966 1290 2043 resia

186 2068 342 2155 ἡγεμόνας
365 2067 471 2133 αὐτῶν
492 2068 594 2134 καίτοι
623 2071 913 2151 διαγωνισαμένους
932 2069 1098 2153 έκθάμως,
1127 2070 1182 2133 καί
1201 2072 1290 2150 μάλ·
1359 2109 1362 2112 -

160 2172 163 2176 ’
187 2177 241 2237 λον
260 2173 320 2235 τοῦ
337 2170 564 2254 Βοταιςειάτου,
586 2171 815 2253 αἰχμαλώτους
825 2173 1016 2254 παρέλαβον,
1038 2167 1093 2234 καί
1112 2167 1170 2254 τήν
1190 2172 1289 2235 ἐκεῖσε

186 2275 291 2338 πάσαν
314 2271 501 2355 ἐπλήρωσαν
517 2267 695 2352 increpet·
741 2273 974 2356 συνεψηφίζετο
994 2268 1056 2356 γάρ
1073 2267 1109 2335 τὸ
1132 2266 1223 2345 ἔθνος
1242 2274 1289 2347 είς

143 2367 333 2457 ῖθὲξήκοντα
375 2371 538 2457 μυριάδας
571 2371 706 2456 άνδρῶν.
763 2378 862 2455 μοῖρα
896 2373 932 2435 δέ
961 2395 1009 2446 τις
1046 2371 1105 2432 orla
1135 2373 1289 2458 ἐλαχίστη

186 2478 249 2540 τάν
269 2472 337 2539 ἐκεῖ
353 2472 536 2550 σπουδαίως
559 2465 713 2558 άπάρασα
735 2470 771 2537 τά
793 2471 965 2565 Ἰλλυρικὸν
996 2467 1081 2537 άπαν
1103 2464 1181 2556 algas
1203 2474 1289 2538 Θεσ-

186 2573 351 2664 σαλονίκης
383 2576 439 2640 καί
467 2575 568 2658 αὐτῆς
584 2572 731 2650 Ἑλλάδος
759 2577 937 2659 κατέδραμε
972 2573 1027 2638 καί
1056 2570 1287 2658 κατεληίσατο,

186 2675 242 2742 καί
269 2678 358 2742 λείαν
392 2669 507 2763 ήλασευ
533 2675 593 2740 ουίι
622 2675 814 2761 άριθμητήν.
862 2678 997 2760 χειμῶνι
1029 2677 1065 2742 δὲ
1095 2677 1210 2763 πολλῷ,
1229 2699 1289 2741 πε-

261 2853 302 2907 10.
323 2856 391 2924 ruis]
421 2855 471 2909 τοῦ
489 2852 520 2908 0.
539 2855 657 2908 correxit
674 2855 817 2922 interpres.

189 3007 308 3076 abnam
324 3008 488 3082 (planctum)
508 3009 721 3073 adducebantur,
740 3008 894 3061 incursione
919 3016 947 3060 et
963 3009 1068 3061 insidiis
1084 3023 1141 3060 non
1159 3008 1287 3064 desinen.

188 3079 259 3132 tibus
278 3081 401 3134 bostium.
441 3083 511 3150 quod
529 3090 616 3131 autem
635 3081 768 3146 Europam
792 3081 896 3143 attinet,
922 3081 1096 3146 aegrotabant
1115 3081 1194 3132 etiam
1212 3083 1288 3151 ipsae

187 3168 231 3204 res
249 3152 449 3205 Petrinacorum
468 3151 675 3215 incursionibus,
693 3151 769 3202 lente
785 3159 872 3201 autem
897 3159 923 3202 ct
941 3151 1018 3218 pigre
1037 3159 1065 3202 ct
1081 3160 1158 3219 parte
1177 3154 1288 3222 quadam

108 3262 112 3271 .
187 3223 221 3274 iis
240 3225 383 3276 coniuncta
402 3223 555 3288 superiores
576 3231 651 3273 erant
668 3224 696 3272 in
725 3220 878 3288 quibusdam
897 3223 1039 3289 impetibus
1058 3221 1163 3289 Graeci,
1184 3232 1210 3275 et
1230 3225 1288 3278 cla.

187 3294 245 3345 dem
263 3295 460 3356 resarciebant,
486 3295 717 3346 verumenimvero
736 3309 791 3346 non
809 3293 846 3345 ibi
864 3293 1025 3347 debellatum
1051 3303 1092 3347 est
1108 3295 1218 3364 bellum,
1238 3314 1288 3366 pa.

188 3366 319 3417 orionibus
339 3373 439 3416 tantum
458 3365 577 3430 pacificis
596 3365 675 3418 linem
694 3366 817 3435 capiebat
829 3365 1181 3434 populiineursiotvirtutis
1200 3379 1288 3431 autem

188 3436 258 3489 lacta
275 3438 343 3488 haec
369 3443 452 3486 erant.
489 3436 491 3445 ’
846 3496 857 3508 ἦ

286 3507 373 3558 Tertia
399 3515 485 3558 autem
510 3509 655 3561 indictione
680 3512 791 3574 ineunte
816 3511 982 3579 principibus
1006 3511 1110 3561 urbium
1136 3511 1168 3561 ad
1192 3511 1288 3563 lstrum

117 3599 121 3603 ·
187 3581 297 3633 sitarum
321 3579 448 3646 magistro
473 3581 546 3648 regis
571 3581 698 3651 Apocape
718 3591 745 3634 ct
769 3585 896 3649 magistro
915 3581 1067 3649 llicephoro
1086 3581 1186 3633 illustri
1203 3583 1288 3634 Bota.

186 3651 260 3700 niate
277 3656 333 3699 tota
351 3656 432 3718 gente
451 3649 566 3703 Unorum
584 3655 699 3720 populus
718 3655 827 3720 proprio
853 3671 911 3705 cum
938 3661 1065 3719 apparatu
1090 3653 1184 3704 lstrum
1209 3655 1289 3708 traii.

73 3786 76 3797 γ
188 3721 262 3771 ciens
281 3719 362 3788 liguis
381 3720 470 3802 longis
490 3731 517 3774 et
535 3723 630 3775 lembis
649 3727 775 3777 radicitus
795 3726 872 3776 lactis
900 3733 927 3775 et
945 3722 1063 3790 pellibus
1080 3724 1224 3796 Bulgaros,
1280 3727 1290 3775 i

187 3792 282 3842 borum
300 3794 436 3844 transitum
455 3809 549 3846 arcere
568 3794 682 3860 vellent,
703 3805 730 3846 et
747 3795 868 3863 reliquos
885 3795 985 3846 milites
1004 3795 1173 3850 debellarunt
1191 3808 1218 3850 et
1253 3815 1287 3853 u-

188 3879 233 3914 ces
253 3876 345 3913 eorum
363 3863 428 3914 licet
446 3873 595 3934 pugnantes
615 3866 721 3918 fortiter
740 3875 767 3916 et
790 3867 874 3934 magis
892 3866 1044 3932 botaniate,
1065 3872 1185 3936 captivos
1204 3884 1289 3934 cepe-

186 3937 256 3997 rum,
278 3942 304 3984 et
322 3934 359 3985 ibi
379 3948 482 3988 omnem
507 3938 688 4004 impleverunt
714 3952 850 4004 campum:
878 3939 1065 3991 numerabatur
1085 3942 1153 3991 enim
1172 3955 1207 4004 po
1227 3938 1289 3989 ulus

188 4007 259 4058 cirea
279 4007 417 4076 sexaginta
436 4008 568 4074 myriades
585 4008 731 4060 bominum.
775 4008 838 4060 l'ars
858 4019 945 4061 autem
965 4011 1092 4078 quaedam
1110 4024 1164 4059 non
1182 3955 1290 4060 mfnima

188 4091 289 4141 eorum,
309 4078 354 4144 qui
373 4076 410 4127 ibi
430 4087 514 4144 crant,
534 4079 654 4134 studiose
673 4080 928 4164 prolectalllyriam
947 4090 1030 4133 totam
1049 4095 1134 4148 usque
1152 4082 1185 4132 ad
1203 4079 1289 4135 mes-

186 4147 331 4201 salouicam
360 4155 386 4198 et
409 4150 493 4215 ipsam
522 4150 659 4204 Graeciam
682 4155 796 4204 incurrit
819 4161 847 4204 et
881 4153 1010 4221 spoliavit
1041 4161 1067 4202 et
1097 4159 1200 4220 raptum
1229 4154 1290 4204 cxi-

98 4217 103 4226 '
186 4219 266 4288 gelat
283 4221 513 4274 innumerabilem.
556 4225 708 4295 tempestati
734 4232 822 4277 autem
840 4224 939 4276 multae
968 4223 1077 4275 obnoxii
1097 4226 1206 4278 eumad
1226 4236 1290 4279 auos
