2875 4734
588 331 796 398 tustoutt.
829 363 833 367 «
1189 333 1235 403 71

131 497 294 577 βακτηρία
323 500 391 568 τοῖς
420 494 567 574 γέρουσι,
604 494 660 555 καί
680 500 755 567 παῖς
784 495 824 579 τῇ
853 496 997 558 διαθέσει
1027 497 1083 560 καί
1102 495 1237 580 μιμήσει

134 597 191 678 τῆς
214 595 350 682 φύσεως.
374 593 566 676 εὐθηνήσετε
588 594 622 656 δὲ
645 596 677 656 ἐν
700 590 781 674 ἐμοί,
802 597 859 656 καί
886 591 920 656 τὸ
943 592 1141 680 προφητικὸν
1159 602 1237 680 πλη·

137 691 336 776 ρωθήσεται·
382 690 520 776 α’λὴθεια
544 691 605 774 γοὶρ
641 694 675 758 ἐκ
694 695 750 776 τῆς
768 695 825 776 γῆς
849 695 1011 775 coarctas,
1035 697 1088 759 καί
1114 695 1238 760 δικαιο-

133 790 216 874 σύνιγ
234 795 269 857 ἐκ
286 795 342 856 τοῦ
357 791 495 876 οὐρανοῦ
512 789 674 872 trandum,
696 791 753 856 καί
772 792 878 866 ου’δείς
901 790 990 858 ἔσται
1011 793 1163 873 καθάπαξ
1185 797 1240 862 ἐπί
1299 843 1304 852 ,

105 903 123 956 5
136 895 198 958 ταῖν
214 889 303 976 ἡμῶν
318 889 444 977 ἡμερῶν
460 895 476 956 ὁ
489 897 654 981 στεναγμῷ
669 892 725 957 καί
742 894 898 982 κλαυθμῷ
911 896 966 958 καί
978 894 1122 978 στερήσει
1137 895 1237 983 ἀδίκῳ

134 991 448 1078 συγχυθιρσόμενος.”
503 995 605 1058 ταῦτα
627 997 735 1072 εἰπών,
756 995 811 1058 καί
824 990 1077 1077 συναποκριῖψας
1104 991 1235 1078 ἑαυτόν,

134 1094 178 1169 οἱς
198 1091 271 1168 ἔθος
292 1102 355 1169 τοῖς
372 1097 558 1178 βασιλεῦσι,
591 1092 857 1177 παραπετάσματι
886 1092 946 1158 σέν
967 1095 1124 1183 εὐφημίρ,
1144 1096 1246 1182 μεγί··ἱ

132 1217 222 1268 σταις
245 1191 426 1259 ἐλπίσικαῖ
449 1192 690 1279 φιλανθρώποις
712 1199 871 1278 μετέωρον
893 1191 1065 1279 εἰργάσατο
1089 1193 1126 1259 τὸ
1150 1193 1237 1279 υπς’-

132 1316 215 1360 κοου.
259 1292 294 1357 τέ
318 1295 346 1357 δ’
369 1293 431 1358 α’πὸ
455 1296 548 1359 τοῦδε
567 1297 696 1376 τῆςτοὸν
718 1295 914 1379 πραγμάτων
934 1293 1085 1376 ἐχόμενος
1104 1295 1235 1381 οἷντιλὴ-

84 1399 121 1453 10
133 1410 219 1474 ψεως
250 1396 522 1482 α’νθαμιλλωμένιρ
554 1389 644 1482 ἐῴκει
679 1404 743 1469 τοῖς
769 1390 887 1458 ἑαυτοῦ
915 1394 971 1458 καί
998 1397 1236 1480 προγαροὶττειν

131 1485 202 1558 ἄλλ’
224 1487 313 1575 ἄττα,
332 1497 390 1558 τοῦ
411 1499 569 1592 ἐπιεικοῦς
591 1499 646 1559 καί
665 1499 801 1578 μετρίου
830 1493 874 1579 μή
906 1496 1131 1580 ἐφιστάμενος.
1175 1520 1233 1560 πε-

130 1598 241 1678 ποιίγκε
265 1598 378 1660 tiana·
408 1597 561 1680 τιμήσεις,
582 1595 640 1660 καί
661 1588 741 1680 ἦσαν
764 1593 795 1660 οἱ
819 1600 1005 1681 τιμηθέντες
1037 1597 1148 1659 πολλοὶ
1168 1600 1233 1662 τοῦν
1308 1622 1314 1631 ·

129 1721 165 1762 τε
188 1698 243 1780 τῆς
268 1699 389 1782 α’γορᾶς
414 1699 470 1762 καί
487 1700 540 1782 τῆς
560 1694 735 1780 συγκλήτου
754 1701 881 1781 βουλῆς.
926 1692 1100 1781 ἐνώρθωσε
1123 1699 1157 1762 dt
1177 1697 1234 1763 καί

129 1793 207 1872 τούς
230 1789 289 1882 ἤδη
310 1797 396 1882 παραὶ
430 1804 486 1863 τοῦ
516 1794 576 1880 πρὸ
602 1797 703 1862 αὐτοῦ
732 1795 993 1877 βεβασιλευκότος
1020 1801 1085 1862 τῶν
1108 1801 1233 1864 οἰκείων

83 1907 121 1960 15
131 1899 372 1974 ἐκπεπτωκότας
394 1899 513 1978 τιμιὸυ·
556 1894 611 1961 καί
629 1895 691 1980 γάρ
716 1901 834 1972 ἐκεῖνος
853 1894 928 1971 τούς
950 1900 995 1984 τῷ
1007 1902 1233 1982 καθαιρεθένιι

129 2003 207 2083 παρ’
238 1999 338 2064 αυτοῦ
364 2003 496 2079 βασιλεῖ
521 2001 819 2087 προσῳκειωμένους
846 1996 983 2073 πολλοὺς
1014 1997 1108 2077 ὅσους
1127 2026 1234 2085 παγα-

129 2101 204 2174 νοὸς
224 2101 258 2178 ἐξ
279 2101 412 2180 ἐντίμων
433 2101 603 2181 α’πέδειξε,
633 2101 687 2164 καί
713 2099 758 2176 εἰς
786 2097 843 2174 τὰς
873 2101 967 2183 σφῶν
1001 2101 1108 2166 adesir
1142 2103 1233 2181 α’ξίας

129 2196 224 2266 πάλιν
247 2195 264 2262 o‘
286 2197 415 2275 Δυιίκας
436 2202 660 2265 α’νεκαλέσατο.
1045 2266 1050 2277 ,

225 2293 292 2366 Ἔτι
313 2302 347 2364 δὲ
368 2304 424 2365 τοῦ
457 2297 596 2383 κράτους
626 2298 716 2388 αὐτῷ
746 2305 1023 2381 συναυξανομένου
1054 2303 1169 2388 ἐπέστη
1190 2299 1228 2368 ω’

79 2404 182 2483 waic
204 2402 344 2468 ἐπετείου
360 2397 469 2484 ἑορτῆς
489 2405 549 2466 scri
567 2405 601 2466 ἐν
619 2403 760 2484 μάρτυσι
777 2397 981 2485 περιωνύμου
1005 2396 1099 2484 ἁγίου
1120 2403 1152 2465 Γ
1148 2425 1231 2486 τωρ·
1324 2458 1332 2466 .

126 2505 210 2583 γίσυ.
254 2499 335 2582 μετὰ
366 2503 402 2566 δὲ
431 2499 489 2585 τήν
512 2507 571 2568 τοῦ
591 2506 682 2568 θείου
706 2502 818 2586 πάσχα
846 2500 1000 2587 σωτήριον
1029 2505 1232 2589 ἐπιφοίτησιν

127 2600 183 2666 καί
202 2599 218 2665 ὅ
239 2603 411 2684 βασιλεύς,
440 2602 483 2679 ὥς
507 2595 545 2688 ἦν
571 2605 634 2669 α’πό
669 2607 724 2668 τοῦ
755 2601 956 2686 Μονυμόχου
984 2606 1258 2684 τεθεσπισμένονλ.
1279 2615 1374 2671 1811.

128 2699 206 2778 τους
234 2700 312 2768 torci
344 2701 402 2788 τήν
435 2704 558 2790 ἡμέραν
586 2710 728 2788 βασιλεῖς
765 2706 811 2781 είς
831 2702 868 2769 cd
900 2707 959 2770 τοῦ
986 2705 1080 2789 ἁγίου
1112 2704 1230 2792 φοιτᾶν
1275 2783 1280 2792 ‚

203 2897 226 2947 1.
246 2900 327 2968 παῖς]
347 2897 553 2955 odoratiora?
661 2902 686 2952 2.
707 2896 892 2967 ου’θρνὴσεται
909 2898 939 2953 G.

128 3096 171 3132 rue
190 3088 218 3131 et
235 3080 390 3132 vaticinium
410 3080 622 3133 confirmabitur:
643 3080 743 3132 veritas
763 3079 833 3129 enim
852 3087 957 3130 eterra
975 3080 1077 3130 orietur
1096 3086 1124 3128 ct
1149 3078 1229 3129 iusti.

128 3154 166 3205 tia
184 3168 200 3203 c
219 3151 296 3204 coelo
315 3167 344 3202 se
364 3152 503 3214 deflectet,
523 3166 611 3216 nequo
630 3151 768 3218 quisquam
788 3150 895 3200 omuino
914 3150 966 3200 crit
982 3149 1081 3201 uostris
1099 3150 1230 3216 tempori.

127 3223 177 3276 bus
202 3224 302 3290 gemitu
334 3231 360 3274 ct
377 3223 451 3274 *fletu
480 3229 506 3270 ct
530 3228 607 3285 raptu
626 3221 725 3272 iniusto
745 3219 880 3272 confusus.
918 3219 986 3272 hacc
1005 3236 1063 3271 curu
1082 3219 1186 3272 diceret
1203 3227 1231 3271 ct

128 3294 277 3346 occultaret
303 3309 332 3344 sc
358 3302 387 3343 ut
411 3306 468 3342 mos
493 3292 660 3358 cstregibus
679 3292 797 3358 tegmine
816 3307 873 3342 cum
893 3292 1090 3355 benedictione,
1109 3291 1229 3349 maximis

129 3365 372 3432 exspectationibus
402 3371 429 3413 ct
453 3362 573 3415 humanis
600 3364 684 3415 elutos
712 3363 826 3414 reddidit
843 3363 988 3417 subiectos.
1026 3363 1122 3414 deiude
1141 3371 1229 3414 autem

127 3437 239 3502 irnperio
256 3442 365 3500 recepto
381 3434 520 3487 videbatur
533 3444 636 3487 certare
649 3449 750 3498 secum,
770 3445 797 3487 et
812 3435 968 3488 adumbrare
980 3437 1096 3486 invicem
1107 3433 1228 3485 clemen.

128 3509 191 3580 tiam
212 3515 237 3556 et
251 3506 405 3556 modestiam
418 3521 470 3557 uon
488 3507 640 3560 desistebat.
679 3506 745 3558 fecit
760 3515 848 3558 autem
863 3509 941 3558 etiam
953 3507 1087 3558 honoreac
1108 3511 1134 3554 et
1154 3511 1229 3552 erant

128 3578 253 3630 honorati
279 3573 354 3626 multi
381 3594 412 3629 ex
437 3578 480 3642 iis,
506 3579 596 3646 quiin
623 3578 682 3629 foro
709 3586 736 3630 et
761 3587 854 3630 senatu
880 3585 963 3630 eraut.
1001 3575 1117 3628 restituit
1141 3581 1229 3623 autem

129 3652 210 3702 etiam
230 3649 341 3715 eosqui
361 3649 410 3701 ium
430 3665 445 3699 a
464 3651 603 3716 superiore
621 3666 686 3717 rege
706 3651 791 3716 putria
808 3650 887 3702 eiecti
907 3657 983 3699 eraut
998 3648 1141 3697 honorans.
1186 3651 1229 3705 et-

129 3722 200 3772 cnim
220 3718 267 3770 illc
286 3735 362 3788 quarn
381 3721 519 3787 plurimos,
540 3722 585 3789 qui
604 3723 662 3790 regi
682 3736 697 3771 a
716 3738 746 3774 se
764 3721 869 3773 sublato
889 3710 1035 3769 familiares
1055 3716 1175 3778 fuerant,
1202 3715 1228 3764 in

128 3805 247 3860 paganos
275 3794 385 3844 mutavit
411 3808 444 3844 ex
464 3792 616 3860 ¹honoratis,
643 3801 723 3860 atque
748 3791 797 3842 hos
821 3793 848 3842 in
874 3792 945 3856 ipsas
971 3803 1061 3840 eorum
1085 3788 1228 3855 dignitates

128 3879 220 3914 rursus
240 3862 326 3913 Discus
353 3864 501 3916 revocavit.

229 3951 282 4000 iam
303 3965 369 4001 vero
388 3951 485 4002 robore
505 3953 529 4002 ei
550 3959 628 4002 aucto
648 3950 763 4001 instabat
781 3949 941 4014 festuadies,
953 3950 997 4017 qui
1016 3947 1158 4018 quota'nuis
1178 3963 1227 3998 ce.

128 4021 265 4084 lebratur‚
295 4020 404 4074 illustria
430 4025 499 4074 inter
526 4031 656 4087 martyres
685 4021 769 4073 sancti
796 4020 913 4088 Georgii.
952 4029 1013 4087 post
1036 4021 1120 4072 divini
1139 4026 1226 4070 autem

129 4094 191 4144 iusti
218 4091 331 4144 faustum
356 4094 497 4146 adveutum
517 4096 595 4144 etiarn
614 4109 662 4144 rex
680 4098 709 4142 ut
728 4101 785 4142 erat
803 4094 865 4144 inde
883 4109 898 4143 a
917 4092 1090 4145 Monomaciro
1109 4092 1226 4155 impera.

130 4171 194 4226 tum,
214 4171 243 4214 ut
262 4165 306 4232 qui
326 4171 379 4214 tunt
400 4173 491 4218 essent
508 4181 589 4234 reges
607 4166 640 4217 ad
659 4165 743 4216 sancti
762 4166 832 4216 ireut
849 4166 1012 4231 martyrium,
1031 4161 1076 4212 ubi
1094 4162 1152 4227 ipse
1178 4173 1227 4213 aa.

124 4231 227 4300 ¹diii'cia¹
240 4235 379 4302 splendida
398 4243 425 4287 et
448 4240 565 4303 pretiosa
585 4246 613 4288 et
630 4236 738 4304 regibus
758 4245 819 4303 apta
838 4238 1020 4297 constituerat,
1040 4240 1070 4283 ut
1086 4232 1227 4300 igiturex.
