2875 4734
223 281 273 359 ct
513 287 730 360 nrcnamrs
761 285 1021 357 amanteum
1071 278 1075 286 '

222 453 291 540 μός,
308 455 458 537 τέσσαρσι
479 451 559 538 πρός
579 455 621 541 τῷ
644 448 753 536 ἡμίσει
772 449 889 532 μιλιόις
908 448 944 515 τό
959 443 1054 535 εύρος
1074 448 1328 537 ἀποτεινόμενος,

223 557 257 620 ἐν
281 562 344 630 τοῖς
372 557 576 638 στενωτέροις,
610 554 711 617 αύτού
745 552 922 635 διαβημασι
950 554 1231 635 διαπεραιωθέντες
1270 552 1329 617 τόν

224 648 383 734 ποταμόν,
405 652 553 737 ἡγεμόνος
575 655 683 728 αύτοϊς
704 650 898 731 α’νεοόξαντος
919 649 978 736 τήν
1003 649 1079 716 ὁδόν
1095 645 1131 726 ός
1151 657 1328 738 προειλημ-

219 740 317 835 μένος
337 752 393 818 καί
411 757 541 840 ταπεινῇ
569 752 651 842 τύχη
673 757 970 835 συμπεπορισμένος
1001 754 1057 816 καί
1082 754 1224 840 δουλικῇ,
1245 751 1327 834 μετό

222 851 373 936 τελευτὴν
393 855 450 918 τοῦ
470 859 656 938 κρατοῦντος
677 850 831 916 δεσπότου
856 854 910 935 τῆς
933 855 1097 937 Περσικῆς
1126 851 1253 936 μέμονεν
1271 849 1352 938 ἐγ.5

222 953 351 1037 κρατὴς,
374 954 429 1018 καί
441 941 686 1036 α’καταμόχητον
708 955 821 1026 σθένος
843 943 909 1016 οἷον
927 961 995 1027 τοῖς
1016 954 1119 1019 ἐκείσε
1138 956 1236 1018 πόσιν
1254 955 1327 1018 ἐνα-

222 1053 429 1135 ποδείξαντες,
441 1051 701 1138 πρόςόνίσχοντα
716 1049 806 1136 ἥλιον
818 1061 882 1127 τοῖς
896 1052 1062 1137 Ἰβηρικοῖς
1078 1048 1176 1138 όρίοις
1185 1047 1327 1138 προσήχ-

221 1179 325 1238 χισαν,
337 1153 392 1219 καί
407 1155 662 1239 καταδραμόντες
677 1156 823 1238 πλείστην
837 1145 914 1237 όσην
929 1151 1099 1237 η’δύναντο,
1112 1153 1252 1238 όρχηχόν
1265 1156 1328 1219 τοόν

218 1245 386 1336 Ῥωμαίων
400 1255 534 1342 ζωγρείη
557 1247 648 1336 εἷλον,
667 1252 725 1337 την
744 1252 850 1338 όρχην
862 1256 1111 1343 περιεζωσμένον
1123 1257 1178 1340 τῆς
1191 1257 1325 1337 Συρίας,

222 1350 407 1438 Λειχούδην
424 1353 679 1433 ἐπικαλούμενον.
701 1357 756 1418 καί
771 1361 915 1436 συνεχεῖς
934 1351 1093 1435 ἐκδρομὰς
1109 1355 1268 1428 ἐπετείους
1285 1344 1323 1417 τό
1337 1379 1371 1432 10
1427 1410 1428 1413 ,

221 1453 313 1530 έθνος
335 1452 522 1534 ποιούμενον
548 1456 605 1517 ούκ
638 1455 735 1535 ἐλίχα·
758 1452 815 1539 την
832 1450 1015 1534 Ῥωμαϊκήν
1043 1455 1237 1534 κατέβλαπτε
1257 1456 1324 1537 γῆν.

134 1609 138 1613 .
221 1551 564 1639 α’ντιπαραταττόμενοι
589 1555 623 1618 δέ
646 1552 770 1628 τούτοις
805 1551 835 1618 ot
865 1555 928 1618 τεόν
950 1547 1055 1639 όκρων
1085 1556 1323 1630 ἐπιστατούντες

215 1651 368 1735 Ῥωμαῖοι
396 1651 453 1736 τη“ν
476 1645 556 1735 ἥττω
579 1677 644 1730 πως
670 1656 886 1740 α’πεφέροντο,
912 1654 1012 1745 τόξων
1041 1647 1079 1720 εύ
1108 1652 1238 1720 εἰδότων
1260 1657 1324 1718 τοῖν

222 1754 373 1820 ἐναντίων
383 1752 437 1818 καί
449 1753 528 1819 κατό
545 1753 659 1818 σκοπόν
683 1751 867 1836 βαλλόντων
886 1758 948 1840 ούχ
964 1754 1087 1841 ἥκιστα,
1106 1753 1162 1819 καί
1174 1752 1247 1832 τούς
1264 1756 1324 1820 α’ν-

75 1865 95 1919 i.
117 1864 167 1921 175
185 1856 462 1938 κ.τιτεταχμένους
483 1852 753 1936 ἐκδειματούντων
771 1865 841 1932 ταῖς
860 1853 1022 1941 ἑκηβόλοις
1035 1863 1179 1940 πληγαῖς.
1201 1854 1251 1919 διό
1269 1858 1324 1920 καί
1332 1871 1367 1924 15

172 2011 176 2022 ,
222 1953 393 2032 α’νενδότως
412 1959 600 2041 κατέτρεχον
621 1959 727 2022 πᾶσαν
747 1956 805 2039 την
827 1957 995 2043 Ἰβηρικην,
1018 1961 1168 2039 πολίχνια
1181 1954 1236 2021 καί
1257 1950 1323 2018 κιό-

221 2079 285 2136 μας
323 2052 515 2140 ἁρπάζοντες
551 2060 606 2122 καί
632 2041 781 2141 μέγίστας
807 2057 1032 2142 ἀνατρέποντες
1067 2060 1242 2141 πολιτείας,
1268 2059 1323 2121 καί

219 2154 331 2240 χοόρας
354 2155 552 2232 α’ναοτότους
573 2158 767 2238 ποιούμενοι.
810 2163 990 2245 συνηνέχθη
1012 2160 1048 2223 δέ
1068 2159 1171 2223 τούτο
1192 2155 1245 2222 διό
1267 2156 1323 2240 την

222 2258 280 2320 τού
300 2259 457 2340 βασιλέως
486 2251 620 2343 ὕστερον
653 2263 842 2339 πλεονεξίαν.
893 2258 1126 2344 στρατεύματος
1148 2255 1209 2343 γόρ
1232 2257 1323 2338 ἐξιο-

220 2355 326 2440 μόχου
347 2356 404 2442 την
427 2358 583 2444 Ἰβηρικὴν
604 2363 821 2443 περιέποντες,
852 2360 906 2425 καί
928 2355 1068 2442 όψιόνιον
1088 2355 1215 2442 ἐχοντός
1234 2379 1367 2434 τιναςοο

220 2462 282 2522 τῶν
303 2460 544 2543 παρακειμένων
565 2462 726 2543 δημοσίων
747 2463 883 2547 χωρῶν,
906 2464 1056 2548 α’φείλετο
1078 2458 1197 2534 ταύτας
1219 2454 1236 2521 ό
1255 2463 1321 2541 βα-
1428 2482 1430 2504 1

220 2557 347 2640 οιλεύς,
381 2561 437 2623 καί
456 2555 603 2645 παρελύν
634 2553 793 2646 τοσαύτην
821 2560 917 2645 ίσχύν
938 2562 974 2625 ού
1000 2560 1099 2643 μόνον
1119 2561 1193 2637 τούς
1222 2561 1320 2635 ι’όιους
1428 2604 1429 2641 ,

222 2657 362 2741 ἐπέβαλε
382 2658 584 2743 συμμάχους,
604 2659 686 2727 α’λλό
708 2666 764 2728 καί
775 2661 946 2746 πολεμίους
969 2659 1086 2736 αύτούς
1109 2664 1250 2746 ἰσχυροῖς
1264 2659 1320 2744 ἐρ-

291 2862 318 2914 λ.
337 2860 451 2931 δουλικῆ
471 2862 620 2933 interpres:
640 2865 662 2922 0
681 2863 824 2933 δουλικὴν.
897 2866 924 2920 9.
943 2868 1003 2938 τῆς]
1025 2864 1081 2923 τῶν
1099 2862 1193 2934 τῆςῦ.
1272 2863 1315 2918 23.

293 2929 429 3008 λσχοροός
446 2935 587 3004 interpres.

222 3120 249 3173 in
268 3120 435 3175 latitudinem
454 3131 589 3190 extensus,
609 3126 636 3178 in
650 3125 849 3194 augustioribus
870 3127 926 3177 eius
940 3125 1014 3177 vadis
1032 3121 1191 3191 transgressi
1211 3120 1318 3174 fluvium

221 3192 289 3244 duce
309 3195 348 3246 eis
366 3197 504 3260 aperiente
515 3198 601 3261 viam,
623 3199 668 3265 qui
682 3206 761 3248 antea
776 3206 868 3264 captus
887 3204 915 3247 et
932 3198 1006 3247 tenui
1029 3197 1136 3248 fortuna
1154 3201 1318 3261 comparatus

222 3263 361 3333 etvservili
380 3274 441 3331 post
460 3267 559 3318 obitum
578 3271 715 3336 regnantis
743 3269 842 3320 domini
862 3268 977 3319 Persidis
1007 3267 1056 3318 init
1077 3267 1207 3329 dominus,
1230 3273 1256 3315 et
1273 3267 1318 3316 in-

221 3334 321 3385 victum
339 3335 421 3386 robur
439 3343 469 3386 ut
488 3338 530 3401 iis,
551 3339 596 3406 qui
617 3337 654 3389 ibi
675 3349 759 3402 erant,
777 3339 897 3390 omnibus
917 3339 1066 3406 probantes
1079 3337 1110 3388 ad
1124 3339 1253 3388 orientem
1271 3350 1318 3388 so.

221 3403 274 3455 lem
294 3404 404 3458 Ibericis
424 3405 518 3458 finibus
538 3411 801 3478 appropinquarunt,
815 3416 849 3460 'et
867 3411 988 3477 aggressi
1008 3424 1084 3477 quam
1103 3409 1243 3475 plurimam
1261 3415 1317 3458 ter-

215 3491 276 3533 ram
296 3475 388 3527 ducem
408 3478 569 3531 Graecorum
597 3481 688 3532 vivum
708 3488 852 3547 ceperunt,
872 3481 985 3547 irnperio
1014 3482 1129 3532 cinctum
1149 3480 1252 3546 Syriae,
1271 3478 1317 3529 Li-

222 3546 333 3598 chudem
353 3550 580 3617 cognominatum
604 3559 631 3602 et
651 3552 790 3603 continuos
809 3553 923 3618 impetus
952 3567 1057 3604 annuos·
1083 3551 1197 3618 populus
1217 3550 1318 3601 iaciens

221 3632 276 3668 uon
294 3633 378 3684 parvo
405 3622 482 3672 modo
507 3622 624 3674 Graecae
652 3625 744 3674 nocuit
762 3632 859 3674 terrac.
910 3639 967 3674 cum
993 3631 1080 3674 antem
1105 3639 1134 3674 se
1153 3627 1319 3688 opponerent

224 3685 264 3738 his
285 3689 399 3754 Graeci,
430 3693 474 3760 qui
493 3693 598 3744 arcibus
619 3694 737 3760 impositi
758 3701 856 3758 essent,
876 3695 1018 3746 inferiores
1043 3694 1239 3756 discesserunt,
1260 3707 1318 3741 cum

222 3774 330 3810 arcuum
355 3760 423 3812 bene
448 3765 524 3831 gnari
544 3773 633 3817 essent
657 3765 747 3817 hostes
774 3775 800 3817 et
819 3766 851 3817 ad
871 3767 950 3818 finem
973 3767 1094 3816 iacerent
1111 3778 1165 3816 non
1184 3779 1273 3831 parurn
1292 3769 1319 3813 et

223 3831 360 3896 oppositos
380 3841 511 3886 terrerent
531 3837 632 3889 eminus
652 3838 757 3889 ictibus.
797 3836 966 3905 quamobrem
982 3837 1061 3887 ctiam
1079 3845 1187 3888 strenue
1205 3849 1318 3902 percur-

221 3908 312 3952 rerunt
332 3917 435 3954 omnem
453 3905 581 3957 lbericam
598 3916 704 3972 terram,
725 3909 823 3975 oppida
842 3916 869 3959 et
886 3922 970 3976 pagos
983 3908 1128 3974 spoliantes
1149 3915 1175 3958 et
1192 3907 1318 3957 maximas

128 3977 130 3984 '
221 3981 407 4039 pervertentes
426 3977 549 4029 civitates
572 3987 598 4028 et
618 3986 701 4030 terras
722 3981 839 4032 desertas
859 3977 997 4031 iacientes.
1045 3980 1142 4031 accidit
1160 3986 1247 4030 autem
1266 3976 1317 4027 hoc

221 4051 329 4109 propter
347 4046 419 4114 regis
437 4056 530 4114 postea
550 4050 697 4100 avaritiam.
750 4066 807 4101 cum
835 4052 904 4101 enim
929 4050 1061 4102 exercitus
1080 4066 1187 4119 pugnax
1205 4049 1317 4099 iberitam

221 4112 355 4194 optineret
373 4125 400 4167 et
420 4118 605 4184 stipendiarias
627 4119 739 4172 haberet
756 4121 881 4190 quasdam
906 4122 1082 4173 adiacentium
1099 4123 1240 4190 regionum
1263 4134 1316 4185 pn.

220 4181 358 4250 hircorum,
377 4189 470 4240 sumsit
497 4187 545 4242 hos
564 4203 612 4242 rex
636 4199 663 4242 et
681 4200 774 4257 erepta
797 4200 870 4243 tanta
894 4192 922 4245 vi
942 4207 997 4245 uon
1013 4192 1102 4247 stium
1121 4207 1184 4247 snos
1203 4190 1318 4258 perdidit
