<?xml version="1.0" encoding="UTF-8"?>
<!DOCTYPE html PUBLIC "-//W3C//DTD XHTML 1.0 Transitional//EN"
    "http://www.w3.org/TR/xhtml1/DTD/xhtml1-transitional.dtd">
<html xmlns="http://www.w3.org/1999/xhtml" xml:lang="en" lang="en">
 <head>
  <title>
</title>
<meta http-equiv="Content-Type" content="text/html;charset=utf-8" />
  <meta name='ocr-system' content='tesseract 3.04.00' />
  <meta name='ocr-capabilities' content='ocr_page ocr_carea ocr_par ocr_line ocrx_word'/>
</head>
<body>
  <div class='ocr_page' id='page_1' title='image "./corpusscriptoru05theogoog/corpusscriptoru05theogoog_0269.png"; bbox 0 0 2875 4734; ppageno 0'>
   <div class='ocr_carea' id='block_1_1' title="bbox 532 223 1255 359">
    <p class='ocr_par' dir='ltr' id='par_1_1' title="bbox 532 223 1255 359">
     <span class='ocr_line' id='line_1_1' title="bbox 532 223 1255 359; baseline 0.012 -10"><span class='ocrx_word' id='word_1_1' title='bbox 532 282 768 353; x_wconf 41' lang='lat' dir='ltr'>aaronis,</span> <span class='ocrx_word' id='word_1_2' title='bbox 927 236 932 259; x_wconf 56' lang='lat'><strong>⁴</strong></span> <span class='ocrx_word' id='word_1_3' title='bbox 1119 223 1255 359; x_wconf 69' lang='lat' dir='ltr'>aar</span> 
     </span>
    </p>
   </div>
   <div class='ocr_carea' id='block_1_2' title="bbox 23 445 1331 2855">
    <p class='ocr_par' dir='ltr' id='par_1_2' title="bbox 23 445 1331 2855">
     <span class='ocr_line' id='line_1_2' title="bbox 84 445 1195 536; baseline -0.003 -23"><span class='ocrx_word' id='word_1_4' title='bbox 84 445 210 531; x_wconf 75' lang='grc' dir='ltr'><strong><em>’γοθόες</em></strong></span> <span class='ocrx_word' id='word_1_5' title='bbox 230 448 309 515; x_wconf 85' lang='grc' dir='ltr'><strong><em>κατά</em></strong></span> <span class='ocrx_word' id='word_1_6' title='bbox 333 453 395 515; x_wconf 88' lang='grc' dir='ltr'>τῶν</span> <span class='ocrx_word' id='word_1_7' title='bbox 416 446 600 515; x_wconf 70' lang='grc' dir='ltr'><strong><em>ἀντιπάλων</em></strong></span> <span class='ocrx_word' id='word_1_8' title='bbox 622 453 815 535; x_wconf 82' lang='grc' dir='ltr'><strong><em>προτέρημα.</em></strong></span> <span class='ocrx_word' id='word_1_9' title='bbox 859 445 1001 535; x_wconf 74' lang='grc' dir='ltr'><strong><em>πλήθους</em></strong></span> <span class='ocrx_word' id='word_1_10' title='bbox 1020 451 1082 536; x_wconf 83' lang='grc' dir='ltr'>γάρ</span> <span class='ocrx_word' id='word_1_11' title='bbox 1105 452 1195 536; x_wconf 87' lang='grc' dir='ltr'><strong><em>άμυ.</em></strong></span> 
     </span>
     <span class='ocr_line' id='line_1_3' title="bbox 23 546 1194 640; baseline 0.003 -24"><span class='ocrx_word' id='word_1_12' title='bbox 23 572 26 578; x_wconf 86' lang='grc'><strong>’</strong></span> <span class='ocrx_word' id='word_1_13' title='bbox 91 549 196 636; x_wconf 78' lang='grc' dir='ltr'><strong><em>θὴτου</em></strong></span> <span class='ocrx_word' id='word_1_14' title='bbox 226 551 434 636; x_wconf 83' lang='grc' dir='ltr'><strong><em>Βουλγάρων</em></strong></span> <span class='ocrx_word' id='word_1_15' title='bbox 454 546 762 634; x_wconf 73' lang='grc' dir='ltr'><strong><em>ἐπιστρατεύσαντος</em></strong></span> <span class='ocrx_word' id='word_1_16' title='bbox 787 555 827 637; x_wconf 80' lang='grc' dir='ltr'>τῇ</span> <span class='ocrx_word' id='word_1_17' title='bbox 842 552 1103 619; x_wconf 81' lang='grc' dir='ltr'><strong><em>’Θεσσαλονικέων</em></strong></span> <span class='ocrx_word' id='word_1_18' title='bbox 1131 580 1194 640; x_wconf 90' lang='grc' dir='ltr'><strong><em>μη-</em></strong></span> 
     </span>
     <span class='ocr_line' id='line_1_4' title="bbox 92 647 1193 738; baseline 0.001 -20"><span class='ocrx_word' id='word_1_19' title='bbox 92 650 250 738; x_wconf 84' lang='grc' dir='ltr'><strong><em>τροπόλει,</em></strong></span> <span class='ocrx_word' id='word_1_20' title='bbox 272 653 313 717; x_wconf 88' lang='lat' dir='ltr'>oo’</span> <span class='ocrx_word' id='word_1_21' title='bbox 334 655 514 737; x_wconf 75' lang='grc' dir='ltr'><strong><em>κατεπλάγη</em></strong></span> <span class='ocrx_word' id='word_1_22' title='bbox 537 648 619 735; x_wconf 86' lang='grc' dir='ltr'><strong><em>πρός</em></strong></span> <span class='ocrx_word' id='word_1_23' title='bbox 640 651 699 730; x_wconf 86' lang='grc' dir='ltr'><strong><em>τάς</em></strong></span> <span class='ocrx_word' id='word_1_24' title='bbox 719 652 875 729; x_wconf 73' lang='grc' dir='ltr'><strong><em>τοσαύτας</em></strong></span> <span class='ocrx_word' id='word_1_25' title='bbox 904 647 1056 734; x_wconf 86' lang='grc' dir='ltr'><strong><em>δυνάμεις</em></strong></span> <span class='ocrx_word' id='word_1_26' title='bbox 1078 654 1193 735; x_wconf 82' lang='grc' dir='ltr'><strong><em>αότῶν,</em></strong></span> 
     </span>
     <span class='ocr_line' id='line_1_5' title="bbox 91 747 1196 843; baseline 0 -24"><span class='ocrx_word' id='word_1_27' title='bbox 91 758 163 843; x_wconf 57' lang='grc' dir='ltr'>καίἱ</span> <span class='ocrx_word' id='word_1_28' title='bbox 178 754 242 818; x_wconf 88' lang='grc' dir='ltr'>τῶν</span> <span class='ocrx_word' id='word_1_29' title='bbox 268 757 381 835; x_wconf 78' lang='grc' dir='ltr'><strong><em>τειχῶν</em></strong></span> <span class='ocrx_word' id='word_1_30' title='bbox 411 752 498 830; x_wconf 83' lang='grc' dir='ltr'><strong><em>ε’νεός</em></strong></span> <span class='ocrx_word' id='word_1_31' title='bbox 522 750 636 818; x_wconf 76' lang='grc' dir='ltr'><strong><em>ἑαυτόν</em></strong></span> <span class='ocrx_word' id='word_1_32' title='bbox 667 758 902 837; x_wconf 71' lang='grc' dir='ltr'><strong><em>περιέστειλεν,</em></strong></span> <span class='ocrx_word' id='word_1_33' title='bbox 930 754 997 818; x_wconf 74' lang='grc' dir='ltr'><strong><em>ἄλλ’</em></strong></span> <span class='ocrx_word' id='word_1_34' title='bbox 1020 747 1072 819; x_wconf 80' lang='grc' dir='ltr'>οἷά</span> <span class='ocrx_word' id='word_1_35' title='bbox 1096 780 1196 841; x_wconf 90' lang='grc' dir='ltr'><strong><em>φασιν</em></strong></span> 
     </span>
     <span class='ocr_line' id='line_1_6' title="bbox 66 845 1195 940; baseline 0 -22"><span class='ocrx_word' id='word_1_36' title='bbox 66 857 194 924; x_wconf 64' lang='lat' dir='ltr'>balneis</span> <span class='ocrx_word' id='word_1_37' title='bbox 215 851 315 918; x_wconf 87' lang='grc' dir='ltr'><strong><em>αότὸν</em></strong></span> <span class='ocrx_word' id='word_1_38' title='bbox 336 852 391 917; x_wconf 85' lang='grc' dir='ltr'>τόν</span> <span class='ocrx_word' id='word_1_39' title='bbox 406 854 631 936; x_wconf 81' lang='grc' dir='ltr'><strong><em>Ἀλέξανδρον,</em></strong></span> <span class='ocrx_word' id='word_1_40' title='bbox 659 852 709 930; x_wconf 84' lang='grc' dir='ltr'><strong><em>ῶς</em></strong></span> <span class='ocrx_word' id='word_1_41' title='bbox 730 845 775 929; x_wconf 75' lang='grc' dir='ltr'><strong><em>εἷς</em></strong></span> <span class='ocrx_word' id='word_1_42' title='bbox 801 851 952 940; x_wconf 87' lang='grc' dir='ltr'><strong><em>μάγειρος</em></strong></span> <span class='ocrx_word' id='word_1_43' title='bbox 970 856 1093 920; x_wconf 82' lang='grc' dir='ltr'><strong><em>πολλῶν</em></strong></span> <span class='ocrx_word' id='word_1_44' title='bbox 1113 872 1195 939; x_wconf 63' lang='grc' dir='ltr'><strong><em>προέ-</em></strong></span> 
     </span>
     <span class='ocr_line' id='line_1_7' title="bbox 89 954 1196 1041; baseline 0 -22"><span class='ocrx_word' id='word_1_45' title='bbox 89 958 199 1037; x_wconf 82' lang='grc' dir='ltr'><strong><em>βάταν</em></strong></span> <span class='ocrx_word' id='word_1_46' title='bbox 228 958 343 1036; x_wconf 82' lang='grc' dir='ltr'><strong><em>α’γέλας</em></strong></span> <span class='ocrx_word' id='word_1_47' title='bbox 371 954 411 1017; x_wconf 82' lang='grc' dir='ltr'>οό</span> <span class='ocrx_word' id='word_1_48' title='bbox 440 956 577 1035; x_wconf 84' lang='grc' dir='ltr'><strong><em>δέδοικε,</em></strong></span> <span class='ocrx_word' id='word_1_49' title='bbox 611 957 713 1019; x_wconf 78' lang='grc' dir='ltr'><strong><em>ταῦτα</em></strong></span> <span class='ocrx_word' id='word_1_50' title='bbox 743 954 988 1041; x_wconf 86' lang='grc' dir='ltr'><strong><em>διανοησόμενος</em></strong></span> <span class='ocrx_word' id='word_1_51' title='bbox 1018 959 1073 1022; x_wconf 86' lang='grc' dir='ltr'>καί</span> <span class='ocrx_word' id='word_1_52' title='bbox 1098 954 1196 1029; x_wconf 82' lang='grc' dir='ltr'><strong><em>εἶπ’ῶν</em></strong></span> 
     </span>
     <span class='ocr_line' id='line_1_8' title="bbox 91 1054 1331 1143; baseline -0.004 -24"><span class='ocrx_word' id='word_1_53' title='bbox 91 1058 211 1139; x_wconf 79' lang='grc' dir='ltr'><strong><em>ἐξῆλθη</em></strong></span> <span class='ocrx_word' id='word_1_54' title='bbox 234 1057 302 1136; x_wconf 87' lang='grc' dir='ltr'><strong><em>μετ’</em></strong></span> <span class='ocrx_word' id='word_1_55' title='bbox 325 1055 436 1137; x_wconf 86' lang='grc' dir='ltr'><strong><em>όλίγων</em></strong></span> <span class='ocrx_word' id='word_1_56' title='bbox 454 1057 516 1117; x_wconf 88' lang='grc' dir='ltr'>τῶν</span> <span class='ocrx_word' id='word_1_57' title='bbox 535 1054 786 1138; x_wconf 84' lang='grc' dir='ltr'><strong><em>παρατυχόντων</em></strong></span> <span class='ocrx_word' id='word_1_58' title='bbox 810 1055 895 1143; x_wconf 73' lang='lat' dir='ltr'>edepl</span> <span class='ocrx_word' id='word_1_59' title='bbox 914 1058 1195 1140; x_wconf 81' lang='grc' dir='ltr'><strong><em>συστρατεύεσθαι.</em></strong></span> <span class='ocrx_word' id='word_1_60' title='bbox 1207 1062 1226 1117; x_wconf 88' lang='lat' dir='ltr'>i.</span> <span class='ocrx_word' id='word_1_61' title='bbox 1244 1060 1331 1138; x_wconf 78' lang='lat' dir='ltr'>21‘lr.</span> 
     </span>
     <span class='ocr_line' id='line_1_9' title="bbox 91 1152 1196 1247; baseline 0.003 -27"><span class='ocrx_word' id='word_1_62' title='bbox 91 1155 177 1239; x_wconf 80' lang='grc' dir='ltr'><strong><em>ἔχων</em></strong></span> <span class='ocrx_word' id='word_1_63' title='bbox 198 1156 259 1239; x_wconf 84' lang='grc' dir='ltr'>γὰρ</span> <span class='ocrx_word' id='word_1_64' title='bbox 281 1154 339 1239; x_wconf 79' lang='grc' dir='ltr'>τὴν</span> <span class='ocrx_word' id='word_1_65' title='bbox 355 1152 505 1238; x_wconf 86' lang='grc' dir='ltr'><strong><em>τοιαότην</em></strong></span> <span class='ocrx_word' id='word_1_66' title='bbox 525 1155 694 1237; x_wconf 77' lang='grc' dir='ltr'><strong><em>ἡγεμονίαν</em></strong></span> <span class='ocrx_word' id='word_1_67' title='bbox 709 1154 866 1245; x_wconf 80' lang='grc' dir='ltr'><strong><em>πατρῴαν,</em></strong></span> <span class='ocrx_word' id='word_1_68' title='bbox 887 1158 943 1222; x_wconf 83' lang='grc' dir='ltr'>καί</span> <span class='ocrx_word' id='word_1_69' title='bbox 965 1162 1009 1245; x_wconf 80' lang='grc' dir='ltr'>τῷ</span> <span class='ocrx_word' id='word_1_70' title='bbox 1030 1158 1113 1247; x_wconf 78' lang='grc' dir='ltr'><strong><em>ζήλῳ</em></strong></span> <span class='ocrx_word' id='word_1_71' title='bbox 1134 1180 1196 1241; x_wconf 88' lang='grc' dir='ltr'>μο-</span> 
     </span>
     <span class='ocr_line' id='line_1_10' title="bbox 90 1252 1196 1344; baseline 0.002 -23"><span class='ocrx_word' id='word_1_72' title='bbox 90 1260 224 1338; x_wconf 77' lang='grc' dir='ltr'><strong><em>νονουχὶ</em></strong></span> <span class='ocrx_word' id='word_1_73' title='bbox 260 1257 535 1340; x_wconf 82' lang='grc' dir='ltr'><strong><em>όκπυρακτωθείς,</em></strong></span> <span class='ocrx_word' id='word_1_74' title='bbox 573 1253 628 1318; x_wconf 84' lang='grc' dir='ltr'>καί</span> <span class='ocrx_word' id='word_1_75' title='bbox 656 1252 725 1337; x_wconf 85' lang='grc' dir='ltr'>άμα</span> <span class='ocrx_word' id='word_1_76' title='bbox 753 1260 868 1337; x_wconf 79' lang='grc' dir='ltr'><strong><em>μένους</em></strong></span> <span class='ocrx_word' id='word_1_77' title='bbox 901 1260 956 1322; x_wconf 84' lang='grc' dir='ltr'>καί</span> <span class='ocrx_word' id='word_1_78' title='bbox 992 1259 1196 1344; x_wconf 80' lang='grc' dir='ltr'><strong><em>φρονήματος</em></strong></span> 
     </span>
     <span class='ocr_line' id='line_1_11' title="bbox 52 1355 1197 1447; baseline 0 -23"><span class='ocrx_word' id='word_1_79' title='bbox 52 1358 241 1441; x_wconf 81' lang='grc' dir='ltr'><strong><em>1οεόγενοῦς</em></strong></span> <span class='ocrx_word' id='word_1_80' title='bbox 272 1355 524 1441; x_wconf 80' lang='grc' dir='ltr'><strong><em>άκαταμαχήτον</em></strong></span> <span class='ocrx_word' id='word_1_81' title='bbox 549 1362 667 1442; x_wconf 80' lang='grc' dir='ltr'><strong><em>πνέων,</em></strong></span> <span class='ocrx_word' id='word_1_82' title='bbox 701 1356 757 1423; x_wconf 80' lang='grc' dir='ltr'>καί</span> <span class='ocrx_word' id='word_1_83' title='bbox 778 1363 928 1423; x_wconf 78' lang='grc' dir='ltr'><strong><em>τοσοῦτον</em></strong></span> <span class='ocrx_word' id='word_1_84' title='bbox 961 1362 1054 1422; x_wconf 86' lang='grc' dir='ltr'><strong><em>νικῶν</em></strong></span> <span class='ocrx_word' id='word_1_85' title='bbox 1076 1360 1119 1447; x_wconf 77' lang='grc' dir='ltr'>τῷ</span> <span class='ocrx_word' id='word_1_86' title='bbox 1141 1362 1197 1444; x_wconf 79' lang='grc' dir='ltr'><strong><em>τῆς</em></strong></span> 
     </span>
     <span class='ocr_line' id='line_1_12' title="bbox 93 1451 1197 1562; baseline 0 -38"><span class='ocrx_word' id='word_1_87' title='bbox 93 1458 206 1562; x_wconf 68' lang='grc' dir='ltr'><strong><em>ι’σχηος</em></strong></span> <span class='ocrx_word' id='word_1_88' title='bbox 226 1458 379 1541; x_wconf 90' lang='grc' dir='ltr'><strong><em>διάρματι</em></strong></span> <span class='ocrx_word' id='word_1_89' title='bbox 401 1451 473 1523; x_wconf 89' lang='grc' dir='ltr'><strong><em>όσον</em></strong></span> <span class='ocrx_word' id='word_1_90' title='bbox 496 1454 525 1521; x_wconf 81' lang='grc' dir='ltr'>οἱ</span> <span class='ocrx_word' id='word_1_91' title='bbox 547 1458 753 1539; x_wconf 75' lang='grc' dir='ltr'><strong><em>ἀντικείμενοι</em></strong></span> <span class='ocrx_word' id='word_1_92' title='bbox 769 1462 813 1548; x_wconf 76' lang='grc' dir='ltr'>τῷ</span> <span class='ocrx_word' id='word_1_93' title='bbox 833 1459 950 1542; x_wconf 79' lang='grc' dir='ltr'><strong><em>πλήθει</em></strong></span> <span class='ocrx_word' id='word_1_94' title='bbox 969 1458 1024 1523; x_wconf 86' lang='grc' dir='ltr'>καί</span> <span class='ocrx_word' id='word_1_95' title='bbox 1041 1468 1111 1534; x_wconf 77' lang='grc' dir='ltr'><strong><em>ταῖς</em></strong></span> <span class='ocrx_word' id='word_1_96' title='bbox 1132 1484 1197 1525; x_wconf 89' lang='grc' dir='ltr'><strong><em>πα-</em></strong></span> 
     </span>
     <span class='ocr_line' id='line_1_13' title="bbox 93 1554 1198 1644; baseline -0.002 -19"><span class='ocrx_word' id='word_1_97' title='bbox 93 1560 238 1635; x_wconf 88' lang='grc' dir='ltr'><strong><em>νοπλίαις</em></strong></span> <span class='ocrx_word' id='word_1_98' title='bbox 267 1560 396 1625; x_wconf 78' lang='grc' dir='ltr'><strong><em>ἐδόκουν</em></strong></span> <span class='ocrx_word' id='word_1_99' title='bbox 430 1554 648 1643; x_wconf 81' lang='grc' dir='ltr'><strong><em>άβράνεσθαι,</em></strong></span> <span class='ocrx_word' id='word_1_100' title='bbox 679 1559 758 1644; x_wconf 91' lang='grc' dir='ltr'><strong><em>πρός</em></strong></span> <span class='ocrx_word' id='word_1_101' title='bbox 781 1557 895 1644; x_wconf 87' lang='grc' dir='ltr'>Ιμάχην</span> <span class='ocrx_word' id='word_1_102' title='bbox 926 1561 960 1623; x_wconf 84' lang='grc' dir='ltr'>όκ</span> <span class='ocrx_word' id='word_1_103' title='bbox 994 1562 1052 1625; x_wconf 72' lang='lat' dir='ltr'>eod</span> <span class='ocrx_word' id='word_1_104' title='bbox 1085 1554 1198 1636; x_wconf 86' lang='grc' dir='ltr'><strong><em>εόθέος</em></strong></span> 
     </span>
     <span class='ocr_line' id='line_1_14' title="bbox 93 1656 1222 1747; baseline 0.001 -23"><span class='ocrx_word' id='word_1_105' title='bbox 93 1661 205 1735; x_wconf 83' lang='grc' dir='ltr'><strong><em>αότοῖς</em></strong></span> <span class='ocrx_word' id='word_1_106' title='bbox 234 1657 514 1745; x_wconf 78' lang='grc' dir='ltr'><strong><em>άντιπαρετάξατο,</em></strong></span> <span class='ocrx_word' id='word_1_107' title='bbox 539 1656 594 1723; x_wconf 85' lang='grc' dir='ltr'>καί</span> <span class='ocrx_word' id='word_1_108' title='bbox 612 1659 694 1741; x_wconf 90' lang='grc' dir='ltr'><strong><em>μετά</em></strong></span> <span class='ocrx_word' id='word_1_109' title='bbox 716 1662 835 1745; x_wconf 72' lang='grc' dir='ltr'><strong><em>πολλῆς</em></strong></span> <span class='ocrx_word' id='word_1_110' title='bbox 855 1663 912 1744; x_wconf 79' lang='grc' dir='ltr'><strong><em>τῆς</em></strong></span> <span class='ocrx_word' id='word_1_111' title='bbox 942 1660 1043 1747; x_wconf 80' lang='grc' dir='ltr'><strong><em>ῥόμης</em></strong></span> <span class='ocrx_word' id='word_1_112' title='bbox 1066 1662 1122 1725; x_wconf 84' lang='grc' dir='ltr'>καί</span> <span class='ocrx_word' id='word_1_113' title='bbox 1141 1660 1222 1727; x_wconf 65' lang='lat' dir='ltr'>aab·</span> 
     </span>
     <span class='ocr_line' id='line_1_15' title="bbox 94 1756 1197 1847; baseline 0.001 -22"><span class='ocrx_word' id='word_1_114' title='bbox 94 1762 254 1846; x_wconf 81' lang='grc' dir='ltr'><strong><em>όκρστοῦς</em></strong></span> <span class='ocrx_word' id='word_1_115' title='bbox 276 1756 410 1847; x_wconf 77' lang='grc' dir='ltr'><strong><em>ῥυτῆρος</em></strong></span> <span class='ocrx_word' id='word_1_116' title='bbox 428 1764 473 1836; x_wconf 82' lang='grc' dir='ltr'>εἰς</span> <span class='ocrx_word' id='word_1_117' title='bbox 493 1763 610 1840; x_wconf 80' lang='grc' dir='ltr'><strong><em>μέσους</em></strong></span> <span class='ocrx_word' id='word_1_118' title='bbox 630 1759 704 1836; x_wconf 85' lang='grc' dir='ltr'><strong><em>τοός</em></strong></span> <span class='ocrx_word' id='word_1_119' title='bbox 734 1765 903 1843; x_wconf 86' lang='grc' dir='ltr'><strong><em>πολεμίους</em></strong></span> <span class='ocrx_word' id='word_1_120' title='bbox 923 1762 1088 1844; x_wconf 81' lang='grc' dir='ltr'><strong><em>γενόμενος</em></strong></span> <span class='ocrx_word' id='word_1_121' title='bbox 1111 1757 1197 1826; x_wconf 83' lang='grc' dir='ltr'><strong><em>άπαν</em></strong></span> 
     </span>
     <span class='ocr_line' id='line_1_16' title="bbox 53 1848 1201 1947; baseline -0.001 -21"><span class='ocrx_word' id='word_1_122' title='bbox 53 1875 84 1929; x_wconf 84' lang='lat'>15</span> <span class='ocrx_word' id='word_1_123' title='bbox 94 1864 129 1928; x_wconf 88' lang='grc' dir='ltr'>τό</span> <span class='ocrx_word' id='word_1_124' title='bbox 152 1865 262 1926; x_wconf 91' lang='grc' dir='ltr'><strong><em>πεδιόν</em></strong></span> <span class='ocrx_word' id='word_1_125' title='bbox 289 1860 388 1927; x_wconf 77' lang='grc' dir='ltr'><strong><em>ἐκεῖνο</em></strong></span> <span class='ocrx_word' id='word_1_126' title='bbox 410 1858 564 1941; x_wconf 84' lang='grc' dir='ltr'><strong><em>σωμάτων</em></strong></span> <span class='ocrx_word' id='word_1_127' title='bbox 585 1865 706 1944; x_wconf 78' lang='grc' dir='ltr'><strong><em>νεκρῶν</em></strong></span> <span class='ocrx_word' id='word_1_128' title='bbox 736 1848 1008 1947; x_wconf 47' lang='grc' dir='ltr'>κατεσφαγμένοννκ</span> <span class='ocrx_word' id='word_1_129' title='bbox 1023 1858 1201 1947; x_wconf 74' lang='grc' dir='ltr'><strong><em>ἐπλήρωσε,</em></strong></span> 
     </span>
     <span class='ocr_line' id='line_1_17' title="bbox 93 1956 1199 2049; baseline -0.003 -22"><span class='ocrx_word' id='word_1_130' title='bbox 93 1965 240 2049; x_wconf 74' lang='grc' dir='ltr'><strong><em>μηδενός</em></strong></span> <span class='ocrx_word' id='word_1_131' title='bbox 259 1965 444 2047; x_wconf 86' lang='grc' dir='ltr'><strong><em>δυνηθέντος</em></strong></span> <span class='ocrx_word' id='word_1_132' title='bbox 476 1962 637 2027; x_wconf 88' lang='grc' dir='ltr'><strong><em>άθάνατον</em></strong></span> <span class='ocrx_word' id='word_1_133' title='bbox 666 1960 786 2047; x_wconf 68' lang='grc' dir='ltr'><strong><em>πληγὴν</em></strong></span> <span class='ocrx_word' id='word_1_134' title='bbox 808 1966 842 2026; x_wconf 86' lang='grc' dir='ltr'><strong><em>εἰι</em></strong></span> <span class='ocrx_word' id='word_1_135' title='bbox 862 1966 923 2049; x_wconf 57' lang='lat' dir='ltr'>[refe</span> <span class='ocrx_word' id='word_1_136' title='bbox 951 1962 1067 2028; x_wconf 79' lang='grc' dir='ltr'><strong><em>τούτου</em></strong></span> <span class='ocrx_word' id='word_1_137' title='bbox 1089 1956 1199 2047; x_wconf 88' lang='grc' dir='ltr'><strong><em>χειρός</em></strong></span> 
     </span>
     <span class='ocr_line' id='line_1_18' title="bbox 94 2053 1201 2151; baseline -0.001 -23"><span class='ocrx_word' id='word_1_138' title='bbox 94 2065 340 2147; x_wconf 89' lang='grc' dir='ltr'><strong><em>άπενέγκασθαι.</em></strong></span> <span class='ocrx_word' id='word_1_139' title='bbox 384 2053 562 2147; x_wconf 78' lang='grc' dir='ltr'><strong><em>όπήρχοντο</em></strong></span> <span class='ocrx_word' id='word_1_140' title='bbox 592 2067 651 2145; x_wconf 78' lang='grc' dir='ltr'>μέν</span> <span class='ocrx_word' id='word_1_141' title='bbox 679 2060 739 2148; x_wconf 89' lang='grc' dir='ltr'>γάρ</span> <span class='ocrx_word' id='word_1_142' title='bbox 762 2064 850 2150; x_wconf 73' lang='grc' dir='ltr'><strong><em>αὐτῷ</em></strong></span> <span class='ocrx_word' id='word_1_143' title='bbox 872 2062 952 2129; x_wconf 88' lang='grc' dir='ltr'><strong><em>κατά</em></strong></span> <span class='ocrx_word' id='word_1_144' title='bbox 979 2066 1146 2151; x_wconf 78' lang='grc' dir='ltr'><strong><em>φάλαγγας</em></strong></span> <span class='ocrx_word' id='word_1_145' title='bbox 1169 2062 1201 2127; x_wconf 77' lang='grc' dir='ltr'>οἱ</span> 
     </span>
     <span class='ocr_line' id='line_1_19' title="bbox 93 2163 1200 2254; baseline -0.001 -27"><span class='ocrx_word' id='word_1_146' title='bbox 93 2168 241 2246; x_wconf 79' lang='grc' dir='ltr'><strong><em>πολέμιοι</em></strong></span> <span class='ocrx_word' id='word_1_147' title='bbox 263 2163 493 2247; x_wconf 83' lang='grc' dir='ltr'><strong><em>πανταχόθεν,</em></strong></span> <span class='ocrx_word' id='word_1_148' title='bbox 513 2168 558 2254; x_wconf 74' lang='grc' dir='ltr'>τῷ</span> <span class='ocrx_word' id='word_1_149' title='bbox 578 2165 705 2247; x_wconf 88' lang='grc' dir='ltr'><strong><em>σάματι</em></strong></span> <span class='ocrx_word' id='word_1_150' title='bbox 727 2166 836 2229; x_wconf 86' lang='grc' dir='ltr'><strong><em>τούτου</em></strong></span> <span class='ocrx_word' id='word_1_151' title='bbox 863 2164 918 2240; x_wconf 87' lang='grc' dir='ltr'><strong><em>τός</em></strong></span> <span class='ocrx_word' id='word_1_152' title='bbox 943 2163 1046 2245; x_wconf 90' lang='grc' dir='ltr'><strong><em>άκμάς</em></strong></span> <span class='ocrx_word' id='word_1_153' title='bbox 1066 2166 1128 2243; x_wconf 87' lang='grc' dir='ltr'>τῶν</span> <span class='ocrx_word' id='word_1_154' title='bbox 1151 2170 1200 2242; x_wconf 80' lang='grc' dir='ltr'>’ξι-</span> 
     </span>
     <span class='ocr_line' id='line_1_20' title="bbox 94 2261 1199 2350; baseline -0.004 -22"><span class='ocrx_word' id='word_1_155' title='bbox 94 2267 166 2350; x_wconf 92' lang='grc' dir='ltr'>φῶν</span> <span class='ocrx_word' id='word_1_156' title='bbox 187 2264 414 2349; x_wconf 72' lang='grc' dir='ltr'><strong><em>ἐπερείδοντες,</em></strong></span> <span class='ocrx_word' id='word_1_157' title='bbox 438 2264 587 2344; x_wconf 86' lang='grc' dir='ltr'><strong><em>ου’δαμῶς</em></strong></span> <span class='ocrx_word' id='word_1_158' title='bbox 602 2267 639 2328; x_wconf 85' lang='grc' dir='ltr'>δὲ</span> <span class='ocrx_word' id='word_1_159' title='bbox 658 2268 712 2348; x_wconf 81' lang='grc' dir='ltr'><strong><em>τῆς</em></strong></span> <span class='ocrx_word' id='word_1_160' title='bbox 735 2262 862 2347; x_wconf 72' lang='grc' dir='ltr'><strong><em>ἱππικῆς</em></strong></span> <span class='ocrx_word' id='word_1_161' title='bbox 880 2262 976 2347; x_wconf 73' lang='grc' dir='ltr'><strong><em>ἕδρας</em></strong></span> <span class='ocrx_word' id='word_1_162' title='bbox 997 2261 1102 2329; x_wconf 83' lang='grc' dir='ltr'><strong><em>αάτόν</em></strong></span> <span class='ocrx_word' id='word_1_163' title='bbox 1117 2264 1199 2327; x_wconf 82' lang='grc' dir='ltr'><strong><em>α’πο.</em></strong></span> 
     </span>
     <span class='ocr_line' id='line_1_21' title="bbox 53 2358 1199 2453; baseline -0.001 -25"><span class='ocrx_word' id='word_1_164' title='bbox 53 2359 296 2450; x_wconf 72' lang='grc' dir='ltr'><strong><em>γοκροόσαοθαι</em></strong></span> <span class='ocrx_word' id='word_1_165' title='bbox 317 2363 447 2448; x_wconf 82' lang='grc' dir='ltr'><strong><em>ἴσχυον·</em></strong></span> <span class='ocrx_word' id='word_1_166' title='bbox 490 2366 572 2429; x_wconf 85' lang='grc' dir='ltr'><strong><em>άλλόι</em></strong></span> <span class='ocrx_word' id='word_1_167' title='bbox 596 2364 749 2453; x_wconf 83' lang='grc' dir='ltr'><strong><em>φασγάνφ</em></strong></span> <span class='ocrx_word' id='word_1_168' title='bbox 770 2362 808 2429; x_wconf 84' lang='grc' dir='ltr'>τό</span> <span class='ocrx_word' id='word_1_169' title='bbox 833 2361 951 2448; x_wconf 90' lang='grc' dir='ltr'><strong><em>δόρατα</em></strong></span> <span class='ocrx_word' id='word_1_170' title='bbox 976 2358 1093 2428; x_wconf 77' lang='grc' dir='ltr'><strong><em>τούτων</em></strong></span> <span class='ocrx_word' id='word_1_171' title='bbox 1116 2363 1199 2427; x_wconf 86' lang='grc' dir='ltr'><strong><em>άπο-</em></strong></span> 
     </span>
     <span class='ocr_line' id='line_1_22' title="bbox 95 2458 1199 2551; baseline -0.004 -23"><span class='ocrx_word' id='word_1_172' title='bbox 95 2470 220 2546; x_wconf 88' lang='grc' dir='ltr'><strong><em>τέμνων</em></strong></span> <span class='ocrx_word' id='word_1_173' title='bbox 249 2463 306 2529; x_wconf 88' lang='grc' dir='ltr'>καί</span> <span class='ocrx_word' id='word_1_174' title='bbox 323 2462 575 2551; x_wconf 75' lang='grc' dir='ltr'><strong><em>τός’σαρίσσας,</em></strong></span> <span class='ocrx_word' id='word_1_175' title='bbox 609 2463 691 2531; x_wconf 80' lang='grc' dir='ltr'><strong><em>σάττσ</em></strong></span> <span class='ocrx_word' id='word_1_176' title='bbox 711 2462 787 2540; x_wconf 80' lang='grc' dir='ltr'><strong><em>τούς</em></strong></span> <span class='ocrx_word' id='word_1_177' title='bbox 810 2458 1116 2548; x_wconf 70' lang='grc' dir='ltr'><strong><em>πολεμὴτοραςῶπό</em></strong></span> <span class='ocrx_word' id='word_1_178' title='bbox 1140 2466 1199 2546; x_wconf 77' lang='grc' dir='ltr'>γῆν</span> 
     </span>
     <span class='ocr_line' id='line_1_23' title="bbox 54 2552 1201 2653; baseline 0 -25"><span class='ocrx_word' id='word_1_179' title='bbox 54 2639 57 2646; x_wconf 25' lang='lat'><strong>¹</strong></span> <span class='ocrx_word' id='word_1_180' title='bbox 95 2552 333 2649; x_wconf 84' lang='grc' dir='ltr'><strong><em>κατηκόντιζεν,</em></strong></span> <span class='ocrx_word' id='word_1_181' title='bbox 359 2558 399 2629; x_wconf 75' lang='grc' dir='ltr'>οὗ</span> <span class='ocrx_word' id='word_1_182' title='bbox 420 2568 479 2647; x_wconf 82' lang='grc' dir='ltr'>μέν</span> <span class='ocrx_word' id='word_1_183' title='bbox 509 2568 651 2653; x_wconf 84' lang='grc' dir='ltr'><strong><em>κεφαλην</em></strong></span> <span class='ocrx_word' id='word_1_184' title='bbox 683 2568 716 2650; x_wconf 79' lang='grc' dir='ltr'>ἐν</span> <span class='ocrx_word' id='word_1_185' title='bbox 739 2568 799 2653; x_wconf 72' lang='grc' dir='ltr'>μιᾷ</span> <span class='ocrx_word' id='word_1_186' title='bbox 828 2564 931 2651; x_wconf 75' lang='grc' dir='ltr'><strong><em>πληγῇ</em></strong></span> <span class='ocrx_word' id='word_1_187' title='bbox 961 2561 1019 2629; x_wconf 85' lang='grc' dir='ltr'>σόν</span> <span class='ocrx_word' id='word_1_188' title='bbox 1048 2566 1085 2651; x_wconf 75' lang='grc' dir='ltr'>τῇ</span> <span class='ocrx_word' id='word_1_189' title='bbox 1113 2560 1201 2649; x_wconf 84' lang='grc' dir='ltr'><strong><em>χειρί</em></strong></span> 
     </span>
     <span class='ocr_line' id='line_1_24' title="bbox 96 2659 1200 2751; baseline -0.004 -22"><span class='ocrx_word' id='word_1_190' title='bbox 96 2666 288 2747; x_wconf 84' lang='grc' dir='ltr'><strong><em>διαιέμναν,</em></strong></span> <span class='ocrx_word' id='word_1_191' title='bbox 308 2659 403 2732; x_wconf 68' lang='lat' dir='ltr'>ditor</span> <span class='ocrx_word' id='word_1_192' title='bbox 425 2666 461 2729; x_wconf 80' lang='grc' dir='ltr'>δέ</span> <span class='ocrx_word' id='word_1_193' title='bbox 483 2666 634 2732; x_wconf 78' lang='grc' dir='ltr'><strong><em>δεικνύων</em></strong></span> <span class='ocrx_word' id='word_1_194' title='bbox 656 2663 830 2751; x_wconf 76' lang='grc' dir='ltr'><strong><em>ἡμίτομον,</em></strong></span> <span class='ocrx_word' id='word_1_195' title='bbox 850 2660 906 2729; x_wconf 85' lang='grc' dir='ltr'>τόν</span> <span class='ocrx_word' id='word_1_196' title='bbox 931 2664 966 2728; x_wconf 79' lang='grc' dir='ltr'>δὲ</span> <span class='ocrx_word' id='word_1_197' title='bbox 987 2660 1042 2727; x_wconf 87' lang='grc' dir='ltr'><strong><em>καί</em></strong></span> <span class='ocrx_word' id='word_1_198' title='bbox 1062 2684 1200 2747; x_wconf 83' lang='grc' dir='ltr'><strong><em>καρατο-</em></strong></span> 
     </span>
     <span class='ocr_line' id='line_1_25' title="bbox 95 2762 1200 2855; baseline -0.002 -25"><span class='ocrx_word' id='word_1_199' title='bbox 95 2769 177 2848; x_wconf 92' lang='grc' dir='ltr'><strong><em>μῶν,</em></strong></span> <span class='ocrx_word' id='word_1_200' title='bbox 198 2764 252 2832; x_wconf 86' lang='grc' dir='ltr'>καί</span> <span class='ocrx_word' id='word_1_201' title='bbox 271 2772 399 2853; x_wconf 89' lang='grc' dir='ltr'><strong><em>μυριόις</em></strong></span> <span class='ocrx_word' id='word_1_202' title='bbox 421 2764 520 2834; x_wconf 81' lang='grc' dir='ltr'><strong><em>εἴδεσι</em></strong></span> <span class='ocrx_word' id='word_1_203' title='bbox 542 2772 668 2853; x_wconf 86' lang='grc' dir='ltr'><strong><em>πληγῶν</em></strong></span> <span class='ocrx_word' id='word_1_204' title='bbox 693 2767 920 2855; x_wconf 78' lang='grc' dir='ltr'><strong><em>καταστρέφων</em></strong></span> <span class='ocrx_word' id='word_1_205' title='bbox 942 2769 997 2833; x_wconf 84' lang='grc' dir='ltr'>καί</span> <span class='ocrx_word' id='word_1_206' title='bbox 1018 2762 1200 2851; x_wconf 76' lang='grc' dir='ltr'><strong><em>καταπλητ-</em></strong></span> 
     </span>
    </p>
   </div>
   <div class='ocr_carea' id='block_1_3' title="bbox 67 3056 1260 4274">
    <p class='ocr_par' dir='ltr' id='par_1_3' title="bbox 67 3056 1260 4274">
     <span class='ocr_line' id='line_1_26' title="bbox 99 3056 1200 3129; baseline -0.008 -16"><span class='ocrx_word' id='word_1_207' title='bbox 99 3062 206 3113; x_wconf 80' lang='lat' dir='ltr'>tactum.</span> <span class='ocrx_word' id='word_1_208' title='bbox 245 3074 304 3111; x_wconf 86' lang='lat' dir='ltr'>eum</span> <span class='ocrx_word' id='word_1_209' title='bbox 329 3062 400 3113; x_wconf 88' lang='lat' dir='ltr'>enirn</span> <span class='ocrx_word' id='word_1_210' title='bbox 424 3062 565 3115; x_wconf 87' lang='lat' dir='ltr'>multitudo</span> <span class='ocrx_word' id='word_1_211' title='bbox 585 3062 680 3129; x_wconf 90' lang='lat' dir='ltr'>ingens</span> <span class='ocrx_word' id='word_1_212' title='bbox 694 3061 876 3129; x_wconf 36' lang='lat' dir='ltr'>,Balgarorum</span> <span class='ocrx_word' id='word_1_213' title='bbox 905 3060 1097 3127; x_wconf 73' lang='lat' dir='ltr'>aggrederetur</span> <span class='ocrx_word' id='word_1_214' title='bbox 1115 3056 1200 3109; x_wconf 82' lang='lat' dir='ltr'>Thes.</span> 
     </span>
     <span class='ocr_line' id='line_1_27' title="bbox 99 3128 1201 3198; baseline -0.005 -13"><span class='ocrx_word' id='word_1_215' title='bbox 99 3133 308 3187; x_wconf 86' lang='lat' dir='ltr'>salonicensium</span> <span class='ocrx_word' id='word_1_216' title='bbox 334 3133 515 3198; x_wconf 89' lang='lat' dir='ltr'>metropolin,</span> <span class='ocrx_word' id='word_1_217' title='bbox 539 3146 593 3181; x_wconf 90' lang='lat' dir='ltr'>non</span> <span class='ocrx_word' id='word_1_218' title='bbox 612 3131 728 3183; x_wconf 81' lang='lat' dir='ltr'>afflictus</span> <span class='ocrx_word' id='word_1_219' title='bbox 752 3140 792 3183; x_wconf 83' lang='lat' dir='ltr'>est</span> <span class='ocrx_word' id='word_1_220' title='bbox 813 3129 910 3183; x_wconf 85' lang='lat' dir='ltr'>talibus</span> <span class='ocrx_word' id='word_1_221' title='bbox 931 3145 1021 3182; x_wconf 89' lang='lat' dir='ltr'>eorum</span> <span class='ocrx_word' id='word_1_222' title='bbox 1041 3128 1201 3191; x_wconf 76' lang='lat' dir='ltr'>viribus‚.et</span> 
     </span>
     <span class='ocr_line' id='line_1_28' title="bbox 98 3200 1201 3270; baseline -0.005 -15"><span class='ocrx_word' id='word_1_223' title='bbox 98 3206 169 3256; x_wconf 87' lang='lat' dir='ltr'>intra</span> <span class='ocrx_word' id='word_1_224' title='bbox 187 3220 275 3257; x_wconf 87' lang='lat' dir='ltr'>muros</span> <span class='ocrx_word' id='word_1_225' title='bbox 296 3219 325 3255; x_wconf 89' lang='lat' dir='ltr'>se</span> <span class='ocrx_word' id='word_1_226' title='bbox 345 3204 490 3254; x_wconf 86' lang='lat' dir='ltr'>constituit.</span> <span class='ocrx_word' id='word_1_227' title='bbox 528 3202 575 3254; x_wconf 88' lang='lat' dir='ltr'>sed</span> <span class='ocrx_word' id='word_1_228' title='bbox 590 3202 679 3270; x_wconf 89' lang='lat' dir='ltr'>qualia</span> <span class='ocrx_word' id='word_1_229' title='bbox 697 3204 773 3253; x_wconf 87' lang='lat' dir='ltr'>aiunt</span> <span class='ocrx_word' id='word_1_230' title='bbox 794 3201 893 3255; x_wconf 79' lang='lat' dir='ltr'><strong>dixisse</strong></span> <span class='ocrx_word' id='word_1_231' title='bbox 912 3204 997 3269; x_wconf 87' lang='lat' dir='ltr'>ipsum</span> <span class='ocrx_word' id='word_1_232' title='bbox 1010 3200 1201 3267; x_wconf 79' lang='lat' dir='ltr'>Alexandrum,</span> 
     </span>
     <span class='ocr_line' id='line_1_29' title="bbox 100 3271 1201 3343; baseline -0.005 -16"><span class='ocrx_word' id='word_1_233' title='bbox 100 3291 180 3327; x_wconf 89' lang='lat' dir='ltr'>unum</span> <span class='ocrx_word' id='word_1_234' title='bbox 198 3278 320 3328; x_wconf 90' lang='lat' dir='ltr'>nimirum</span> <span class='ocrx_word' id='word_1_235' title='bbox 339 3274 440 3324; x_wconf 89' lang='lat' dir='ltr'>lanium</span> <span class='ocrx_word' id='word_1_236' title='bbox 466 3271 606 3324; x_wconf 85' lang='lat' dir='ltr'>multarum</span> <span class='ocrx_word' id='word_1_237' title='bbox 632 3276 723 3326; x_wconf 89' lang='lat' dir='ltr'>ovium</span> <span class='ocrx_word' id='word_1_238' title='bbox 743 3290 840 3343; x_wconf 78' lang='lat' dir='ltr'>greges</span> <span class='ocrx_word' id='word_1_239' title='bbox 864 3289 918 3326; x_wconf 90' lang='lat' dir='ltr'>non</span> <span class='ocrx_word' id='word_1_240' title='bbox 936 3276 1046 3339; x_wconf 89' lang='lat' dir='ltr'>timere,</span> <span class='ocrx_word' id='word_1_241' title='bbox 1066 3272 1134 3324; x_wconf 88' lang='lat' dir='ltr'>haee</span> <span class='ocrx_word' id='word_1_242' title='bbox 1153 3288 1201 3324; x_wconf 87' lang='lat' dir='ltr'>re.</span> 
     </span>
     <span class='ocr_line' id='line_1_30' title="bbox 100 3344 1201 3415; baseline -0.001 -17"><span class='ocrx_word' id='word_1_243' title='bbox 100 3355 195 3415; x_wconf 87' lang='lat' dir='ltr'>putans</span> <span class='ocrx_word' id='word_1_244' title='bbox 215 3356 242 3399; x_wconf 91' lang='lat' dir='ltr'>et</span> <span class='ocrx_word' id='word_1_245' title='bbox 261 3344 435 3413; x_wconf 78' lang='lat' dir='ltr'>pronuntians</span> <span class='ocrx_word' id='word_1_246' title='bbox 454 3358 579 3413; x_wconf 86' lang='lat' dir='ltr'>egressus</span> <span class='ocrx_word' id='word_1_247' title='bbox 598 3354 640 3397; x_wconf 87' lang='lat' dir='ltr'>est</span> <span class='ocrx_word' id='word_1_248' title='bbox 659 3360 717 3397; x_wconf 91' lang='lat' dir='ltr'>eum</span> <span class='ocrx_word' id='word_1_249' title='bbox 739 3347 831 3413; x_wconf 83' lang='lat' dir='ltr'>paucis</span> <span class='ocrx_word' id='word_1_250' title='bbox 853 3348 897 3414; x_wconf 90' lang='lat' dir='ltr'>qui</span> <span class='ocrx_word' id='word_1_251' title='bbox 912 3346 986 3399; x_wconf 73' lang='lat' dir='ltr'>-iorte</span> <span class='ocrx_word' id='word_1_252' title='bbox 1006 3346 1113 3398; x_wconf 79' lang='lat' dir='ltr'>fortuna</span> <span class='ocrx_word' id='word_1_253' title='bbox 1131 3345 1201 3411; x_wconf 89' lang='lat' dir='ltr'>apud</span> 
     </span>
     <span class='ocr_line' id='line_1_31' title="bbox 80 3415 1200 3486; baseline -0.005 -17"><span class='ocrx_word' id='word_1_254' title='bbox 80 3436 160 3471; x_wconf 90' lang='lat' dir='ltr'>-eum</span> <span class='ocrx_word' id='word_1_255' title='bbox 181 3428 264 3471; x_wconf 87' lang='lat' dir='ltr'>erant.</span> <span class='ocrx_word' id='word_1_256' title='bbox 285 3416 386 3466; x_wconf 87' lang='lat' dir='ltr'>habens</span> <span class='ocrx_word' id='word_1_257' title='bbox 404 3415 473 3465; x_wconf 83' lang='lat' dir='ltr'>enim</span> <span class='ocrx_word' id='word_1_258' title='bbox 492 3416 546 3467; x_wconf 88' lang='lat' dir='ltr'>tale</span> <span class='ocrx_word' id='word_1_259' title='bbox 565 3418 703 3484; x_wconf 90' lang='lat' dir='ltr'>imperium</span> <span class='ocrx_word' id='word_1_260' title='bbox 722 3427 861 3486; x_wconf 85' lang='lat' dir='ltr'>paternum</span> <span class='ocrx_word' id='word_1_261' title='bbox 881 3427 907 3469; x_wconf 90' lang='lat' dir='ltr'>et</span> <span class='ocrx_word' id='word_1_262' title='bbox 921 3418 1008 3471; x_wconf 91' lang='lat' dir='ltr'>studio</span> <span class='ocrx_word' id='word_1_263' title='bbox 1027 3432 1113 3483; x_wconf 86' lang='lat' dir='ltr'>paene</span> <span class='ocrx_word' id='word_1_264' title='bbox 1132 3430 1200 3467; x_wconf 89' lang='lat' dir='ltr'>con.</span> 
     </span>
     <span class='ocr_line' id='line_1_32' title="bbox 101 3486 1200 3559; baseline -0.003 -18"><span class='ocrx_word' id='word_1_265' title='bbox 101 3500 233 3541; x_wconf 85' lang='lat' dir='ltr'>crematus</span> <span class='ocrx_word' id='word_1_266' title='bbox 256 3486 388 3553; x_wconf 87' lang='lat' dir='ltr'>simulque</span> <span class='ocrx_word' id='word_1_267' title='bbox 409 3487 545 3539; x_wconf 87' lang='lat' dir='ltr'>audaciam</span> <span class='ocrx_word' id='word_1_268' title='bbox 566 3497 594 3539; x_wconf 89' lang='lat' dir='ltr'>et</span> <span class='ocrx_word' id='word_1_269' title='bbox 611 3491 726 3541; x_wconf 89' lang='lat' dir='ltr'>animum</span> <span class='ocrx_word' id='word_1_270' title='bbox 745 3490 863 3541; x_wconf 91' lang='lat' dir='ltr'>nobilem</span> <span class='ocrx_word' id='word_1_271' title='bbox 882 3492 1066 3559; x_wconf 85' lang='lat' dir='ltr'>invictumque</span> <span class='ocrx_word' id='word_1_272' title='bbox 1095 3488 1200 3551; x_wconf 86' lang='lat' dir='ltr'>spirans</span> 
     </span>
     <span class='ocr_line' id='line_1_33' title="bbox 101 3557 1202 3629; baseline -0.005 -16"><span class='ocrx_word' id='word_1_273' title='bbox 101 3570 128 3613; x_wconf 90' lang='lat' dir='ltr'>et</span> <span class='ocrx_word' id='word_1_274' title='bbox 146 3567 246 3610; x_wconf 88' lang='lat' dir='ltr'>tantum</span> <span class='ocrx_word' id='word_1_275' title='bbox 264 3558 387 3624; x_wconf 78' lang='lat' dir='ltr'>superior</span> <span class='ocrx_word' id='word_1_276' title='bbox 404 3559 509 3612; x_wconf 88' lang='lat' dir='ltr'>roboris</span> <span class='ocrx_word' id='word_1_277' title='bbox 528 3563 664 3612; x_wconf 81' lang='lat' dir='ltr'>erectione</span> <span class='ocrx_word' id='word_1_278' title='bbox 684 3570 808 3629; x_wconf 86' lang='lat' dir='ltr'>qnantum</span> <span class='ocrx_word' id='word_1_279' title='bbox 828 3563 974 3614; x_wconf 87' lang='lat' dir='ltr'>adversarii</span> <span class='ocrx_word' id='word_1_280' title='bbox 987 3557 1155 3611; x_wconf 88' lang='lat' dir='ltr'>multitudine</span> <span class='ocrx_word' id='word_1_281' title='bbox 1175 3564 1202 3607; x_wconf 82' lang='lat' dir='ltr'>et</span> 
     </span>
     <span class='ocr_line' id='line_1_34' title="bbox 95 3629 1199 3707; baseline -0.004 -24"><span class='ocrx_word' id='word_1_282' title='bbox 95 3637 233 3683; x_wconf 80' lang='lat' dir='ltr'>‘armatura</span> <span class='ocrx_word' id='word_1_283' title='bbox 251 3629 409 3681; x_wconf 84' lang='lat' dir='ltr'>videbantur</span> <span class='ocrx_word' id='word_1_284' title='bbox 428 3632 577 3698; x_wconf 87' lang='lat' dir='ltr'>superbire,</span> <span class='ocrx_word' id='word_1_285' title='bbox 599 3633 632 3684; x_wconf 89' lang='lat' dir='ltr'>ad</span> <span class='ocrx_word' id='word_1_286' title='bbox 650 3648 764 3707; x_wconf 89' lang='lat' dir='ltr'>pugnarn</span> <span class='ocrx_word' id='word_1_287' title='bbox 784 3633 923 3700; x_wconf 87' lang='lat' dir='ltr'>palamiis</span> <span class='ocrx_word' id='word_1_288' title='bbox 950 3647 979 3684; x_wconf 88' lang='lat' dir='ltr'>se</span> <span class='ocrx_word' id='word_1_289' title='bbox 1001 3629 1142 3696; x_wconf 86' lang='lat' dir='ltr'>opposuit,</span> <span class='ocrx_word' id='word_1_290' title='bbox 1172 3636 1199 3679; x_wconf 88' lang='lat' dir='ltr'>et</span> 
     </span>
     <span class='ocr_line' id='line_1_35' title="bbox 101 3699 1200 3771; baseline -0.006 -17"><span class='ocrx_word' id='word_1_291' title='bbox 101 3710 240 3771; x_wconf 86' lang='lat' dir='ltr'>postquam</span> <span class='ocrx_word' id='word_1_292' title='bbox 257 3700 340 3751; x_wconf 88' lang='lat' dir='ltr'>multo</span> <span class='ocrx_word' id='word_1_293' title='bbox 360 3719 419 3753; x_wconf 87' lang='lat' dir='ltr'>cum</span> <span class='ocrx_word' id='word_1_294' title='bbox 438 3706 538 3769; x_wconf 87' lang='lat' dir='ltr'>impetu</span> <span class='ocrx_word' id='word_1_295' title='bbox 558 3712 585 3755; x_wconf 86' lang='lat' dir='ltr'>et</span> <span class='ocrx_word' id='word_1_296' title='bbox 603 3706 775 3756; x_wconf 90' lang='lat' dir='ltr'>immoderato</span> <span class='ocrx_word' id='word_1_297' title='bbox 794 3705 870 3756; x_wconf 85' lang='lat' dir='ltr'>ireno</span> <span class='ocrx_word' id='word_1_298' title='bbox 890 3704 917 3752; x_wconf 92' lang='lat' dir='ltr'>in</span> <span class='ocrx_word' id='word_1_299' title='bbox 930 3701 1031 3753; x_wconf 85' lang='lat' dir='ltr'>medios</span> <span class='ocrx_word' id='word_1_300' title='bbox 1051 3699 1142 3753; x_wconf 89' lang='lat' dir='ltr'>hostes</span> <span class='ocrx_word' id='word_1_301' title='bbox 1159 3700 1200 3750; x_wconf 85' lang='lat' dir='ltr'>ir.</span> 
     </span>
     <span class='ocr_line' id='line_1_36' title="bbox 102 3772 1200 3842; baseline -0.002 -17"><span class='ocrx_word' id='word_1_302' title='bbox 102 3775 183 3842; x_wconf 85' lang='lat' dir='ltr'>rupit,</span> <span class='ocrx_word' id='word_1_303' title='bbox 202 3781 286 3824; x_wconf 87' lang='lat' dir='ltr'>totum</span> <span class='ocrx_word' id='word_1_304' title='bbox 305 3788 425 3840; x_wconf 87' lang='lat' dir='ltr'>eampum</span> <span class='ocrx_word' id='word_1_305' title='bbox 443 3774 519 3825; x_wconf 89' lang='lat' dir='ltr'>illurn</span> <span class='ocrx_word' id='word_1_306' title='bbox 542 3776 715 3827; x_wconf 85' lang='lat' dir='ltr'>cadaveribus</span> <span class='ocrx_word' id='word_1_307' title='bbox 735 3778 883 3827; x_wconf 88' lang='lat' dir='ltr'>occisorum</span> <span class='ocrx_word' id='word_1_308' title='bbox 903 3772 1033 3840; x_wconf 87' lang='lat' dir='ltr'>implevit,</span> <span class='ocrx_word' id='word_1_309' title='bbox 1055 3788 1113 3823; x_wconf 91' lang='lat' dir='ltr'>eum</span> <span class='ocrx_word' id='word_1_310' title='bbox 1121 3787 1200 3823; x_wconf 90' lang='lat' dir='ltr'>nemo</span> 
     </span>
     <span class='ocr_line' id='line_1_37' title="bbox 102 3844 1199 3913; baseline -0.004 -16"><span class='ocrx_word' id='word_1_311' title='bbox 102 3845 209 3897; x_wconf 87' lang='lat' dir='ltr'>valeret</span> <span class='ocrx_word' id='word_1_312' title='bbox 228 3846 363 3913; x_wconf 85' lang='lat' dir='ltr'>ingentem</span> <span class='ocrx_word' id='word_1_313' title='bbox 388 3848 470 3897; x_wconf 84' lang='lat' dir='ltr'>ictum</span> <span class='ocrx_word' id='word_1_314' title='bbox 490 3863 524 3897; x_wconf 88' lang='lat' dir='ltr'>ex</span> <span class='ocrx_word' id='word_1_315' title='bbox 550 3847 629 3899; x_wconf 89' lang='lat' dir='ltr'>buius</span> <span class='ocrx_word' id='word_1_316' title='bbox 647 3862 727 3897; x_wconf 90' lang='lat' dir='ltr'>manu</span> <span class='ocrx_word' id='word_1_317' title='bbox 749 3848 829 3897; x_wconf 82' lang='lat' dir='ltr'>ferre.</span> <span class='ocrx_word' id='word_1_318' title='bbox 874 3844 1054 3896; x_wconf 85' lang='lat' dir='ltr'>obveniebant</span> <span class='ocrx_word' id='word_1_319' title='bbox 1080 3846 1148 3895; x_wconf 88' lang='lat' dir='ltr'>enirn</span> <span class='ocrx_word' id='word_1_320' title='bbox 1175 3845 1199 3893; x_wconf 93' lang='lat' dir='ltr'>ei</span> 
     </span>
     <span class='ocr_line' id='line_1_38' title="bbox 103 3916 1200 3986; baseline -0.005 -17"><span class='ocrx_word' id='word_1_321' title='bbox 103 3917 247 3969; x_wconf 87' lang='lat' dir='ltr'>seeundum</span> <span class='ocrx_word' id='word_1_322' title='bbox 266 3916 413 3985; x_wconf 87' lang='lat' dir='ltr'>phalanges</span> <span class='ocrx_word' id='word_1_323' title='bbox 433 3918 523 3971; x_wconf 88' lang='lat' dir='ltr'>hostes</span> <span class='ocrx_word' id='word_1_324' title='bbox 542 3920 659 3986; x_wconf 87' lang='lat' dir='ltr'>undique</span> <span class='ocrx_word' id='word_1_325' title='bbox 678 3933 775 3984; x_wconf 89' lang='lat' dir='ltr'>corpus</span> <span class='ocrx_word' id='word_1_326' title='bbox 794 3917 872 3969; x_wconf 91' lang='lat' dir='ltr'>buius</span> <span class='ocrx_word' id='word_1_327' title='bbox 892 3917 951 3967; x_wconf 89' lang='lat' dir='ltr'>acie</span> <span class='ocrx_word' id='word_1_328' title='bbox 976 3916 1125 3986; x_wconf 89' lang='lat' dir='ltr'>gladiorum</span> <span class='ocrx_word' id='word_1_329' title='bbox 1148 3928 1200 3979; x_wconf 89' lang='lat' dir='ltr'>pe.</span> 
     </span>
     <span class='ocr_line' id='line_1_39' title="bbox 103 3985 1260 4058; baseline -0.003 -20"><span class='ocrx_word' id='word_1_330' title='bbox 103 3997 201 4054; x_wconf 88' lang='lat' dir='ltr'>tontes,</span> <span class='ocrx_word' id='word_1_331' title='bbox 220 4004 386 4055; x_wconf 85' lang='lat' dir='ltr'>nequaquam</span> <span class='ocrx_word' id='word_1_332' title='bbox 404 3997 490 4040; x_wconf 87' lang='lat' dir='ltr'>autern</span> <span class='ocrx_word' id='word_1_333' title='bbox 517 4006 550 4041; x_wconf 88' lang='lat' dir='ltr'>ex</span> <span class='ocrx_word' id='word_1_334' title='bbox 576 3992 637 4058; x_wconf 86' lang='lat' dir='ltr'>equi</span> <span class='ocrx_word' id='word_1_335' title='bbox 662 3990 726 4041; x_wconf 85' lang='lat' dir='ltr'>sede</span> <span class='ocrx_word' id='word_1_336' title='bbox 753 4004 811 4039; x_wconf 90' lang='lat' dir='ltr'>eum</span> <span class='ocrx_word' id='word_1_337' title='bbox 840 3986 962 4056; x_wconf 88' lang='lat' dir='ltr'>aliligere</span> <span class='ocrx_word' id='word_1_338' title='bbox 987 3988 1129 4040; x_wconf 81' lang='lat' dir='ltr'>valebant:</span> <span class='ocrx_word' id='word_1_339' title='bbox 1151 3985 1200 4035; x_wconf 73' lang='lat' dir='ltr'>bed</span> <span class='ocrx_word' id='word_1_340' title='bbox 1254 3990 1260 3995; x_wconf 86' lang='lat'>&#39;</span> 
     </span>
     <span class='ocr_line' id='line_1_40' title="bbox 106 4054 1199 4128; baseline -0.005 -19"><span class='ocrx_word' id='word_1_341' title='bbox 106 4075 169 4112; x_wconf 89' lang='lat' dir='ltr'>ense</span> <span class='ocrx_word' id='word_1_342' title='bbox 195 4060 304 4111; x_wconf 87' lang='lat' dir='ltr'>lanceas</span> <span class='ocrx_word' id='word_1_343' title='bbox 329 4060 421 4111; x_wconf 89' lang='lat' dir='ltr'>horum</span> <span class='ocrx_word' id='word_1_344' title='bbox 446 4063 604 4128; x_wconf 84' lang='lat' dir='ltr'>praecidens</span> <span class='ocrx_word' id='word_1_345' title='bbox 630 4069 657 4111; x_wconf 91' lang='lat' dir='ltr'>et</span> <span class='ocrx_word' id='word_1_346' title='bbox 682 4062 806 4124; x_wconf 83' lang='lat' dir='ltr'>sarissas,</span> <span class='ocrx_word' id='word_1_347' title='bbox 828 4060 866 4111; x_wconf 88' lang='lat' dir='ltr'>ita</span> <span class='ocrx_word' id='word_1_348' title='bbox 889 4054 1022 4112; x_wconf 83' lang='lat' dir='ltr'>bellantes</span> <span class='ocrx_word' id='word_1_349' title='bbox 1048 4060 1075 4107; x_wconf 89' lang='lat' dir='ltr'>in</span> <span class='ocrx_word' id='word_1_350' title='bbox 1101 4064 1199 4106; x_wconf 87' lang='lat' dir='ltr'>terram</span> 
     </span>
     <span class='ocr_line' id='line_1_41' title="bbox 67 4127 1199 4200; baseline 0 -20"><span class='ocrx_word' id='word_1_351' title='bbox 67 4155 69 4162; x_wconf 43' lang='grc' dir='ltr'><strong><em>ι</em></strong></span> <span class='ocrx_word' id='word_1_352' title='bbox 106 4131 258 4197; x_wconf 68' lang='lat' dir='ltr'>prostravit,</span> <span class='ocrx_word' id='word_1_353' title='bbox 278 4130 346 4184; x_wconf 85' lang='lat' dir='ltr'>alius</span> <span class='ocrx_word' id='word_1_354' title='bbox 366 4141 445 4200; x_wconf 88' lang='lat' dir='ltr'>caput</span> <span class='ocrx_word' id='word_1_355' title='bbox 463 4149 516 4184; x_wconf 93' lang='lat' dir='ltr'>uno</span> <span class='ocrx_word' id='word_1_356' title='bbox 536 4136 591 4185; x_wconf 87' lang='lat' dir='ltr'>ictu</span> <span class='ocrx_word' id='word_1_357' title='bbox 610 4148 670 4185; x_wconf 90' lang='lat' dir='ltr'>curn</span> <span class='ocrx_word' id='word_1_358' title='bbox 697 4149 776 4185; x_wconf 85' lang='lat' dir='ltr'>manu</span> <span class='ocrx_word' id='word_1_359' title='bbox 802 4132 953 4196; x_wconf 86' lang='lat' dir='ltr'>dissecans,</span> <span class='ocrx_word' id='word_1_360' title='bbox 979 4130 1059 4182; x_wconf 91' lang='lat' dir='ltr'>alium</span> <span class='ocrx_word' id='word_1_361' title='bbox 1086 4127 1199 4180; x_wconf 84' lang='lat' dir='ltr'>reddens</span> 
     </span>
     <span class='ocr_line' id='line_1_42' title="bbox 108 4202 1200 4274; baseline -0.005 -21"><span class='ocrx_word' id='word_1_362' title='bbox 108 4205 284 4272; x_wconf 81' lang='lat' dir='ltr'>semiseetum,</span> <span class='ocrx_word' id='word_1_363' title='bbox 304 4203 385 4255; x_wconf 88' lang='lat' dir='ltr'>alium</span> <span class='ocrx_word' id='word_1_364' title='bbox 407 4206 485 4258; x_wconf 85' lang='lat' dir='ltr'>etiam</span> <span class='ocrx_word' id='word_1_365' title='bbox 505 4206 674 4274; x_wconf 71' lang='lat' dir='ltr'>detruncans,</span> <span class='ocrx_word' id='word_1_366' title='bbox 695 4210 723 4259; x_wconf 93' lang='lat' dir='ltr'>et</span> <span class='ocrx_word' id='word_1_367' title='bbox 742 4203 979 4259; x_wconf 86' lang='lat' dir='ltr'>innumerabilibus</span> <span class='ocrx_word' id='word_1_368' title='bbox 997 4202 1097 4254; x_wconf 86' lang='lat' dir='ltr'>ictuum</span> <span class='ocrx_word' id='word_1_369' title='bbox 1114 4212 1200 4269; x_wconf 88' lang='lat' dir='ltr'>gene.</span> 
     </span>
    </p>
   </div>
   <div class='ocr_carea' id='block_1_4' title="bbox 0 0 1449 4734">
    <p class='ocr_par' dir='ltr' id='par_1_4' title="bbox 0 0 1449 4734">
     <span class='ocr_line' id='line_1_43' title="bbox 0 0 1449 4734; baseline 0 0"><span class='ocrx_word' id='word_1_370' title='bbox 0 0 1449 4734; x_wconf 95' lang='lat' dir='ltr'> </span> 
     </span>
    </p>
   </div>
  </div>
 </body>
</html>
