<?xml version="1.0" encoding="UTF-8"?>
<!DOCTYPE html PUBLIC "-//W3C//DTD XHTML 1.0 Transitional//EN"
    "http://www.w3.org/TR/xhtml1/DTD/xhtml1-transitional.dtd">
<html xmlns="http://www.w3.org/1999/xhtml" xml:lang="en" lang="en">
 <head>
  <title>
</title>
<meta http-equiv="Content-Type" content="text/html;charset=utf-8" />
  <meta name='ocr-system' content='tesseract 3.04.00' />
  <meta name='ocr-capabilities' content='ocr_page ocr_carea ocr_par ocr_line ocrx_word'/>
</head>
<body>
  <div class='ocr_page' id='page_1' title='image "./corpusscriptoru05theogoog/corpusscriptoru05theogoog_0324.png"; bbox 0 0 2875 4734; ppageno 0'>
   <div class='ocr_carea' id='block_1_1' title="bbox 193 227 1148 329">
    <p class='ocr_par' dir='ltr' id='par_1_1' title="bbox 193 227 1148 329">
     <span class='ocr_line' id='line_1_1' title="bbox 193 227 1148 329; baseline -0.018 -25"><span class='ocrx_word' id='word_1_1' title='bbox 193 232 283 329; x_wconf 46' lang='lat' dir='ltr'><strong><em>oro,</em></strong></span> <span class='ocrx_word' id='word_1_2' title='bbox 470 228 692 319; x_wconf 81' lang='lat' dir='ltr'>mcmnms</span> <span class='ocrx_word' id='word_1_3' title='bbox 707 291 711 311; x_wconf 20' lang='grc' dir='ltr'><em>ζ</em></span> <span class='ocrx_word' id='word_1_4' title='bbox 726 227 987 297; x_wconf 77' lang='lat' dir='ltr'>ammromn</span> <span class='ocrx_word' id='word_1_5' title='bbox 1059 298 1063 303; x_wconf 58' lang='grc'>,</span> <span class='ocrx_word' id='word_1_6' title='bbox 1135 276 1148 287; x_wconf 93' lang='grc'><strong>.</strong></span> 
     </span>
    </p>
   </div>
   <div class='ocr_carea' id='block_1_2' title="bbox 95 380 1344 2384">
    <p class='ocr_par' dir='ltr' id='par_1_2' title="bbox 95 380 1344 2384">
     <span class='ocr_line' id='line_1_2' title="bbox 193 380 1296 479; baseline -0.015 -18"><span class='ocrx_word' id='word_1_7' title='bbox 193 381 323 479; x_wconf 74' lang='grc' dir='ltr'><strong><em>έμβσλοι</em></strong></span> <span class='ocrx_word' id='word_1_8' title='bbox 344 387 498 477; x_wconf 75' lang='grc' dir='ltr'><strong><em>λέγονται,</em></strong></span> <span class='ocrx_word' id='word_1_9' title='bbox 522 396 778 478; x_wconf 75' lang='grc' dir='ltr'><strong><em>περινοστοῦντες</em></strong></span> <span class='ocrx_word' id='word_1_10' title='bbox 806 388 861 455; x_wconf 90' lang='grc' dir='ltr'><strong><em>καί</em></strong></span> <span class='ocrx_word' id='word_1_11' title='bbox 884 380 1132 475; x_wconf 73' lang='grc' dir='ltr'><strong><em>ἐμφωλεύοντες,</em></strong></span> <span class='ocrx_word' id='word_1_12' title='bbox 1155 382 1212 446; x_wconf 87' lang='grc' dir='ltr'><strong><em>καί</em></strong></span> <span class='ocrx_word' id='word_1_13' title='bbox 1229 405 1296 445; x_wconf 90' lang='grc' dir='ltr'><strong><em>πα-</em></strong></span> 
     </span>
     <span class='ocr_line' id='line_1_3' title="bbox 193 485 1297 580; baseline -0.015 -18"><span class='ocrx_word' id='word_1_14' title='bbox 193 496 334 580; x_wconf 89' lang='grc' dir='ltr'><strong><em>ρασίτων</em></strong></span> <span class='ocrx_word' id='word_1_15' title='bbox 354 489 483 578; x_wconf 65' lang='grc' dir='ltr'><strong><em>τόξονῆ</em></strong></span> <span class='ocrx_word' id='word_1_16' title='bbox 503 492 644 558; x_wconf 80' lang='grc' dir='ltr'><strong><em>κολάκων</em></strong></span> <span class='ocrx_word' id='word_1_17' title='bbox 665 486 685 574; x_wconf 75' lang='grc' dir='ltr'><strong><em>ἢ</em></strong></span> <span class='ocrx_word' id='word_1_18' title='bbox 706 493 776 575; x_wconf 87' lang='grc' dir='ltr'><strong><em>τόγε</em></strong></span> <span class='ocrx_word' id='word_1_19' title='bbox 803 492 1016 577; x_wconf 75' lang='grc' dir='ltr'><strong><em>ἀληθέστερον</em></strong></span> <span class='ocrx_word' id='word_1_20' title='bbox 1037 485 1136 550; x_wconf 80' lang='grc' dir='ltr'><strong><em>εἰπεῖν</em></strong></span> <span class='ocrx_word' id='word_1_21' title='bbox 1157 505 1297 569; x_wconf 88' lang='grc' dir='ltr'><strong><em>προσαι-</em></strong></span> 
     </span>
     <span class='ocr_line' id='line_1_4' title="bbox 193 586 1295 680; baseline -0.012 -18"><span class='ocrx_word' id='word_1_22' title='bbox 193 600 256 662; x_wconf 80' lang='grc' dir='ltr'><strong><em>τῶν</em></strong></span> <span class='ocrx_word' id='word_1_23' title='bbox 280 599 457 680; x_wconf 82' lang='grc' dir='ltr'><strong><em>έπέχοντες,</em></strong></span> <span class='ocrx_word' id='word_1_24' title='bbox 483 593 631 678; x_wconf 73' lang='grc' dir='ltr'><strong><em>συνήθως</em></strong></span> <span class='ocrx_word' id='word_1_25' title='bbox 653 590 779 676; x_wconf 76' lang='grc' dir='ltr'><strong><em>ἔχοντες</em></strong></span> <span class='ocrx_word' id='word_1_26' title='bbox 800 599 871 667; x_wconf 80' lang='grc' dir='ltr'><strong><em>ταῖς</em></strong></span> <span class='ocrx_word' id='word_1_27' title='bbox 894 591 1008 663; x_wconf 78' lang='grc' dir='ltr'><strong><em>οἰκίαις</em></strong></span> <span class='ocrx_word' id='word_1_28' title='bbox 1029 588 1089 652; x_wconf 70' lang='grc' dir='ltr'><strong><em>τοῖν</em></strong></span> <span class='ocrx_word' id='word_1_29' title='bbox 1109 586 1295 667; x_wconf 78' lang='grc' dir='ltr'><strong><em>τιμωμένων</em></strong></span> 
     </span>
     <span class='ocr_line' id='line_1_5' title="bbox 194 683 1296 785; baseline -0.015 -21"><span class='ocrx_word' id='word_1_30' title='bbox 194 700 366 785; x_wconf 71' lang='grc' dir='ltr'><strong><em>ἐπιφοιτᾶν</em></strong></span> <span class='ocrx_word' id='word_1_31' title='bbox 400 695 455 760; x_wconf 89' lang='grc' dir='ltr'><strong><em>καί</em></strong></span> <span class='ocrx_word' id='word_1_32' title='bbox 484 694 697 779; x_wconf 85' lang='grc' dir='ltr'><strong><em>προφημίζειν</em></strong></span> <span class='ocrx_word' id='word_1_33' title='bbox 724 696 757 757; x_wconf 85' lang='grc' dir='ltr'><strong><em>έν</em></strong></span> <span class='ocrx_word' id='word_1_34' title='bbox 788 692 976 777; x_wconf 68' lang='grc' dir='ltr'><strong><em>εὐχαριστίᾳ</em></strong></span> <span class='ocrx_word' id='word_1_35' title='bbox 1003 688 1209 771; x_wconf 77' lang='grc' dir='ltr'><strong><em>μεγαλουργῷ</em></strong></span> <span class='ocrx_word' id='word_1_36' title='bbox 1237 683 1296 769; x_wconf 68' lang='grc' dir='ltr'><strong><em>τὴν</em></strong></span> 
     </span>
     <span class='ocr_line' id='line_1_6' title="bbox 192 788 1321 881; baseline -0.018 -16"><span class='ocrx_word' id='word_1_37' title='bbox 192 802 351 881; x_wconf 78' lang='grc' dir='ltr'><strong><em>βασιλέων</em></strong></span> <span class='ocrx_word' id='word_1_38' title='bbox 369 793 468 879; x_wconf 77' lang='grc' dir='ltr'><strong><em>χάριν</em></strong></span> <span class='ocrx_word' id='word_1_39' title='bbox 487 799 543 859; x_wconf 89' lang='grc' dir='ltr'><strong><em>καί</em></strong></span> <span class='ocrx_word' id='word_1_40' title='bbox 564 793 598 859; x_wconf 90' lang='grc' dir='ltr'><strong><em>τό</em></strong></span> <span class='ocrx_word' id='word_1_41' title='bbox 624 796 677 877; x_wconf 70' lang='grc' dir='ltr'><strong><em>τῆς</em></strong></span> <span class='ocrx_word' id='word_1_42' title='bbox 696 788 858 876; x_wconf 72' lang='grc' dir='ltr'><strong><em>τιμήσεως</em></strong></span> <span class='ocrx_word' id='word_1_43' title='bbox 871 790 1024 875; x_wconf 80' lang='grc' dir='ltr'><strong><em>ἐπιφανές</em></strong></span> <span class='ocrx_word' id='word_1_44' title='bbox 1039 790 1092 850; x_wconf 85' lang='grc' dir='ltr'><strong><em>καί</em></strong></span> <span class='ocrx_word' id='word_1_45' title='bbox 1115 789 1321 870; x_wconf 77' lang='grc' dir='ltr'><strong><em>περιολβσν,5</em></strong></span> 
     </span>
     <span class='ocr_line' id='line_1_7' title="bbox 193 882 1296 978; baseline -0.015 -15"><span class='ocrx_word' id='word_1_46' title='bbox 193 902 249 964; x_wconf 89' lang='grc' dir='ltr'><strong><em>καί</em></strong></span> <span class='ocrx_word' id='word_1_47' title='bbox 271 900 365 964; x_wconf 86' lang='grc' dir='ltr'><strong><em>αύτοί</em></strong></span> <span class='ocrx_word' id='word_1_48' title='bbox 386 899 420 960; x_wconf 79' lang='grc' dir='ltr'><strong><em>ἐκ</em></strong></span> <span class='ocrx_word' id='word_1_49' title='bbox 442 892 583 978; x_wconf 80' lang='grc' dir='ltr'><strong><em>πενήτων</em></strong></span> <span class='ocrx_word' id='word_1_50' title='bbox 596 892 751 977; x_wconf 87' lang='grc' dir='ltr'><strong><em>γεγόνασι</em></strong></span> <span class='ocrx_word' id='word_1_51' title='bbox 771 887 916 955; x_wconf 87' lang='grc' dir='ltr'><strong><em>πλούσιοι</em></strong></span> <span class='ocrx_word' id='word_1_52' title='bbox 931 891 984 952; x_wconf 90' lang='grc' dir='ltr'><strong><em>καί</em></strong></span> <span class='ocrx_word' id='word_1_53' title='bbox 1006 882 1137 971; x_wconf 84' lang='grc' dir='ltr'><strong><em>εόποροι</em></strong></span> <span class='ocrx_word' id='word_1_54' title='bbox 1159 888 1192 965; x_wconf 80' lang='grc' dir='ltr'><strong><em>ἐξ</em></strong></span> <span class='ocrx_word' id='word_1_55' title='bbox 1215 882 1296 948; x_wconf 84' lang='grc' dir='ltr'><strong><em>α’πό-</em></strong></span> 
     </span>
     <span class='ocr_line' id='line_1_8' title="bbox 194 983 1296 1084; baseline -0.014 -20"><span class='ocrx_word' id='word_1_56' title='bbox 194 1024 259 1083; x_wconf 91' lang='grc' dir='ltr'><strong><em>ρων</em></strong></span> <span class='ocrx_word' id='word_1_57' title='bbox 279 1001 319 1084; x_wconf 80' lang='grc' dir='ltr'><strong><em>τῇ</em></strong></span> <span class='ocrx_word' id='word_1_58' title='bbox 339 1000 489 1083; x_wconf 77' lang='grc' dir='ltr'><strong><em>συνεχείᾳ</em></strong></span> <span class='ocrx_word' id='word_1_59' title='bbox 512 999 566 1060; x_wconf 90' lang='grc' dir='ltr'><strong><em>καί</em></strong></span> <span class='ocrx_word' id='word_1_60' title='bbox 587 998 630 1083; x_wconf 72' lang='grc' dir='ltr'><strong><em>τῷ</em></strong></span> <span class='ocrx_word' id='word_1_61' title='bbox 650 997 864 1079; x_wconf 82' lang='grc' dir='ltr'><strong><em>πολυαρίθμρο</em></strong></span> <span class='ocrx_word' id='word_1_62' title='bbox 884 994 946 1054; x_wconf 75' lang='grc' dir='ltr'><strong><em>τοῖν</em></strong></span> <span class='ocrx_word' id='word_1_63' title='bbox 967 990 1170 1071; x_wconf 77' lang='grc' dir='ltr'><strong><em>τιμωμένων,</em></strong></span> <span class='ocrx_word' id='word_1_64' title='bbox 1193 983 1296 1083; x_wconf 77' lang='grc' dir='ltr'><strong><em>ἁδρόν</em></strong></span> 
     </span>
     <span class='ocr_line' id='line_1_9' title="bbox 195 1088 1295 1181; baseline -0.014 -18"><span class='ocrx_word' id='word_1_65' title='bbox 195 1101 272 1163; x_wconf 81' lang='grc' dir='ltr'><strong><em>καθ’</em></strong></span> <span class='ocrx_word' id='word_1_66' title='bbox 293 1090 429 1181; x_wconf 79' lang='grc' dir='ltr'><strong><em>έκύστην</em></strong></span> <span class='ocrx_word' id='word_1_67' title='bbox 449 1100 588 1180; x_wconf 85' lang='grc' dir='ltr'><strong><em>χρυσίου</em></strong></span> <span class='ocrx_word' id='word_1_68' title='bbox 610 1094 765 1180; x_wconf 86' lang='grc' dir='ltr'><strong><em>ποσότητα</em></strong></span> <span class='ocrx_word' id='word_1_69' title='bbox 790 1089 876 1176; x_wconf 75' lang='grc' dir='ltr'><strong><em>παρὰ</em></strong></span> <span class='ocrx_word' id='word_1_70' title='bbox 891 1090 1011 1155; x_wconf 88' lang='grc' dir='ltr'><strong><em>τούτων</em></strong></span> <span class='ocrx_word' id='word_1_71' title='bbox 1035 1088 1295 1170; x_wconf 85' lang='grc' dir='ltr'><strong><em>εἰσκομιζόμενυι.</em></strong></span> 
     </span>
     <span class='ocr_line' id='line_1_10' title="bbox 194 1180 1296 1282; baseline -0.012 -19"><span class='ocrx_word' id='word_1_72' title='bbox 194 1204 312 1265; x_wconf 88' lang='grc' dir='ltr'><strong><em>τίνετοι</em></strong></span> <span class='ocrx_word' id='word_1_73' title='bbox 333 1196 394 1281; x_wconf 78' lang='grc' dir='ltr'><strong><em>γὰρ</em></strong></span> <span class='ocrx_word' id='word_1_74' title='bbox 418 1196 446 1282; x_wconf 79' lang='grc' dir='ltr'><em>ἦ</em></span> <span class='ocrx_word' id='word_1_75' title='bbox 481 1194 569 1271; x_wconf 87' lang='grc' dir='ltr'><strong><em>δόσις</em></strong></span> <span class='ocrx_word' id='word_1_76' title='bbox 596 1180 683 1280; x_wconf 83' lang='grc' dir='ltr'><strong><em>παρό</em></strong></span> <span class='ocrx_word' id='word_1_77' title='bbox 717 1194 842 1259; x_wconf 82' lang='grc' dir='ltr'><strong><em>πόντων</em></strong></span> <span class='ocrx_word' id='word_1_78' title='bbox 866 1195 929 1257; x_wconf 81' lang='grc' dir='ltr'><strong><em>τεόν</em></strong></span> <span class='ocrx_word' id='word_1_79' title='bbox 956 1189 1231 1271; x_wconf 85' lang='grc' dir='ltr'><strong><em>εύδαιμσνοόντων</em></strong></span> <span class='ocrx_word' id='word_1_80' title='bbox 1252 1187 1296 1263; x_wconf 78' lang='grc' dir='ltr'><strong><em>ὥς</em></strong></span> 
     </span>
     <span class='ocr_line' id='line_1_11' title="bbox 196 1291 1339 1383; baseline -0.008 -19"><span class='ocrx_word' id='word_1_81' title='bbox 196 1302 229 1377; x_wconf 80' lang='grc' dir='ltr'><strong><em>ἐξ</em></strong></span> <span class='ocrx_word' id='word_1_82' title='bbox 252 1295 386 1383; x_wconf 85' lang='grc' dir='ltr'><strong><em>έρόνου,</em></strong></span> <span class='ocrx_word' id='word_1_83' title='bbox 409 1297 448 1380; x_wconf 82' lang='grc' dir='ltr'><strong><em>ἢν</em></strong></span> <span class='ocrx_word' id='word_1_84' title='bbox 470 1295 525 1361; x_wconf 88' lang='grc' dir='ltr'><strong><em>καί</em></strong></span> <span class='ocrx_word' id='word_1_85' title='bbox 544 1295 722 1380; x_wconf 77' lang='grc' dir='ltr'><strong><em>συνήθειαν</em></strong></span> <span class='ocrx_word' id='word_1_86' title='bbox 751 1296 805 1360; x_wconf 83' lang='grc' dir='ltr'><strong><em>τοῦ</em></strong></span> <span class='ocrx_word' id='word_1_87' title='bbox 829 1294 975 1379; x_wconf 80' lang='grc' dir='ltr'><strong><em>Χριστοῦ</em></strong></span> <span class='ocrx_word' id='word_1_88' title='bbox 1004 1291 1220 1371; x_wconf 84' lang='grc' dir='ltr'><strong><em>α’στεῖζόμενσι</em></strong></span> <span class='ocrx_word' id='word_1_89' title='bbox 1241 1292 1296 1352; x_wconf 86' lang='grc' dir='ltr'><strong><em>λέ-</em></strong></span> <span class='ocrx_word' id='word_1_90' title='bbox 1307 1302 1339 1355; x_wconf 85' lang='lat'><strong><em>10</em></strong></span> 
     </span>
     <span class='ocr_line' id='line_1_12' title="bbox 194 1394 1297 1485; baseline -0.012 -20"><span class='ocrx_word' id='word_1_91' title='bbox 194 1425 295 1485; x_wconf 92' lang='grc' dir='ltr'><strong><em>γουσι.</em></strong></span> <span class='ocrx_word' id='word_1_92' title='bbox 327 1397 499 1483; x_wconf 76' lang='grc' dir='ltr'><strong><em>προϊούσης</em></strong></span> <span class='ocrx_word' id='word_1_93' title='bbox 532 1401 567 1463; x_wconf 84' lang='grc' dir='ltr'><strong><em>δὲ</em></strong></span> <span class='ocrx_word' id='word_1_94' title='bbox 588 1401 644 1481; x_wconf 82' lang='grc' dir='ltr'><strong><em>τῆς</em></strong></span> <span class='ocrx_word' id='word_1_95' title='bbox 659 1396 842 1481; x_wconf 86' lang='grc' dir='ltr'><strong><em>εύεργεσίας</em></strong></span> <span class='ocrx_word' id='word_1_96' title='bbox 868 1396 912 1469; x_wconf 83' lang='grc' dir='ltr'><strong><em>εἰς</em></strong></span> <span class='ocrx_word' id='word_1_97' title='bbox 932 1394 1151 1478; x_wconf 81' lang='grc' dir='ltr'><strong><em>α’ναρίθμητον</em></strong></span> <span class='ocrx_word' id='word_1_98' title='bbox 1171 1399 1297 1477; x_wconf 76' lang='grc' dir='ltr'><strong><em>στῖφος,</em></strong></span> 
     </span>
     <span class='ocr_line' id='line_1_13' title="bbox 190 1489 1298 1585; baseline -0.011 -18"><span class='ocrx_word' id='word_1_99' title='bbox 190 1504 251 1585; x_wconf 61' lang='grc' dir='ltr'><strong><em>καί</em></strong></span> <span class='ocrx_word' id='word_1_100' title='bbox 271 1498 348 1582; x_wconf 90' lang='grc' dir='ltr'><strong><em>πρός</em></strong></span> <span class='ocrx_word' id='word_1_101' title='bbox 370 1498 406 1563; x_wconf 89' lang='grc' dir='ltr'><strong><em>τό</em></strong></span> <span class='ocrx_word' id='word_1_102' title='bbox 430 1496 632 1580; x_wconf 76' lang='grc' dir='ltr'><strong><em>πανταχόθεν</em></strong></span> <span class='ocrx_word' id='word_1_103' title='bbox 651 1500 850 1579; x_wconf 81' lang='grc' dir='ltr'><strong><em>περιτρέχειν</em></strong></span> <span class='ocrx_word' id='word_1_104' title='bbox 869 1496 922 1577; x_wconf 77' lang='grc' dir='ltr'><strong><em>τῆς</em></strong></span> <span class='ocrx_word' id='word_1_105' title='bbox 944 1491 1065 1568; x_wconf 88' lang='grc' dir='ltr'><strong><em>πόλεως</em></strong></span> <span class='ocrx_word' id='word_1_106' title='bbox 1093 1491 1148 1555; x_wconf 88' lang='grc' dir='ltr'><strong><em>καί</em></strong></span> <span class='ocrx_word' id='word_1_107' title='bbox 1168 1489 1298 1574; x_wconf 79' lang='grc' dir='ltr'><strong><em>λαμβά-</em></strong></span> 
     </span>
     <span class='ocr_line' id='line_1_14' title="bbox 196 1586 1297 1680; baseline -0.01 -12"><span class='ocrx_word' id='word_1_108' title='bbox 196 1626 264 1668; x_wconf 90' lang='grc' dir='ltr'><strong><em>νειν</em></strong></span> <span class='ocrx_word' id='word_1_109' title='bbox 285 1603 338 1665; x_wconf 89' lang='grc' dir='ltr'><strong><em>καί</em></strong></span> <span class='ocrx_word' id='word_1_110' title='bbox 359 1592 448 1664; x_wconf 77' lang='grc' dir='ltr'><strong><em>οὗτοι</em></strong></span> <span class='ocrx_word' id='word_1_111' title='bbox 479 1601 652 1680; x_wconf 80' lang='grc' dir='ltr'><strong><em>α’πέκαμον,</em></strong></span> <span class='ocrx_word' id='word_1_112' title='bbox 679 1590 739 1659; x_wconf 80' lang='grc' dir='ltr'><strong><em>κόν</em></strong></span> <span class='ocrx_word' id='word_1_113' title='bbox 762 1592 928 1678; x_wconf 77' lang='grc' dir='ltr'><strong><em>ε’πικερδρς</em></strong></span> <span class='ocrx_word' id='word_1_114' title='bbox 951 1586 990 1678; x_wconf 74' lang='grc' dir='ltr'><strong><em>ἦν</em></strong></span> <span class='ocrx_word' id='word_1_115' title='bbox 1013 1592 1033 1676; x_wconf 83' lang='grc' dir='ltr'><em>ἦ</em></span> <span class='ocrx_word' id='word_1_116' title='bbox 1055 1594 1142 1658; x_wconf 86' lang='grc' dir='ltr'><strong><em>αἰτία</em></strong></span> <span class='ocrx_word' id='word_1_117' title='bbox 1165 1594 1221 1674; x_wconf 76' lang='grc' dir='ltr'><strong><em>τῆς</em></strong></span> <span class='ocrx_word' id='word_1_118' title='bbox 1242 1591 1297 1657; x_wconf 85' lang='grc' dir='ltr'><strong><em>διό</em></strong></span> 
     </span>
     <span class='ocr_line' id='line_1_15' title="bbox 196 1691 1300 1785; baseline -0.007 -20"><span class='ocrx_word' id='word_1_119' title='bbox 196 1701 322 1765; x_wconf 81' lang='grc' dir='ltr'><strong><em>πάντων</em></strong></span> <span class='ocrx_word' id='word_1_120' title='bbox 344 1697 591 1785; x_wconf 74' lang='grc' dir='ltr'><strong><em>ε’πιφσιτὴσεως·</em></strong></span> <span class='ocrx_word' id='word_1_121' title='bbox 636 1697 655 1781; x_wconf 82' lang='grc' dir='ltr'><em>ἡ</em></span> <span class='ocrx_word' id='word_1_122' title='bbox 678 1695 738 1781; x_wconf 75' lang='grc' dir='ltr'><strong><em>γὰρ</em></strong></span> <span class='ocrx_word' id='word_1_123' title='bbox 764 1691 901 1778; x_wconf 77' lang='grc' dir='ltr'><strong><em>δμετρίοι</em></strong></span> <span class='ocrx_word' id='word_1_124' title='bbox 915 1697 979 1759; x_wconf 75' lang='grc' dir='ltr'><strong><em>τῶν</em></strong></span> <span class='ocrx_word' id='word_1_125' title='bbox 995 1695 1097 1759; x_wconf 90' lang='grc' dir='ltr'><strong><em>πόνων</em></strong></span> <span class='ocrx_word' id='word_1_126' title='bbox 1120 1695 1223 1757; x_wconf 90' lang='grc' dir='ltr'><strong><em>πείθει</em></strong></span> <span class='ocrx_word' id='word_1_127' title='bbox 1245 1695 1300 1758; x_wconf 90' lang='grc' dir='ltr'><strong><em>καί</em></strong></span> 
     </span>
     <span class='ocr_line' id='line_1_16' title="bbox 198 1792 1343 1887; baseline -0.006 -23"><span class='ocrx_word' id='word_1_128' title='bbox 198 1805 329 1887; x_wconf 82' lang='grc' dir='ltr'><strong><em>κέρδους</em></strong></span> <span class='ocrx_word' id='word_1_129' title='bbox 350 1800 425 1876; x_wconf 83' lang='grc' dir='ltr'><strong><em>τούς</em></strong></span> <span class='ocrx_word' id='word_1_130' title='bbox 448 1792 533 1864; x_wconf 85' lang='grc' dir='ltr'><strong><em>οότω</em></strong></span> <span class='ocrx_word' id='word_1_131' title='bbox 555 1798 749 1883; x_wconf 79' lang='grc' dir='ltr'><strong><em>κεκμηκότας</em></strong></span> <span class='ocrx_word' id='word_1_132' title='bbox 772 1803 986 1881; x_wconf 79' lang='grc' dir='ltr'><strong><em>περιφρονεῖν.</em></strong></span> <span class='ocrx_word' id='word_1_133' title='bbox 1217 1858 1221 1865; x_wconf 75' lang='grc'><strong>,</strong></span> <span class='ocrx_word' id='word_1_134' title='bbox 1310 1804 1343 1857; x_wconf 83' lang='lat'><strong><em>15</em></strong></span> 
     </span>
     <span class='ocr_line' id='line_1_17' title="bbox 293 1894 1302 1984; baseline -0.008 -15"><span class='ocrx_word' id='word_1_135' title='bbox 293 1904 379 1969; x_wconf 82' lang='grc' dir='ltr'><strong><em>Ἀλλ’</em></strong></span> <span class='ocrx_word' id='word_1_136' title='bbox 398 1902 452 1967; x_wconf 85' lang='grc' dir='ltr'><strong><em>έπί</em></strong></span> <span class='ocrx_word' id='word_1_137' title='bbox 470 1904 530 1982; x_wconf 84' lang='grc' dir='ltr'><strong><em>μὲν</em></strong></span> <span class='ocrx_word' id='word_1_138' title='bbox 561 1904 625 1965; x_wconf 78' lang='grc' dir='ltr'><strong><em>τῶν</em></strong></span> <span class='ocrx_word' id='word_1_139' title='bbox 655 1895 792 1964; x_wconf 73' lang='grc' dir='ltr'><strong><em>πολιτῶν</em></strong></span> <span class='ocrx_word' id='word_1_140' title='bbox 825 1900 881 1961; x_wconf 87' lang='grc' dir='ltr'><strong><em>καί</em></strong></span> <span class='ocrx_word' id='word_1_141' title='bbox 909 1901 972 1962; x_wconf 68' lang='grc' dir='ltr'><strong><em>τοῖν</em></strong></span> <span class='ocrx_word' id='word_1_142' title='bbox 995 1894 1055 1961; x_wconf 88' lang='grc' dir='ltr'><strong><em>σύν</em></strong></span> <span class='ocrx_word' id='word_1_143' title='bbox 1075 1897 1163 1983; x_wconf 66' lang='lat' dir='ltr'>adrui</span> <span class='ocrx_word' id='word_1_144' title='bbox 1184 1896 1241 1961; x_wconf 81' lang='grc' dir='ltr'><strong><em>κόν</em></strong></span> <span class='ocrx_word' id='word_1_145' title='bbox 1262 1900 1302 1984; x_wconf 77' lang='grc' dir='ltr'><strong><em>τῇ</em></strong></span> 
     </span>
     <span class='ocr_line' id='line_1_18' title="bbox 196 1993 1304 2091; baseline -0.008 -21"><span class='ocrx_word' id='word_1_146' title='bbox 196 2004 411 2091; x_wconf 75' lang='grc' dir='ltr'><strong><em>βασιλευούσῃ</em></strong></span> <span class='ocrx_word' id='word_1_147' title='bbox 433 1998 639 2084; x_wconf 85' lang='grc' dir='ltr'><strong><em>προόπόντων</em></strong></span> <span class='ocrx_word' id='word_1_148' title='bbox 665 2002 870 2083; x_wconf 73' lang='grc' dir='ltr'><strong><em>στρατιωτῶν</em></strong></span> <span class='ocrx_word' id='word_1_149' title='bbox 892 1993 936 2063; x_wconf 78' lang='grc' dir='ltr'><strong><em>τοὶ</em></strong></span> <span class='ocrx_word' id='word_1_150' title='bbox 961 2000 1093 2063; x_wconf 78' lang='grc' dir='ltr'><strong><em>τοιαῦτα</em></strong></span> <span class='ocrx_word' id='word_1_151' title='bbox 1114 2002 1304 2083; x_wconf 85' lang='grc' dir='ltr'><strong><em>έτερατουρ-</em></strong></span> 
     </span>
     <span class='ocr_line' id='line_1_19' title="bbox 95 2094 1302 2188; baseline -0.006 -20"><span class='ocrx_word' id='word_1_152' title='bbox 95 2132 105 2141; x_wconf 93' lang='grc'><em>·</em></span> <span class='ocrx_word' id='word_1_153' title='bbox 197 2106 308 2188; x_wconf 82' lang='grc' dir='ltr'><strong><em>γοόντο</em></strong></span> <span class='ocrx_word' id='word_1_154' title='bbox 327 2104 383 2166; x_wconf 87' lang='grc' dir='ltr'><strong><em>καί</em></strong></span> <span class='ocrx_word' id='word_1_155' title='bbox 404 2097 599 2186; x_wconf 79' lang='grc' dir='ltr'><strong><em>’ξενοτρόπως</em></strong></span> <span class='ocrx_word' id='word_1_156' title='bbox 622 2096 821 2184; x_wconf 80' lang='grc' dir='ltr'><strong><em>έπροὶττοντο,</em></strong></span> <span class='ocrx_word' id='word_1_157' title='bbox 842 2096 895 2161; x_wconf 78' lang='grc' dir='ltr'><strong><em>ἐπί</em></strong></span> <span class='ocrx_word' id='word_1_158' title='bbox 924 2099 959 2161; x_wconf 81' lang='grc' dir='ltr'><strong><em>δὲ</em></strong></span> <span class='ocrx_word' id='word_1_159' title='bbox 980 2094 1186 2181; x_wconf 76' lang='grc' dir='ltr'><strong><em>τῆςέθνικῆς</em></strong></span> <span class='ocrx_word' id='word_1_160' title='bbox 1206 2097 1302 2182; x_wconf 91' lang='grc' dir='ltr'><strong><em>μερί-</em></strong></span> 
     </span>
     <span class='ocr_line' id='line_1_20' title="bbox 105 2188 1303 2287; baseline -0.005 -18"><span class='ocrx_word' id='word_1_161' title='bbox 105 2268 132 2275; x_wconf 78' lang='grc'><strong><em>,,</em></strong></span> <span class='ocrx_word' id='word_1_162' title='bbox 200 2188 258 2280; x_wconf 87' lang='grc' dir='ltr'><strong><em>δος</em></strong></span> <span class='ocrx_word' id='word_1_163' title='bbox 274 2203 401 2287; x_wconf 83' lang='grc' dir='ltr'><strong><em>όστέρει</em></strong></span> <span class='ocrx_word' id='word_1_164' title='bbox 420 2201 456 2266; x_wconf 89' lang='grc' dir='ltr'><strong><em>τό</em></strong></span> <span class='ocrx_word' id='word_1_165' title='bbox 480 2200 746 2287; x_wconf 82' lang='grc' dir='ltr'><strong><em>κατορθούμενον.</em></strong></span> <span class='ocrx_word' id='word_1_166' title='bbox 789 2200 827 2262; x_wconf 79' lang='lat' dir='ltr'><strong><em>orl</em></strong></span> <span class='ocrx_word' id='word_1_167' title='bbox 848 2204 910 2281; x_wconf 85' lang='grc' dir='ltr'><strong><em>μὲν</em></strong></span> <span class='ocrx_word' id='word_1_168' title='bbox 930 2191 997 2279; x_wconf 81' lang='grc' dir='ltr'><strong><em>σόν,</em></strong></span> <span class='ocrx_word' id='word_1_169' title='bbox 1017 2200 1088 2263; x_wconf 75' lang='grc' dir='ltr'><strong><em>αλλ’</em></strong></span> <span class='ocrx_word' id='word_1_170' title='bbox 1109 2203 1156 2263; x_wconf 80' lang='grc' dir='ltr'><strong><em>ἐπ’</em></strong></span> <span class='ocrx_word' id='word_1_171' title='bbox 1177 2196 1303 2263; x_wconf 79' lang='grc' dir='ltr'><strong><em>ἐκείνων</em></strong></span> 
     </span>
     <span class='ocr_line' id='line_1_21' title="bbox 198 2294 1344 2384; baseline -0.002 -17"><span class='ocrx_word' id='word_1_172' title='bbox 198 2306 319 2384; x_wconf 80' lang='grc' dir='ltr'><strong><em>μᾶλλον</em></strong></span> <span class='ocrx_word' id='word_1_173' title='bbox 342 2300 381 2367; x_wconf 82' lang='grc' dir='ltr'><strong><em>τοὶ</em></strong></span> <span class='ocrx_word' id='word_1_174' title='bbox 405 2306 543 2384; x_wconf 78' lang='grc' dir='ltr'><strong><em>βραβεῖα</em></strong></span> <span class='ocrx_word' id='word_1_175' title='bbox 568 2302 851 2384; x_wconf 85' lang='grc' dir='ltr'><strong><em>προσεπετείνοντσ.</em></strong></span> <span class='ocrx_word' id='word_1_176' title='bbox 897 2296 926 2363; x_wconf 78' lang='lat' dir='ltr'>oi</span> <span class='ocrx_word' id='word_1_177' title='bbox 941 2297 1002 2383; x_wconf 82' lang='grc' dir='ltr'><strong><em>γόρ</em></strong></span> <span class='ocrx_word' id='word_1_178' title='bbox 1025 2294 1344 2380; x_wconf 70' lang='grc' dir='ltr'><strong><em>Κουτουλμοόσιοιλθ</em></strong></span> 
     </span>
    </p>
   </div>
   <div class='ocr_carea' id='block_1_3' title="bbox 166 2394 1302 2691">
    <p class='ocr_par' dir='ltr' id='par_1_3' title="bbox 166 2394 1302 2691">
     <span class='ocr_line' id='line_1_22' title="bbox 166 2394 1302 2489; baseline -0.006 -20"><span class='ocrx_word' id='word_1_179' title='bbox 166 2448 170 2454; x_wconf 88' lang='lat'>-</span> <span class='ocrx_word' id='word_1_180' title='bbox 203 2403 342 2489; x_wconf 85' lang='grc' dir='ltr'><strong><em>Τσόρκοι</em></strong></span> <span class='ocrx_word' id='word_1_181' title='bbox 362 2400 443 2485; x_wconf 78' lang='grc' dir='ltr'><strong><em>μετὰ</em></strong></span> <span class='ocrx_word' id='word_1_182' title='bbox 466 2402 607 2487; x_wconf 71' lang='grc' dir='ltr'><strong><em>πλήθους</em></strong></span> <span class='ocrx_word' id='word_1_183' title='bbox 631 2401 786 2466; x_wconf 81' lang='grc' dir='ltr'><strong><em>Ούννικοό</em></strong></span> <span class='ocrx_word' id='word_1_184' title='bbox 804 2404 838 2465; x_wconf 86' lang='grc' dir='ltr'><strong><em>έν</em></strong></span> <span class='ocrx_word' id='word_1_185' title='bbox 862 2397 1064 2483; x_wconf 87' lang='grc' dir='ltr'><strong><em>Χρυσοπόλει</em></strong></span> <span class='ocrx_word' id='word_1_186' title='bbox 1086 2394 1302 2482; x_wconf 85' lang='grc' dir='ltr'><strong><em>κατασκηνού-</em></strong></span> 
     </span>
     <span class='ocr_line' id='line_1_23' title="bbox 197 2496 1302 2586; baseline -0.005 -19"><span class='ocrx_word' id='word_1_187' title='bbox 197 2528 288 2586; x_wconf 89' lang='grc' dir='ltr'><strong><em>μενσι</em></strong></span> <span class='ocrx_word' id='word_1_188' title='bbox 309 2498 463 2568; x_wconf 91' lang='grc' dir='ltr'><strong><em>πλειόνων</em></strong></span> <span class='ocrx_word' id='word_1_189' title='bbox 483 2502 632 2584; x_wconf 82' lang='grc' dir='ltr'><strong><em>α’γαθοόν,</em></strong></span> <span class='ocrx_word' id='word_1_190' title='bbox 654 2496 697 2576; x_wconf 76' lang='grc' dir='ltr'><strong><em>ὥς</em></strong></span> <span class='ocrx_word' id='word_1_191' title='bbox 722 2499 779 2582; x_wconf 77' lang='grc' dir='ltr'><strong><em>τὴν</em></strong></span> <span class='ocrx_word' id='word_1_192' title='bbox 799 2498 947 2583; x_wconf 68' lang='grc' dir='ltr'><strong><em>δουλικὴν</em></strong></span> <span class='ocrx_word' id='word_1_193' title='bbox 974 2499 1106 2582; x_wconf 69' lang='grc' dir='ltr'><strong><em>στοργήν</em></strong></span> <span class='ocrx_word' id='word_1_194' title='bbox 1122 2497 1178 2562; x_wconf 87' lang='grc' dir='ltr'><strong><em>καί</em></strong></span> <span class='ocrx_word' id='word_1_195' title='bbox 1198 2502 1302 2563; x_wconf 89' lang='grc' dir='ltr'><strong><em>πίστιν</em></strong></span> 
     </span>
     <span class='ocr_line' id='line_1_24' title="bbox 190 2596 1302 2691; baseline -0.004 -24"><span class='ocrx_word' id='word_1_196' title='bbox 190 2607 368 2690; x_wconf 63' lang='grc' dir='ltr'><strong><em>’τηροῦντες</em></strong></span> <span class='ocrx_word' id='word_1_197' title='bbox 403 2608 449 2691; x_wconf 75' lang='grc' dir='ltr'><strong><em>τῷ</em></strong></span> <span class='ocrx_word' id='word_1_198' title='bbox 467 2606 610 2685; x_wconf 78' lang='grc' dir='ltr'><strong><em>βασιλεῖ,</em></strong></span> <span class='ocrx_word' id='word_1_199' title='bbox 632 2603 875 2687; x_wconf 81' lang='grc' dir='ltr'><strong><em>παραπήλουσν.</em></strong></span> <span class='ocrx_word' id='word_1_200' title='bbox 928 2603 983 2665; x_wconf 84' lang='grc' dir='ltr'><strong><em>καί</em></strong></span> <span class='ocrx_word' id='word_1_201' title='bbox 1003 2596 1033 2662; x_wconf 79' lang='grc' dir='ltr'><strong><em>οἱ</em></strong></span> <span class='ocrx_word' id='word_1_202' title='bbox 1054 2596 1302 2684; x_wconf 82' lang='grc' dir='ltr'><strong><em>προεξόρχοντες</em></strong></span> 
     </span>
    </p>
   </div>
   <div class='ocr_carea' id='block_1_4' title="bbox 201 2896 1303 3749">
    <p class='ocr_par' dir='ltr' id='par_1_4' title="bbox 201 2896 1303 3749">
     <span class='ocr_line' id='line_1_25' title="bbox 203 2896 1301 2965; baseline -0.001 -16"><span class='ocrx_word' id='word_1_203' title='bbox 203 2897 283 2950; x_wconf 83' lang='lat' dir='ltr'>tectis</span> <span class='ocrx_word' id='word_1_204' title='bbox 302 2898 404 2949; x_wconf 88' lang='lat' dir='ltr'>viarum</span> <span class='ocrx_word' id='word_1_205' title='bbox 432 2896 615 2965; x_wconf 83' lang='lat' dir='ltr'>publicarum,</span> <span class='ocrx_word' id='word_1_206' title='bbox 629 2911 709 2965; x_wconf 65' lang='lat' dir='ltr'><strong><em>⁴quae</em></strong></span> <span class='ocrx_word' id='word_1_207' title='bbox 737 2896 843 2965; x_wconf 91' lang='lat' dir='ltr'>quidem</span> <span class='ocrx_word' id='word_1_208' title='bbox 862 2897 980 2963; x_wconf 83' lang='lat' dir='ltr'>porticus</span> <span class='ocrx_word' id='word_1_209' title='bbox 999 2898 1140 2962; x_wconf 86' lang='lat' dir='ltr'>dicuntur,</span> <span class='ocrx_word' id='word_1_210' title='bbox 1161 2904 1301 2950; x_wconf 71' lang='lat' dir='ltr'>versantur</span> 
     </span>
     <span class='ocr_line' id='line_1_26' title="bbox 206 2966 1302 3023; baseline -0.005 -3"><span class='ocrx_word' id='word_1_211' title='bbox 206 2978 235 3020; x_wconf 87' lang='lat' dir='ltr'><strong><em>at</em></strong></span> <span class='ocrx_word' id='word_1_212' title='bbox 254 2970 339 3021; x_wconf 89' lang='lat' dir='ltr'>latent</span> <span class='ocrx_word' id='word_1_213' title='bbox 358 2977 385 3021; x_wconf 88' lang='lat' dir='ltr'><strong><em>et</em></strong></span> <span class='ocrx_word' id='word_1_214' title='bbox 402 2967 584 3021; x_wconf 88' lang='lat' dir='ltr'>accubitorum</span> <span class='ocrx_word' id='word_1_215' title='bbox 597 2969 716 3021; x_wconf 82' lang='lat' dir='ltr'>ordinem</span> <span class='ocrx_word' id='word_1_216' title='bbox 730 2967 775 3023; x_wconf 88' lang='lat' dir='ltr'><strong><em>vel</em></strong></span> <span class='ocrx_word' id='word_1_217' title='bbox 794 2966 959 3020; x_wconf 76' lang='lat' dir='ltr'>adulatorum</span> <span class='ocrx_word' id='word_1_218' title='bbox 978 2968 1023 3020; x_wconf 86' lang='lat' dir='ltr'><strong><em>vel</em></strong></span> <span class='ocrx_word' id='word_1_219' title='bbox 1041 2977 1071 3020; x_wconf 92' lang='lat' dir='ltr'><strong><em>ut</em></strong></span> <span class='ocrx_word' id='word_1_220' title='bbox 1091 2969 1181 3022; x_wconf 83' lang='lat' dir='ltr'>verius</span> <span class='ocrx_word' id='word_1_221' title='bbox 1197 2977 1241 3021; x_wconf 84' lang='lat' dir='ltr'><strong><em>est</em></strong></span> <span class='ocrx_word' id='word_1_222' title='bbox 1259 2970 1302 3020; x_wconf 91' lang='lat' dir='ltr'>di.</span> 
     </span>
     <span class='ocr_line' id='line_1_27' title="bbox 207 3039 1302 3104; baseline -0.005 -11"><span class='ocrx_word' id='word_1_223' title='bbox 207 3042 320 3093; x_wconf 82' lang='lat' dir='ltr'>cendum</span> <span class='ocrx_word' id='word_1_224' title='bbox 338 3041 543 3092; x_wconf 80' lang='lat' dir='ltr'>mendicantium</span> <span class='ocrx_word' id='word_1_225' title='bbox 563 3040 694 3104; x_wconf 88' lang='lat' dir='ltr'>obtinent,</span> <span class='ocrx_word' id='word_1_226' title='bbox 713 3040 833 3092; x_wconf 81' lang='lat' dir='ltr'>solentes</span> <span class='ocrx_word' id='word_1_227' title='bbox 851 3039 885 3091; x_wconf 88' lang='lat' dir='ltr'><strong><em>ad</em></strong></span> <span class='ocrx_word' id='word_1_228' title='bbox 902 3040 994 3091; x_wconf 87' lang='lat' dir='ltr'>domna</span> <span class='ocrx_word' id='word_1_229' title='bbox 1014 3040 1202 3092; x_wconf 86' lang='lat' dir='ltr'>honoratorum</span> <span class='ocrx_word' id='word_1_230' title='bbox 1221 3055 1302 3091; x_wconf 90' lang='lat' dir='ltr'>acce.</span> 
     </span>
     <span class='ocr_line' id='line_1_28' title="bbox 201 3110 1302 3180; baseline -0.002 -16"><span class='ocrx_word' id='word_1_231' title='bbox 201 3112 266 3165; x_wconf 89' lang='lat' dir='ltr'>dere</span> <span class='ocrx_word' id='word_1_232' title='bbox 285 3120 312 3164; x_wconf 88' lang='lat' dir='ltr'><strong><em>et</em></strong></span> <span class='ocrx_word' id='word_1_233' title='bbox 331 3110 470 3163; x_wconf 89' lang='lat' dir='ltr'>celebrare</span> <span class='ocrx_word' id='word_1_234' title='bbox 494 3112 522 3161; x_wconf 90' lang='lat' dir='ltr'>in</span> <span class='ocrx_word' id='word_1_235' title='bbox 550 3113 636 3180; x_wconf 87' lang='lat' dir='ltr'>gratia</span> <span class='ocrx_word' id='word_1_236' title='bbox 654 3112 794 3179; x_wconf 86' lang='lat' dir='ltr'>magnilica</span> <span class='ocrx_word' id='word_1_237' title='bbox 815 3126 907 3179; x_wconf 89' lang='lat' dir='ltr'>regum</span> <span class='ocrx_word' id='word_1_238' title='bbox 935 3110 1103 3163; x_wconf 87' lang='lat' dir='ltr'>clementiam</span> <span class='ocrx_word' id='word_1_239' title='bbox 1129 3110 1302 3163; x_wconf 84' lang='lat' dir='ltr'>othonorum</span> 
     </span>
     <span class='ocr_line' id='line_1_29' title="bbox 201 3181 1303 3249; baseline -0.003 -15"><span class='ocrx_word' id='word_1_240' title='bbox 201 3181 333 3236; x_wconf 80' lang='lat' dir='ltr'>illustrem</span> <span class='ocrx_word' id='word_1_241' title='bbox 355 3190 382 3234; x_wconf 92' lang='lat' dir='ltr'><strong><em>et</em></strong></span> <span class='ocrx_word' id='word_1_242' title='bbox 400 3184 479 3235; x_wconf 85' lang='lat' dir='ltr'>valde</span> <span class='ocrx_word' id='word_1_243' title='bbox 496 3183 614 3246; x_wconf 88' lang='lat' dir='ltr'>beatum,</span> <span class='ocrx_word' id='word_1_244' title='bbox 635 3190 661 3234; x_wconf 92' lang='lat' dir='ltr'><strong><em>et</em></strong></span> <span class='ocrx_word' id='word_1_245' title='bbox 679 3183 730 3249; x_wconf 82' lang='lat' dir='ltr'>ipsi</span> <span class='ocrx_word' id='word_1_246' title='bbox 751 3198 785 3233; x_wconf 84' lang='lat' dir='ltr'><strong><em>ex</em></strong></span> <span class='ocrx_word' id='word_1_247' title='bbox 803 3182 963 3249; x_wconf 83' lang='lat' dir='ltr'>pauperibus</span> <span class='ocrx_word' id='word_1_248' title='bbox 975 3182 1130 3236; x_wconf 42' lang='lat' dir='ltr'>‘lactissunt</span> <span class='ocrx_word' id='word_1_249' title='bbox 1148 3183 1256 3246; x_wconf 81' lang='lat' dir='ltr'>divites,</span> <span class='ocrx_word' id='word_1_250' title='bbox 1275 3188 1303 3231; x_wconf 89' lang='lat' dir='ltr'><strong><em>at</em></strong></span> 
     </span>
     <span class='ocr_line' id='line_1_30' title="bbox 201 3253 1303 3321; baseline -0.002 -16"><span class='ocrx_word' id='word_1_251' title='bbox 201 3253 339 3320; x_wconf 83' lang='lat' dir='ltr'>pollentes</span> <span class='ocrx_word' id='word_1_252' title='bbox 367 3269 400 3303; x_wconf 83' lang='lat' dir='ltr'><strong><em>ex</em></strong></span> <span class='ocrx_word' id='word_1_253' title='bbox 426 3254 519 3321; x_wconf 83' lang='lat' dir='ltr'>egenis</span> <span class='ocrx_word' id='word_1_254' title='bbox 545 3254 723 3304; x_wconf 85' lang='lat' dir='ltr'>continuitate</span> <span class='ocrx_word' id='word_1_255' title='bbox 749 3261 776 3305; x_wconf 90' lang='lat' dir='ltr'><strong><em>et</em></strong></span> <span class='ocrx_word' id='word_1_256' title='bbox 798 3267 894 3321; x_wconf 85' lang='lat' dir='ltr'>magno</span> <span class='ocrx_word' id='word_1_257' title='bbox 922 3268 1034 3305; x_wconf 87' lang='lat' dir='ltr'>numero</span> <span class='ocrx_word' id='word_1_258' title='bbox 1055 3253 1243 3305; x_wconf 87' lang='lat' dir='ltr'>bonoratorum</span> <span class='ocrx_word' id='word_1_259' title='bbox 1262 3260 1303 3304; x_wconf 87' lang='lat' dir='ltr'><strong><em>sat</em></strong></span> 
     </span>
     <span class='ocr_line' id='line_1_31' title="bbox 201 3322 1302 3391; baseline -0.001 -17"><span class='ocrx_word' id='word_1_260' title='bbox 201 3337 323 3391; x_wconf 88' lang='lat' dir='ltr'>magnam</span> <span class='ocrx_word' id='word_1_261' title='bbox 343 3324 463 3390; x_wconf 91' lang='lat' dir='ltr'>quotidie</span> <span class='ocrx_word' id='word_1_262' title='bbox 482 3324 613 3390; x_wconf 87' lang='lat' dir='ltr'>pecuniae</span> <span class='ocrx_word' id='word_1_263' title='bbox 632 3325 737 3389; x_wconf 90' lang='lat' dir='ltr'>copiam</span> <span class='ocrx_word' id='word_1_264' title='bbox 755 3324 787 3375; x_wconf 85' lang='lat' dir='ltr'><strong><em>ab</em></strong></span> <span class='ocrx_word' id='word_1_265' title='bbox 807 3323 848 3375; x_wconf 90' lang='lat' dir='ltr'>bis</span> <span class='ocrx_word' id='word_1_266' title='bbox 868 3325 996 3376; x_wconf 85' lang='lat' dir='ltr'>ferentes.</span> <span class='ocrx_word' id='word_1_267' title='bbox 1017 3324 1045 3376; x_wconf 87' lang='lat' dir='ltr'><strong><em>lit</em></strong></span> <span class='ocrx_word' id='word_1_268' title='bbox 1065 3326 1134 3377; x_wconf 89' lang='lat' dir='ltr'>enim</span> <span class='ocrx_word' id='word_1_269' title='bbox 1153 3324 1249 3375; x_wconf 91' lang='lat' dir='ltr'>donum</span> <span class='ocrx_word' id='word_1_270' title='bbox 1268 3322 1302 3374; x_wconf 88' lang='lat' dir='ltr'><strong><em>ab</em></strong></span> 
     </span>
     <span class='ocr_line' id='line_1_32' title="bbox 202 3392 1302 3464; baseline -0.001 -20"><span class='ocrx_word' id='word_1_271' title='bbox 202 3394 325 3446; x_wconf 87' lang='lat' dir='ltr'>omnibns</span> <span class='ocrx_word' id='word_1_272' title='bbox 343 3392 429 3446; x_wconf 86' lang='lat' dir='ltr'>beatis</span> <span class='ocrx_word' id='word_1_273' title='bbox 448 3396 524 3462; x_wconf 86' lang='lat' dir='ltr'>quasi</span> <span class='ocrx_word' id='word_1_274' title='bbox 545 3410 578 3446; x_wconf 84' lang='lat' dir='ltr'><strong><em>ex</em></strong></span> <span class='ocrx_word' id='word_1_275' title='bbox 598 3394 743 3461; x_wconf 73' lang='lat' dir='ltr'>symbolis,</span> <span class='ocrx_word' id='word_1_276' title='bbox 769 3411 846 3464; x_wconf 86' lang='lat' dir='ltr'>quam</span> <span class='ocrx_word' id='word_1_277' title='bbox 866 3396 945 3446; x_wconf 87' lang='lat' dir='ltr'>etlam</span> <span class='ocrx_word' id='word_1_278' title='bbox 965 3397 1184 3448; x_wconf 86' lang='lat' dir='ltr'>consuetudinem</span> <span class='ocrx_word' id='word_1_279' title='bbox 1203 3394 1302 3448; x_wconf 81' lang='lat' dir='ltr'>Christi</span> 
     </span>
     <span class='ocr_line' id='line_1_33' title="bbox 204 3465 1302 3535; baseline 0 -20"><span class='ocrx_word' id='word_1_280' title='bbox 204 3465 386 3535; x_wconf 77' lang='lat' dir='ltr'>elegantiores</span> <span class='ocrx_word' id='word_1_281' title='bbox 405 3466 505 3517; x_wconf 83' lang='lat' dir='ltr'>dicunt.</span> <span class='ocrx_word' id='word_1_282' title='bbox 526 3466 689 3531; x_wconf 85' lang='lat' dir='ltr'>procedente</span> <span class='ocrx_word' id='word_1_283' title='bbox 707 3475 796 3517; x_wconf 84' lang='lat' dir='ltr'>autem</span> <span class='ocrx_word' id='word_1_284' title='bbox 809 3466 1040 3518; x_wconf 82' lang='lat' dir='ltr'>beneficientiaad</span> <span class='ocrx_word' id='word_1_285' title='bbox 1051 3468 1205 3519; x_wconf 86' lang='lat' dir='ltr'>immensum</span> <span class='ocrx_word' id='word_1_286' title='bbox 1223 3480 1302 3517; x_wconf 88' lang='lat' dir='ltr'>acer-</span> 
     </span>
     <span class='ocr_line' id='line_1_34' title="bbox 205 3536 1302 3604; baseline -0.005 -16"><span class='ocrx_word' id='word_1_287' title='bbox 205 3551 279 3602; x_wconf 85' lang='lat' dir='ltr'>vum,</span> <span class='ocrx_word' id='word_1_288' title='bbox 301 3538 378 3589; x_wconf 89' lang='lat' dir='ltr'>etiam</span> <span class='ocrx_word' id='word_1_289' title='bbox 398 3538 431 3588; x_wconf 90' lang='lat' dir='ltr'><strong><em>ad</em></strong></span> <span class='ocrx_word' id='word_1_290' title='bbox 450 3551 549 3588; x_wconf 81' lang='lat' dir='ltr'>omnes</span> <span class='ocrx_word' id='word_1_291' title='bbox 561 3544 649 3603; x_wconf 83' lang='lat' dir='ltr'>partes</span> <span class='ocrx_word' id='word_1_292' title='bbox 669 3536 749 3589; x_wconf 86' lang='lat' dir='ltr'>urbes</span> <span class='ocrx_word' id='word_1_293' title='bbox 771 3553 879 3590; x_wconf 90' lang='lat' dir='ltr'>currere</span> <span class='ocrx_word' id='word_1_294' title='bbox 905 3545 931 3588; x_wconf 92' lang='lat' dir='ltr'><strong><em>et</em></strong></span> <span class='ocrx_word' id='word_1_295' title='bbox 949 3539 1073 3604; x_wconf 80' lang='lat' dir='ltr'>accipere</span> <span class='ocrx_word' id='word_1_296' title='bbox 1093 3537 1138 3589; x_wconf 90' lang='lat' dir='ltr'><strong><em>vel</em></strong></span> <span class='ocrx_word' id='word_1_297' title='bbox 1157 3537 1185 3588; x_wconf 93' lang='lat' dir='ltr'>bi</span> <span class='ocrx_word' id='word_1_298' title='bbox 1203 3536 1302 3588; x_wconf 87' lang='lat' dir='ltr'>delati.</span> 
     </span>
     <span class='ocr_line' id='line_1_35' title="bbox 203 3604 1303 3677; baseline -0.005 -18"><span class='ocrx_word' id='word_1_299' title='bbox 203 3606 557 3675; x_wconf 63' lang='lat' dir='ltr'>gatiaunt,licct&#39;luc1bm</span> <span class='ocrx_word' id='word_1_300' title='bbox 578 3607 686 3659; x_wconf 82' lang='lat' dir='ltr'>afferret</span> <span class='ocrx_word' id='word_1_301' title='bbox 707 3624 788 3662; x_wconf 84' lang='lat' dir='ltr'>causa</span> <span class='ocrx_word' id='word_1_302' title='bbox 807 3609 905 3677; x_wconf 90' lang='lat' dir='ltr'>ubique</span> <span class='ocrx_word' id='word_1_303' title='bbox 932 3608 1101 3661; x_wconf 86' lang='lat' dir='ltr'>adveniendi.</span> <span class='ocrx_word' id='word_1_304' title='bbox 1139 3604 1303 3660; x_wconf 88' lang='lat' dir='ltr'>immoderati</span> 
     </span>
     <span class='ocr_line' id='line_1_36' title="bbox 206 3678 1231 3749; baseline 0.003 -21"><span class='ocrx_word' id='word_1_305' title='bbox 206 3680 278 3729; x_wconf 90' lang='lat' dir='ltr'>enim</span> <span class='ocrx_word' id='word_1_306' title='bbox 297 3678 403 3732; x_wconf 74' lang='lat' dir='ltr'>laboret</span> <span class='ocrx_word' id='word_1_307' title='bbox 423 3680 556 3733; x_wconf 89' lang='lat' dir='ltr'>adducunt</span> <span class='ocrx_word' id='word_1_308' title='bbox 573 3679 613 3731; x_wconf 86' lang='lat' dir='ltr'>sic</span> <span class='ocrx_word' id='word_1_309' title='bbox 632 3679 803 3749; x_wconf 79' lang='lat' dir='ltr'>defatigatos,</span> <span class='ocrx_word' id='word_1_310' title='bbox 824 3689 853 3732; x_wconf 93' lang='lat' dir='ltr'><strong><em>ut</em></strong></span> <span class='ocrx_word' id='word_1_311' title='bbox 872 3681 949 3731; x_wconf 85' lang='lat' dir='ltr'>etium</span> <span class='ocrx_word' id='word_1_312' title='bbox 961 3678 1064 3731; x_wconf 88' lang='lat' dir='ltr'>lucrum</span> <span class='ocrx_word' id='word_1_313' title='bbox 1082 3679 1231 3748; x_wconf 79' lang='lat' dir='ltr'>negligant.</span> 
     </span>
    </p>
   </div>
   <div class='ocr_carea' id='block_1_5' title="bbox 202 3765 1309 4194">
    <p class='ocr_par' dir='ltr' id='par_1_5' title="bbox 202 3765 1309 4194">
     <span class='ocr_line' id='line_1_37' title="bbox 304 3765 1303 3835; baseline -0.003 -17"><span class='ocrx_word' id='word_1_314' title='bbox 304 3765 358 3818; x_wconf 87' lang='lat' dir='ltr'><strong><em>Sed</em></strong></span> <span class='ocrx_word' id='word_1_315' title='bbox 377 3768 447 3818; x_wconf 87' lang='lat' dir='ltr'>inter</span> <span class='ocrx_word' id='word_1_316' title='bbox 475 3768 550 3821; x_wconf 87' lang='lat' dir='ltr'>cives</span> <span class='ocrx_word' id='word_1_317' title='bbox 570 3768 675 3835; x_wconf 87' lang='lat' dir='ltr'>quidem</span> <span class='ocrx_word' id='word_1_318' title='bbox 696 3776 723 3819; x_wconf 85' lang='lat' dir='ltr'><strong><em>et</em></strong></span> <span class='ocrx_word' id='word_1_319' title='bbox 740 3767 854 3833; x_wconf 91' lang='lat' dir='ltr'>milites,</span> <span class='ocrx_word' id='word_1_320' title='bbox 884 3770 928 3835; x_wconf 94' lang='lat' dir='ltr'>qui</span> <span class='ocrx_word' id='word_1_321' title='bbox 949 3782 1007 3819; x_wconf 90' lang='lat' dir='ltr'><strong><em>cum</em></strong></span> <span class='ocrx_word' id='word_1_322' title='bbox 1027 3782 1059 3818; x_wconf 90' lang='lat' dir='ltr'><strong><em>eo</em></strong></span> <span class='ocrx_word' id='word_1_323' title='bbox 1079 3768 1152 3833; x_wconf 83' lang='lat' dir='ltr'>etin</span> <span class='ocrx_word' id='word_1_324' title='bbox 1170 3767 1236 3819; x_wconf 86' lang='lat' dir='ltr'>urbe</span> <span class='ocrx_word' id='word_1_325' title='bbox 1255 3770 1303 3821; x_wconf 87' lang='lat' dir='ltr'><strong><em>ad.</em></strong></span> 
     </span>
     <span class='ocr_line' id='line_1_38' title="bbox 209 3836 1304 3908; baseline 0.001 -19"><span class='ocrx_word' id='word_1_326' title='bbox 209 3844 307 3901; x_wconf 84' lang='lat' dir='ltr'>essent,</span> <span class='ocrx_word' id='word_1_327' title='bbox 326 3836 391 3887; x_wconf 85' lang='lat' dir='ltr'>talia</span> <span class='ocrx_word' id='word_1_328' title='bbox 408 3840 475 3889; x_wconf 89' lang='lat' dir='ltr'>mire</span> <span class='ocrx_word' id='word_1_329' title='bbox 493 3838 592 3890; x_wconf 82' lang='lat' dir='ltr'>fiebant</span> <span class='ocrx_word' id='word_1_330' title='bbox 618 3846 645 3889; x_wconf 91' lang='lat' dir='ltr'><strong><em>et</em></strong></span> <span class='ocrx_word' id='word_1_331' title='bbox 663 3838 833 3905; x_wconf 83' lang='lat' dir='ltr'>hospitaliter</span> <span class='ocrx_word' id='word_1_332' title='bbox 857 3839 1018 3908; x_wconf 83' lang='lat' dir='ltr'>agebantur:</span> <span class='ocrx_word' id='word_1_333' title='bbox 1049 3841 1076 3890; x_wconf 93' lang='lat' dir='ltr'>iu</span> <span class='ocrx_word' id='word_1_334' title='bbox 1095 3853 1199 3907; x_wconf 81' lang='lat' dir='ltr'>pagana</span> <span class='ocrx_word' id='word_1_335' title='bbox 1217 3847 1304 3891; x_wconf 87' lang='lat' dir='ltr'>autam</span> 
     </span>
     <span class='ocr_line' id='line_1_39' title="bbox 207 3906 1306 3977; baseline 0.001 -17"><span class='ocrx_word' id='word_1_336' title='bbox 207 3916 283 3976; x_wconf 84' lang='lat' dir='ltr'>parte</span> <span class='ocrx_word' id='word_1_337' title='bbox 302 3906 454 3959; x_wconf 86' lang='lat' dir='ltr'>tardabatur</span> <span class='ocrx_word' id='word_1_338' title='bbox 471 3908 640 3962; x_wconf 91' lang='lat' dir='ltr'>beuelicium.</span> <span class='ocrx_word' id='word_1_339' title='bbox 678 3911 724 3962; x_wconf 84' lang='lat' dir='ltr'><strong><em>sed</em></strong></span> <span class='ocrx_word' id='word_1_340' title='bbox 749 3911 776 3960; x_wconf 91' lang='lat' dir='ltr'>in</span> <span class='ocrx_word' id='word_1_341' title='bbox 794 3910 858 3962; x_wconf 83' lang='lat' dir='ltr'>illos</span> <span class='ocrx_word' id='word_1_342' title='bbox 876 3912 959 3977; x_wconf 85' lang='lat' dir='ltr'>magis</span> <span class='ocrx_word' id='word_1_343' title='bbox 984 3911 1102 3976; x_wconf 86' lang='lat' dir='ltr'>praemia</span> <span class='ocrx_word' id='word_1_344' title='bbox 1123 3910 1306 3962; x_wconf 82' lang='lat' dir='ltr'>extendeban-</span> 
     </span>
     <span class='ocr_line' id='line_1_40' title="bbox 202 3976 1307 4048; baseline 0.002 -19"><span class='ocrx_word' id='word_1_345' title='bbox 202 3986 256 4031; x_wconf 89' lang='lat' dir='ltr'>tur.</span> <span class='ocrx_word' id='word_1_346' title='bbox 296 3976 454 4032; x_wconf 84' lang='lat' dir='ltr'>Gutulmuaii</span> <span class='ocrx_word' id='word_1_347' title='bbox 474 3980 543 4030; x_wconf 90' lang='lat' dir='ltr'>enim</span> <span class='ocrx_word' id='word_1_348' title='bbox 554 3980 654 4032; x_wconf 85' lang='lat' dir='ltr'>Turcaa</span> <span class='ocrx_word' id='word_1_349' title='bbox 674 3996 733 4031; x_wconf 89' lang='lat' dir='ltr'><strong><em>cum</em></strong></span> <span class='ocrx_word' id='word_1_350' title='bbox 742 3980 911 4033; x_wconf 91' lang='lat' dir='ltr'>multitudine</span> <span class='ocrx_word' id='word_1_351' title='bbox 926 3980 1047 4032; x_wconf 88' lang='lat' dir='ltr'>Hunuica</span> <span class='ocrx_word' id='word_1_352' title='bbox 1060 3980 1307 4048; x_wconf 79' lang='lat' dir='ltr'>Chrysopoliver-</span> 
     </span>
     <span class='ocr_line' id='line_1_41' title="bbox 202 4047 1307 4120; baseline -0.003 -17"><span class='ocrx_word' id='word_1_353' title='bbox 202 4059 292 4103; x_wconf 79' lang='lat' dir='ltr'>santes</span> <span class='ocrx_word' id='word_1_354' title='bbox 315 4048 393 4117; x_wconf 82' lang='lat' dir='ltr'>plura</span> <span class='ocrx_word' id='word_1_355' title='bbox 411 4047 481 4101; x_wconf 87' lang='lat' dir='ltr'>bona</span> <span class='ocrx_word' id='word_1_356' title='bbox 500 4058 530 4100; x_wconf 92' lang='lat' dir='ltr'><strong><em>ut</em></strong></span> <span class='ocrx_word' id='word_1_357' title='bbox 550 4052 679 4103; x_wconf 82' lang='lat' dir='ltr'>servilem</span> <span class='ocrx_word' id='word_1_358' title='bbox 698 4067 815 4104; x_wconf 87' lang='lat' dir='ltr'>amorem</span> <span class='ocrx_word' id='word_1_359' title='bbox 832 4061 857 4105; x_wconf 95' lang='lat' dir='ltr'><strong><em>et</em></strong></span> <span class='ocrx_word' id='word_1_360' title='bbox 875 4053 952 4114; x_wconf 63' lang='lat' dir='ltr'><strong><em>fibm</em></strong></span> <span class='ocrx_word' id='word_1_361' title='bbox 965 4059 1133 4105; x_wconf 81' lang='lat' dir='ltr'>servantesa</span> <span class='ocrx_word' id='word_1_362' title='bbox 1151 4067 1217 4120; x_wconf 86' lang='lat' dir='ltr'>rege</span> <span class='ocrx_word' id='word_1_363' title='bbox 1235 4050 1307 4103; x_wconf 85' lang='lat' dir='ltr'>uncti</span> 
     </span>
     <span class='ocr_line' id='line_1_42' title="bbox 202 4121 1309 4194; baseline 0.002 -21"><span class='ocrx_word' id='word_1_364' title='bbox 202 4122 265 4173; x_wconf 84' lang='lat' dir='ltr'>subt</span> <span class='ocrx_word' id='word_1_365' title='bbox 284 4130 311 4177; x_wconf 89' lang='lat' dir='ltr'><strong><em>et</em></strong></span> <span class='ocrx_word' id='word_1_366' title='bbox 328 4121 465 4190; x_wconf 81' lang='lat' dir='ltr'>principes</span> <span class='ocrx_word' id='word_1_367' title='bbox 485 4122 620 4175; x_wconf 80' lang='lat' dir='ltr'>exercitus</span> <span class='ocrx_word' id='word_1_368' title='bbox 640 4137 732 4176; x_wconf 88' lang='lat' dir='ltr'>eorum</span> <span class='ocrx_word' id='word_1_369' title='bbox 754 4125 907 4194; x_wconf 84' lang='lat' dir='ltr'>(ameradee</span> <span class='ocrx_word' id='word_1_370' title='bbox 935 4123 1006 4177; x_wconf 83' lang='lat' dir='ltr'>solet</span> <span class='ocrx_word' id='word_1_371' title='bbox 1026 4122 1082 4178; x_wconf 80' lang='lat' dir='ltr'>bos.</span> <span class='ocrx_word' id='word_1_372' title='bbox 1096 4136 1196 4177; x_wconf 85' lang='lat' dir='ltr'>vocare</span> <span class='ocrx_word' id='word_1_373' title='bbox 1216 4130 1243 4175; x_wconf 88' lang='lat' dir='ltr'><strong><em>et</em></strong></span> <span class='ocrx_word' id='word_1_374' title='bbox 1259 4137 1309 4176; x_wconf 86' lang='lat' dir='ltr'><strong><em>ae-</em></strong></span> 
     </span>
    </p>
   </div>
   <div class='ocr_carea' id='block_1_6' title="bbox 0 0 1447 4734">
    <p class='ocr_par' dir='ltr' id='par_1_6' title="bbox 0 0 1447 4734">
     <span class='ocr_line' id='line_1_43' title="bbox 0 0 1447 4734; baseline 0 0"><span class='ocrx_word' id='word_1_375' title='bbox 0 0 1447 4734; x_wconf 95' lang='lat' dir='ltr'><strong><em> </em></strong></span> 
     </span>
    </p>
   </div>
  </div>
 </body>
</html>
