2875 4734
576 202 788 276 fflssolilh·
830 219 834 223 “
861 214 864 220 ’
918 212 942 224 “’
1186 205 1235 280 19

87 364 90 370 ’
136 360 237 446 πέδῳ·
282 361 336 426 καί
355 355 417 444 γάρ
450 353 490 443 ἦν
514 363 792 447 ἐξεστρατευμένας
823 362 840 428 ό
869 362 1134 450 παράβασιλείος
1155 372 1238 435 oino-

136 461 264 536 σταλείς
285 458 373 540 ’μετά
404 462 468 524 τοῖν
496 457 683 542 Ῥωμαϊκῶν
714 468 881 547 δυνάμεων
912 468 958 541 είς
980 466 1237 550 ἀντιπαράταξιν.

135 559 191 626 καί
211 559 312 626 πολλά
334 563 455 646 δράσας
476 571 540 637 τοῖς
561 568 736 644 βασιλικοῖς
752 568 983 650 στρατιώταις,
1004 573 1058 632 καί
1079 567 1238 654 καταπλή.

134 665 190 739 ξας
221 664 259 750 τῇ
279 661 458 751 ἀναπαίστῳ
487 664 601 728 τοότου
633 668 718 752 φορᾷ
749 667 802 730 καί
832 676 896 743 τοῖς
920 668 1135 752 οέκειοχείροις
1159 676 1237 754 πλη.
1284 686 1289 695 ‘

106 771 205 847 5γαίς
231 761 301 846 (καί
318 762 385 848 γάρ
401 755 491 839 οὗτος
521 767 580 827 τοτ’
609 765 751 849 πλήθους
772 772 978 851 προεπολέμει
998 765 1036 832 τε
1062 771 1116 834 καί
1139 793 1237 854 προε-

133 859 308 947 κινδύνευε,
330 864 385 927 καί
407 864 466 927 ουίι
487 856 527 948 ἦν
548 859 585 939 ός
605 868 646 952 τῷ
667 863 821 954 φασγάνῳ
851 866 963 932 τοότου
987 869 1237 951 τραυματισθείς

134 962 172 1026 οδ
195 965 240 1052 τρῖ
267 957 375 1046 ἡμίσει
403 966 459 1028 καί
484 969 605 1028 πλείονι
634 963 875 1050 περιερρήγνυτο
903 964 1044 1048 στόματι·
1094 969 1237 1046 τοιοῦτος

134 1060 387 1146 άκαταγοόνιστος
403 1061 458 1126 καί
478 1065 638 1149 σταθηρός
658 1062 858 1150 ἐγινώσκετο,
882 1071 981 1148 μέγας
1002 1065 1085 1147 όμοά
1108 1067 1161 1132 καί
1179 1068 1237 1131 eo'·

132 1163 272 1245 ρόνωτος
292 1163 346 1228 καί
364 1161 422 1248 τήν
446 1157 522 1252 όψιν
543 1164 680 1249 φοβερός
702 1162 959 1247 καθιστάμενος,
984 1167 1042 1232 κάν
1062 1177 1133 1245 ταῖς
1155 1173 1236 1250 βου·

89 1259 203 1339 ια’λαῖς
235 1266 441 1352 διαφέρων),
471 1269 526 1329 καί
554 1269 760 1350 κατορθῶσαι
788 1263 844 1348 τήν
871 1264 959 1349 νίκην
988 1262 1048 1351 ἤδη
1078 1271 1147 1335 τότε
1176 1289 1264 1346 rra-f,
1285 1289 1373 1350 1707,

130 1367 338 1448 ταλειφθείς,
367 1370 422 1430 καί
443 1363 529 1449 παρά
550 1368 612 1430 ταῖν
638 1367 792 1430 πλείστων
814 1368 964 1432 ἐναντίων
985 1367 1235 1454 ἐπευφημοόμε-

130 1481 205 1548 νος,
233 1461 287 1529 ἐπί
305 1469 387 1530 τέλει
411 1469 476 1556 τοῖν
499 1463 630 1548 α’γιόνων
650 1469 707 1530 τοῦ
730 1468 828 1530 ἵππου
850 1465 1040 1547 αὐτομάτως
1065 1474 1235 1553 κατέρρεο-

130 1563 205 1646 σεν.
219 1557 269 1630 οἷα
291 1564 330 1632 τά
354 1568 412 1631 rori
432 1570 514 1631 θεοῦ
536 1569 687 1649 κρίματα,
709 1571 763 1631 καί
773 1566 903 1651 ,άθιγὴς
923 1563 1034 1649 ἔκειτο,
1058 1573 1233 1655 σκαιοορίαν

130 1660 264 1732 εἶναιτὸ
286 1669 417 1751 πρᾶγμα
441 1671 504 1734 τοῖν
533 1667 708 1732 άντιθέτων
731 1671 885 1748 οἰομένων
911 1671 966 1734 καί
994 1669 1147 1755 σόφισμα.
1191 1670 1236 1748 οδς

85 1770 168 1838 15δέ
189 1761 429 1851 παρεγόμνοότο
447 1765 480 1832 τό
504 1769 630 1852 άληθές,
653 1765 862 1849 ἐκδραμόντες
882 1768 993 1834 πολλοί
1010 1771 1235 1851 κειμενονίάδ-

129 1866 187 1934 τόν
209 1871 258 1934 ἐπ’
280 1868 423 1954 ἐδάφους
456 1871 800 1962 κατέλαβον,,αῗματι
832 1868 1005 1953 διάβροχον
1029 1873 1084 1934 καί
1105 1875 1234 1956 καιρίαν
1318 1911 1326 1916 ·

129 1967 246 2052 ἔχοντα
266 1967 422 2054 κατά-τῆς
445 1974 594 2054 πλευράς.
621 1969 659 2056 τῇ
681 1967 921 2040 πτάσειτοίνυν
943 1973 1130 2057 ου’τοῦμῶν
1151 1972 1233 2058 α’μφ’

131 2067 230 2136 αδτόν
256 2072 560 2153 διασκεδασθέντων,
583 2073 638 2136 καί
656 2066 871 2153 παλιντρόπου
891 2074 1058 2156 γενομένης
1069 2076 1125 2155 τῆς
1139 2071 1244 2157 νίκης,

131 2171 313 2254 ἐπανῆλθον
344 2168 374 2235 οἱ
403 2173 460 2235 τοῦ
491 2175 647 2254 βασιλέως
676 2174 762 2258 χαρᾷ
795 2174 850 2235 καί
877 2172 968 2259 φόβῳ
986 2174 1234 2256 διηγηματικῶς

88 2287 125 2343 tt)
134 2267 358 2370 συναγρόμενοι·
409 2274 452 2359 τρῖ
481 2269 695 2356 προτερήματι
724 2268 785 2353 γάρ
818 2268 862 2354 μὴ
886 2268 1089 2355 ἐπαιρόμενοι
1112 2270 1145 2371 τό
1170 2276 1233 2340 nata

133 2371 172 2457 τῇ
193 2374 268 2458 θείρι
289 2375 378 2460 δεξιᾷ
401 2375 625 2457 ἐπεγράφοντο.

239 2472 467 2558 Θριαμβεόσας
488 2471 556 2540 δέό
578 2475 635 2557 τὴν
656 2472 828 2557 ἡγεμονίαν
849 2470 992 2558 ἐσχηκός
1017 2475 1073 2538 τοῦ
1093 2477 1232 2556 πολέμου
1306 2464 1310 2471 ’

205 2666 231 2720 9.
251 2627 406 2739 εδρόνοιτος
427 2626 457 2723 G..
557 2671 598 2724 10.
617 2669 815 2742 δποληφθεέςῖ
923 2671 964 2723 18.
986 2671 1233 2731 διασκεδασθέντα

207 2737 236 2792 0.
259 2740 376 2792 correxit
391 2739 532 2794 Brunetus.

132 2903 279 2970 spertinum
298 2912 402 2971 ternpus
423 2905 577 2974 aggreditur
595 2905 709 2956 maxima
728 2906 804 2974 regia
822 2915 926 2971 castra3
946 2909 1044 2958 etenim
1062 2915 1118 2961 erat
1136 2922 1232 2977 egres.

130 2989 175 3026 sus
195 2977 287 3044 regius
315 2975 421 3043 legatus
447 2993 505 3028 oum
523 2977 699 3040 Romanorum
721 2978 823 3029 viribus
849 2979 881 3029 ad
902 2979 1097 3044 oppositionem
1116 2988 1143 3029 et
1161 2980 1232 3032 mul·

130 3053 184 3096 tum
211 3047 347 3098 lacessens
371 3047 455 3116 regiis
479 3049 608 3105 militibus
639 3055 665 3099 et
695 3057 799 3100 terrens
825 3046 989 3099 intolerabili
1014 3052 1042 3099 vi
1071 3058 1097 3100 et
1116 3051 1232 3116 propriis

129 3118 241 3182 ictibus,
269 3120 366 3169 etenim
396 3120 440 3170 hio
469 3135 517 3188 pro
537 3120 703 3172 multitudine
730 3120 865 3188 pugnabat
895 3127 921 3170 et
949 3119 1070 3185 pericula
1086 3120 1234 3171 sustinebat

128 3203 217 3257 nequa
236 3191 373 3258 quisquam
393 3199 463 3256 erat,
488 3193 534 3259 qui
553 3191 642 3258 gladio
674 3191 752 3242 buius
778 3191 932 3244 vulneratus
950 3205 1004 3240 non
1022 3192 1108 3242 medio
1129 3199 1156 3242 et
1171 3192 1232 3259 plus

130 3261 298 3327 frangeretur
314 3275 438 3327 corpore,
458 3263 519 3314 talis
537 3264 679 3315 indomitus
699 3272 726 3314 et
747 3265 869 3314 immotus
888 3261 1043 3325 habebatur,
1062 3279 1172 3331 magnus
1192 3264 1231 3315 si.

128 3331 183 3382 mul
203 3339 230 3383 et
247 3331 361 3383 latorum
377 3335 561 3398 humerorum,
582 3335 653 3385 etin
673 3341 819 3400 conspectu
837 3333 966 3386 terribilis
985 3336 1112 3398 existens,
1134 3344 1161 3387 et
1178 3350 1231 3388 vo.

129 3404 233 3455 luntate
253 3399 388 3469 differens,
409 3413 435 3456 et
456 3407 489 3458 ad
508 3407 693 3471 reportandam
712 3407 852 3458 victoriam
872 3407 924 3456 iam
941 3414 996 3456 tum
1017 3405 1145 3468 relictus,
1171 3415 1198 3456 et
1215 3422 1232 3457 a
1278 3427 1285 3438 ·

129 3475 251 3540 plurimis
275 3470 396 3529 hostibus
420 3477 560 3530 laudatus:
591 3479 619 3527 in
642 3477 696 3528 fine
720 3479 891 3530 certaminum
918 3492 952 3527 ex
971 3492 1039 3545 equo
1058 3477 1116 3542 ipse
1134 3493 1183 3543 per
1201 3492 1231 3528 se

128 3547 236 3610 decidit,
255 3545 345 3614 qualia
362 3556 424 3600 sunt
441 3548 621 3610 dei-iudicia,
647 3556 674 3598 et
692 3549 815 3614 immotus
834 3547 948 3611 iacebat,
975 3556 1032 3598 curu
1061 3547 1149 3598 dolum
1171 3562 1240 3598 osso'

127 3633 182 3670 rem
213 3617 359 3671 adversarii
378 3627 501 3686 putarent
520 3626 546 3668 et
563 3620 714 3670 artificium.
752 3635 810 3671 eum
831 3628 918 3671 autem
937 3619 1110 3685 detegeretur
1127 3633 1230 3684 verum,

127 3698 298 3743 accurrentes
311 3691 387 3742 multi
405 3692 536 3742 iacentem
556 3705 614 3740 eum
628 3690 699 3741 humi
721 3693 883 3742 invenerunt
902 3692 1033 3757 sanguine
1053 3689 1183 3742 madidum
1204 3698 1232 3740 et

126 3761 225 3814 vulnus
249 3761 383 3813 letilerum
396 3762 537 3814 habentem
557 3762 584 3811 in
602 3761 702 3812 latere:
725 3778 787 3814 casu
806 3763 888 3829 igitur
907 3763 964 3812 eius
983 3777 1041 3811 cum
1059 3761 1103 3827 qui
1122 3777 1137 3812 a
1154 3766 1231 3827 parte

128 3835 184 3886 eius
197 3831 302 3885 stabant
312 3833 514 3900 dissiparentur,
528 3840 555 3883 et
571 3839 774 3900 retorqueretur
791 3827 914 3896 victoria,
928 3833 1065 3882 redierunt
1079 3833 1148 3899 regii
1161 3847 1229 3900 gau.

127 3904 169 3955 dio
190 3913 218 3956 et
235 3912 308 3955 metu
326 3905 354 3956 in
364 3907 517 3956 narratione
531 3904 615 3968 captir
635 3905 750 3955 victoria
769 3906 839 3954 eninr
852 3918 906 3954 non
927 3903 989 3954 elati
1009 3920 1065 3954 rem
1077 3905 1229 3954 universam

127 3975 235 4030 divinae
254 3976 363 4026 dextrae
384 3975 571 4028 attribuebant.

225 4047 399 4113 Triumphans
427 4056 514 4098 autern
539 4048 583 4115 qui
611 4045 749 4113 imperium
780 4046 908 4098 babuerat
930 4045 998 4097 belli
1021 4043 1229 4111 sebastophorus

126 4119 276 4186 Stephanus
295 4133 344 4186 per
363 4119 449 4170 forum
463 4121 562 4186 primos
582 4119 698 4172 honores
718 4119 788 4185 apud
808 4132 899 4186 regem
917 4118 1001 4170 multo
1015 4133 1073 4168 oum
1085 4116 1229 4184 splendore
