2875 4734
537 216 745 290 nrsnoarn.
1147 219 1197 309 νο

94 380 149 444 καί
167 376 225 454 τάς
247 375 365 464 ιέγοράς
383 381 602 464 περιέκοπτον,
631 387 687 448 καί
705 380 749 459 ούς
779 385 813 448 ἐν
835 361 1056 470 α’κροβολισμρῖ
1077 383 1115 446 τά
1139 385 1197 466 τῆς

93 479 200 564 μάχης
227 480 357 562 ἐγίνετο.
408 477 570 566 μικρόνδέ
594 477 728 565 ύστερον
747 485 810 548 τεόν
831 483 894 548 άπὸ
916 484 971 567 τῆς
992 479 1075 558 {uiua
1096 507 1198 563 οτρα·

92 580 259 662 νευμάτων
277 575 426 646 όπόντων
440 582 685 669 ἐπανελθόντων,
707 587 764 650 καί
776 585 829 668 τῆς
845 581 1010 665 δυνάμεως
1022 579 1124 667 άόράς
1136 576 1197 668 ἤδη

90 684 259 766 γενομένης
280 683 323 770 τῷ
336 687 475 763 βασιλεῖ,
496 679 536 747 τά
560 682 635 766 πρὸς
652 682 706 751 τόν
729 685 864 768 πόλεμον
879 683 1071 768 ἐξηρτύοντο.
1093 685 1150 748 καί
1168 680 1198 749 οἵ

66 786 148 867 ομέν
170 779 204 848 ἐκ
226 783 281 866 τῆς
293 782 458 866 βασιλίδος
472 781 551 848 κατά
574 788 634 850 τόν
646 785 842 852 α’ντιπάλων
855 788 1083 866 ἐσκευασμένοι
1104 781 1195 870 ἐξῄε-

90 911 173 969 σαν,
204 881 405 970 Βοολγαρικη
435 885 471 948 δέ
505 908 553 962 τις
574 884 709 968 δύναμις
742 886 804 952 α’πό
840 891 894 972 τῆς
931 881 1066 969 ἐσπόρας
1094 911 1196 967 μετα·

89 989 279 1073 πεμφθεῖσα
293 981 372 1051 κατά
394 983 496 1050 νοότοο
517 993 583 1063 τοίς
605 991 678 1072 περί
694 985 749 1053 τόν
771 986 951 1073 ἀποστάτην
970 989 1098 1069 ἐγίνετο.
1119 982 1196 1053 όθεν

90 1090 148 1152 κατ’
168 1095 286 1172 μοῖραν
310 1076 400 1162 ούτος
421 1087 478 1151 ούκ
500 1088 668 1173 ἐλαχίστην
691 1089 924 1171 ἀποτεμόμενος
952 1090 1112 1172 ἐπιτρέπει
1137 1085 1196 1170 την

90 1185 259 1272 ἡγεμονίαν
291 1185 392 1270 αύτῆς
421 1190 465 1274 τῷ
493 1195 640 1270 σογγενεί
659 1189 762 1253 αύτού
789 1191 950 1278 στρατηγῷ
972 1190 1015 1276 τῷ
1039 1186 1223 1276 Βατότζῃ,ς,
1244 1215 1333 1274 1725,

49 1300 81 1353 10
90 1286 187 1372 α’νόρί
204 1293 335 1376 γενναίῳ
358 1287 412 1377 καί
432 1289 551 1376 συνετῷ
580 1292 634 1354 καί
662 1287 743 1371 πρός
770 1291 875 1354 πάσαν
895 1287 1066 1373 πολεμικὴν
1086 1292 1196 1370 ἐμπεί-

92 1391 165 1473 ρίαν
192 1389 410 1478 ύκαθαιρὲτερ·
462 1393 526 1454 καί
545 1384 719 1472 σύμβολόν
747 1381 936 1474 ούτοςιτοίς
965 1389 1195 1475 ἐπερχομένας

89 1491 290 1574 Βοολγάροις
310 1493 385 1574 περί
404 1491 461 1576 την
481 1493 543 1556 τάν
560 1493 725 1572 Καψέλων
742 1491 922 1577 περίχωρον
947 1489 1045 1573 α’γούνι
1067 1486 1195 1576 μεγάλην

90 1590 213 1657 τούτοιν
236 1598 361 1675 κρατεῖ,
390 1592 445 1656 καί
474 1591 609 1669 πολλούς
644 1590 765 1658 άνελοόν
794 1593 955 1676 ἐπανῆλθε
967 1593 1020 1678 τῷ
1040 1586 1196 1675 προτερὴ·

89 1714 171 1772 ματι
193 1688 431 1772 σεμνυνόμενος.
476 1682 551 1775 εύρε
573 1694 608 1757 δέ
629 1691 683 1758 τόν
711 1693 937 1758 α’ποστειλαντα
961 1695 1073 1757 τοῦτον
1093 1693 1196 1775 πάσης

49 1804 80 1856 15
90 1792 289 1874 ἐψιλωμένον
314 1791 441 1875 ἰσχύος·
484 1787 515 1856 οἱ
530 1789 592 1876 γάρ
630 1795 822 1876 στρατιῶται
836 1780 1073 1866 ’καταλιπόντες
1093 1790 1195 1855 αύτόν

91 1886 185 1968 ύλλος
207 1891 351 1975 άλλαχού
367 1892 593 1978 διεσπάρησαν.
637 1889 758 1971 ἐόόντες
781 1893 818 1958 δὲ
836 1896 894 1959 καί
914 1890 944 1957 οἱ
966 1897 1041 1978 περί
1061 1892 1115 1957 τόν
1128 1893 1194 1956 Ba.

91 1993 206 2078 τότζηκ
236 1992 271 2057 τό
298 1992 440 2078 γεγονός,
476 1994 595 2078 α’θρόον
625 1997 680 2058 καί
710 1994 805 2059 αύτοί
826 1992 985 2082 φογαόείρ
1006 1991 1194 2077 ἐχρήσαντο.

91 2095 251 2169 σονιέντες
284 2087 340 2159 ούν
370 2084 454 2160 ούτοτ
487 2088 546 2183 ὅπη
580 2094 678 2179 τύχης
699 2095 780 2181 εἶσί,
809 2096 866 2159 καί
886 2095 993 2159 πᾶσαν
1010 2091 1195 2176 α’πογνόντες
1268 2091 1276 2104 ’

90 2190 251 2278 σωτηρίας
274 2191 364 2276 όόόν,
393 2197 436 2283 τῷ
464 2196 497 2259 ἐν
519 2193 783 2283 Βονλγσιροφύγιρ
816 2197 902 2283 σηκῷ
929 2191 1195 2278 καταφεύγουσιν.

47 2295 376 2376 λθέπικαταλαβόντος
412 2297 448 2360 δέ
478 2299 536 2360 τού
556 2298 726 2379 βασιλικοῦ
757 2297 991 2378 στρατοπέδου,
1026 2295 1082 2374 τῆς
1105 2290 1195 2375 ἱερός

90 2395 247 2480 τραπέζης
269 2399 488 2480 περιεχόμενοι
508 2397 715 2464 άποσπιόνται
734 2398 858 2476 βιαίως,
880 2393 935 2459 καί
957 2389 1119 2473 όεσμιύται
1139 2413 1195 2473 γε·

92 2491 219 2576 νόμενοι
243 2499 285 2584 τρῖ
307 2501 438 2578 βασιλεῖ
455 2501 722 2583 παραπέμπονται
741 2498 817 2580 περί
829 2494 891 2579 ,τὴν
915 2491 1039 2579 ἦμίραν
1058 2496 1116 2576 τῆς
1136 2491 1195 2556 τού

89 2595 231 2680 μεγάλου
252 2600 330 2662 θεοῦ
350 2600 406 2664 καί
425 2600 568 2686 σωτῆρος
591 2594 681 2684 ἤμων
702 2600 804 2684 Ἰησού
825 2596 968 2684 Χριστού
989 2595 1195 2679 γενεθλιακῆς

90 2917 295 2986 progredientes
321 2918 445 2971 nonnulli
477 2920 590 2987 dispersi
617 2919 843 2989 aggrediebantur
870 2930 934 2981 σοι,
961 2916 1007 2985 qui
1026 2923 1088 2968 ante
1107 2923 1193 2969 caetu

90 2991 165 3042 missi
186 2999 269 3053 erant,
289 2999 315 3041 et
334 2991 392 3043 lora
410 2991 535 3044 delebant
560 3000 587 3043 et
604 2992 679 3060 quasi
704 2991 806 3041 eminus
829 3003 919 3057 pugna
937 2988 1065 3055 quaedam
1083 2990 1192 3039 courie.

17 3103 21 3110 .
91 3060 177 3128 batur.
215 3060 307 3128 paullo
326 3071 413 3114 autam
433 3071 493 3129 pout
512 3077 570 3113 cum
589 3063 700 3114 orientia
727 3061 861 3112 exereitus
881 3074 973 3111 omnen
992 3058 1143 3120 rediissent,
1167 3066 1194 3108 et

93 3133 134 3183 vis
155 3132 244 3184 valida
263 3133 314 3184 iam
334 3143 405 3187 earet
425 3136 492 3203 regi,
513 3150 581 3202 quae
600 3134 632 3184 ad
652 3130 753 3183 bellum
774 3143 840 3197 opus
859 3139 920 3182 aunt
937 3128 1073 3196 parabant.
1112 3137 1193 3195 atque

92 3202 140 3254 alii
159 3219 193 3254 ex
218 3205 294 3272 regia
317 3205 516 3258 contrabuntur
550 3204 671 3256 instructi
699 3202 920 3270 egrediebantur3
943 3199 1086 3267 bulgarica
1105 3207 1193 3250 autem

93 3275 221 3342 quaedam
245 3275 385 3328 multitudo
418 3292 451 3327 ex
477 3276 616 3328 occidente
635 3281 730 3340 pertua
755 3274 836 3326 mitta
854 3288 869 3323 a
890 3280 966 3342 tergo
986 3270 1105 3338 partibus
1124 3285 1192 3338 apu-

92 3353 177 3398 etatae
195 3349 278 3398 venit.
314 3347 483 3417 quamobrem
511 3348 589 3398 etiam
614 3353 714 3412 partam
743 3344 788 3394 bic
805 3359 860 3397 nun
888 3345 1020 3396 minimam
1040 3351 1147 3409 separat
1166 3349 1193 3392 et

91 3418 171 3469 tradit
189 3418 328 3484 imperium
348 3421 405 3470 eiua
424 3419 574 3486 propinque
593 3432 641 3470 uuo
661 3417 721 3467 duci
740 3415 876 3479 Batatrae,
895 3416 955 3467 viru
973 3413 1059 3466 nobili
1079 3423 1106 3464 et
1125 3428 1191 3480 pru.

91 3488 164 3538 denti
186 3497 211 3540 et
230 3491 257 3539 in
276 3491 347 3540 omni
364 3488 431 3542 belli
450 3490 546 3557 peritia
565 3489 677 3539 inuicto.
717 3496 744 3538 et
762 3502 922 3555 congressus
948 3485 991 3536 bie
1010 3500 1069 3536 eum
1083 3486 1126 3547 iia,
1146 3485 1191 3550 qui

92 3559 273 3611 subvenerant
290 3560 414 3628 bulgaris
441 3562 512 3611 circa
530 3557 706 3626 Kypselorum
727 3560 865 3627 regionem
874 3595 889 3622 ,,
901 3554 1007 3624 proelio
1027 3569 1123 3622 magno
1142 3554 1191 3605 Ιιοε
1232 3598 1235 3601 .

92 3631 178 3682 vincit
196 3639 223 3682 et
241 3630 332 3682 multia
350 3632 499 3684 interiectis
518 3632 598 3682 rediit
616 3630 731 3682 victoria
750 3628 844 3682 elatus.
888 3628 994 3679 invenit
1011 3634 1099 3676 autern
1122 3639 1191 3686 eum,

92 3703 136 3769 qui
156 3701 226 3752 bunc
245 3705 362 3767 miserat,
383 3705 453 3754 omni
472 3703 630 3754 denudatum
651 3703 695 3764 vi;
714 3700 813 3752 militer
838 3701 907 3752 enim
927 3696 1112 3763 relinquentes
1132 3710 1192 3746 eum

91 3771 158 3824 alius
185 3772 239 3823 alio
265 3771 377 3840 dispersi
406 3781 489 3826 erant.
525 3789 583 3824 cum
608 3782 696 3824 autem
717 3773 840 3823 viderent
865 3770 943 3820 etiam
962 3766 1089 3818 Butatnae
1116 3764 1191 3817 mili.

40 3851 46 3859 ‘
91 3844 262 3907 torrentum,
287 3859 339 3895 una
367 3853 394 3896 et
419 3847 470 3911 ipsi
498 3845 578 3912 fugae
605 3861 635 3895 ae
657 3844 795 3894 dederunt.
842 3838 1026 3907 intelligentes
1046 3839 1128 3906 igitur
1146 3837 1190 3901 bi,

91 3929 141 3980 qua
167 3917 194 3965 in
222 3915 328 3966 fortuna
353 3925 443 3969 eruent
461 3917 618 3980 constituti,
644 3923 670 3965 et
690 3927 794 3964 omnem
819 3911 991 3976 desperantes
1010 3909 1103 3962 salutis
1122 3911 1191 3960 viam

91 3986 122 4036 ad
137 3985 274 4052 templum,
295 3987 365 4055 quud
384 3989 464 4040 estin
484 3985 703 4056 Bulgarophygo‚
724 3982 891 4052 confugiunt.
930 3997 989 4033 curn
1007 3989 1094 4033 autem
1113 3993 1190 4030 εοεα-

92 4065 218 4123 queretur
238 4073 284 4109 εοε
309 4059 382 4125 regia
409 4060 543 4110 exercitus
569 4072 669 4110 sacram
690 4070 808 4108 mensam
826 4061 950 4106 tenentes
970 4052 1133 4119 abripiuntur
1152 4048 1189 4111 vi,

92 4135 118 4178 et
135 4130 236 4197 captivi
256 4128 289 4181 ad
306 4143 398 4196 regem
416 4132 554 4186 mittuntur
575 4130 647 4182 cirea
664 4129 736 4180 diem
755 4127 861 4182 lentum.
875 4125 1023 4179 natiuitatis
1041 4120 1129 4189 magni
1146 4118 1190 4172 dei
