2875 4734
172 297 175 301 ,
217 208 291 299 tis
519 196 739 307 nicaenus
769 214 1027 289 irremorsi

216 392 393 481 θχθρούς’
378 391 571 475 υπαιρόντων
602 417 654 456 ιιαι
650 391 916 475 μεγαλυνόντων
947 414 991 465 εις
1014 382 1096 470 όψος
1116 390 1148 466 ἐξ
1168 388 1321 467 α’μελειάς

216 521 271 561 ιιαι
293 492 491 576 ὑστερήσεως
518 497 580 558 τύν
613 492 880 615 άντιτεταγμένων
909 490 1036 571 αὐτοις,
1066 486 1150 553 καθά
1173 489 1321 571 προδιεί-

217 603 340 682 ληπται.
393 597 423 659 εἰ
456 595 491 658 dd
511 595 563 655 όεῖ
578 591 714 678 τάληθὲς
737 595 850 672 εἰπεῖν,
885 589 959 656 δι’
946 598 1061 675 ετὲρων
1091 585 1241 668 καμάτων
1263 614 1320 652 και

215 692 528 781 άντιπαρατάξεων
514 691 697 779 ετίρωντῆν
716 694 914 776 βασιλειαν
897 719 913 758 o
937 697 1136 780 παντόφορος
1151 684 1360 777 ὀφθαλμός

214 799 290 888 άξίιρ
311 800 431 882 ταύτης
452 793 719 880 ἐπραγματεύετο.
955 819 956 825 “
1330 804 1350 856 5

305 890 421 980 Εγωγε
442 887 498 959 σύν
520 898 553 959 ἐν
576 898 616 982 τῇ
634 896 807 984 Ῥαιότστῷ
826 903 998 981 τηνικαῦτα
1019 893 1224 979 παρατυχών,
1245 894 1319 958 ἐπί-

213 1016 328 1082 σκεψιν
351 1001 452 1061 όιιεισε
480 994 667 1078 καταλαβών
689 1000 753 1060 τάν
773 994 942 1080 κτημάτων
964 1020 1043 1081 μου,
1061 991 1131 1069 τάς
1150 997 1208 1076 μὲν
1230 1016 1319 1076 γινο-

213 1104 313 1183 μένας
337 1097 459 1185 φὴμιας
488 1098 567 1182 άκοῇ
586 1100 849 1181 παρελάμβανον,
869 1098 1023 1180 ἠπίστουν
1045 1099 1080 1160 δὲ
1101 1101 1319 1179 τοῖςλεγομὲ-

215 1225 281 1279 νοις
295 1252 305 1282 ,
337 1193 385 1263 ότι
409 1194 463 1261 διά
488 1200 612 1261 πολλῶν
639 1197 767 1282 ἡμερῶν
797 1197 1003 1283 ἑφημίζοντο,
1028 1195 1220 1279 συμβάλλων
1243 1202 1319 1261 καθ’

214 1297 327 1366 ἔαυτόν
349 1292 421 1381 ότι,
444 1298 570 1382 ἐπείπερ
599 1295 814 1379 ἦῬαιύεοτός
842 1302 992 1363 τοσοῦτον
1024 1292 1135 1380 ἀπέχει
1158 1293 1317 1383 διάστημα
1330 1316 1364 1368 10

213 1402 269 1484 τῆς
289 1395 585 1481 Ἀδριανσυπόλιως
601 1392 676 1461 όσον
693 1400 810 1482 ταύτης
831 1397 849 1479 ἡ
871 1397 1092 1480 μεγαλόπολις,
1115 1394 1241 1473 πάντως
1264 1391 1316 1477 άν,

214 1524 244 1564 τι
235 1500 421 1584 ’άληθὲς’
399 1491 557 1580 ετύγχανε
577 1498 611 1562 τό
632 1498 878 1614 θρυλλρύμενον,
903 1489 1141 1581 ε’μεμαθὴκει”
1119 1523 1157 1562 αν
1181 1526 1196 1561 α
1188 1496 1317 1579 βασι-

214 1597 289 1674 λεύς
310 1602 403 1663 τούτο
433 1622 485 1661 και
518 1599 678 1678 ταχέως
663 1594 834 1680 εποιὴσατσ
863 1596 920 1699 τήν
944 1592 1128 1681 διόρθωσιν,
1151 1598 1317 1680 πανταχσύ

214 1701 411 1783 γραμμάτων
441 1698 659 1778 βασιλικῶν’
644 1694 879 1783 επιφοιτιόντων
900 1706 968 1772 ταῖς
998 1697 1115 1763 πόλεσι.
1159 1701 1213 1762 καί
1234 1698 1315 1761 κατά

214 1801 307 1864 τούτο
329 1796 439 1879 ἔμενον
459 1795 607 1882 άτρεμὴς,
629 1790 699 1861 εἶτα
719 1822 773 1863 και
794 1802 927 1881 θαρράν
954 1801 993 1885 τῇ
1013 1802 1118 1864 πίστει
1145 1800 1207 1863 τιύν
1229 1795 1263 1862 ἐν
1279 1800 1317 1883 τῇ
1330 1820 1362 1873 15

209 1898 382 1987 Ῥαιθεστῷ
419 1900 553 1964 πσλιτῶν
588 1893 630 1972 ιός
665 1899 871 1988 φυλαττούσῃ
900 1908 966 1973 τοῖς
999 1902 1167 1980 βασιλεῦσι
1195 1898 1232 1962 τό
1262 1900 1317 1981 τῆς

214 1996 459 2121 εόγνωμοσύννγς
493 2001 641 2081 ἐνέχυρα.
701 1998 818 2062 ἔλαθον
857 2001 892 2063 δὲ
921 1998 1101 2081 περιπεσών
1131 1995 1317 2081 άπροόπτως

215 2095 269 2163 διά
289 2101 353 2163 τάν
375 2098 504 2163 εικότων
525 2102 756 2182 συλλογισμων,
775 2104 894 2181 μικρού
916 2102 993 2177 δεῖν,
1015 2098 1150 2187 μεγίστῳ
1169 2096 1232 2164 τινί
1253 2115 1335 2161 πα-·

154 2273 159 2279 ,
216 2196 411 2283 ραπτιόματι.
455 2198 534 2301 γυνή
556 2200 615 2284 γάρ
639 2224 687 2275 τις
712 2205 746 2267 όν
768 2204 806 2288 τῇ
823 2201 1045 2285 Ῥαιόεστῷ
1011 2228 1049 2265 τα
1072 2203 1184 2285 πρῶτα
1207 2204 1317 2285 φέρειν

170 2336 173 2349 ·
214 2298 292 2364 κατά
321 2297 449 2365 πάντων
483 2300 731 2385 σπουδάζουσα,
754 2304 938 2385 συγγένειαν
967 2304 1001 2364 ἐκ
1022 2305 1078 2365 τού
1100 2298 1217 2385 άνθρός
1240 2296 1363 2383 πρόςοο

215 2396 273 2464 τόν
297 2404 471 2485 Βροὲννισν
491 2407 604 2466 τοῦτον
635 2404 859 2483 συνάπτουσα,
889 2405 1052 2485 λαθραίως
1080 2392 1253 2476 πολλούς
1234 2402 1314 2463 υπέ-

216 2524 295 2586 συρε
309 2502 382 2567 ’τῶν
400 2501 650 2589 Ῥαιδεστηνάν,
674 2502 788 2585 δώροις
809 2454 938 2576 τούτους
968 2502 1023 2566 καί
1040 2500 1251 2584 ύποσχέσεσιν
1274 2500 1317 2591 ὥς

118 2594 121 2605 ’
216 2595 334 2687 ἑαυτήν
362 2606 566 2683 μεταθέσθαι
592 2601 795 2685 συμπείσασα
824 2602 880 2666 καί
904 2605 1107 2684 συνωμοσίαν
1128 2604 1162 2679 ἐξ
1183 2601 1334 2683 ι’όιογεί-Ι

291 2779 335 2831 15.
359 2798 497 2835 amoreve
516 2814 523 2831 ·
544 2818 550 2833 .
570 2781 709 2854 ἔμενενῦ
802 2781 843 2833 17.
864 2783 946 2837 ἔλαθε
966 2781 995 2834 G.
1090 2780 1133 2833 19.
1151 2772 1222 2853 γυγῆ
1243 2778 1272 2834 G.

216 2962 298 3016 stulte
316 2962 460 3028 dispositus
479 2962 647 3015 adversarios
666 2961 771 3015 validos
789 2962 911 3027 reddidit,
933 2970 962 3013 ut
979 2961 1103 3031 plerique
1123 2962 1214 3014 hostes
1235 2961 1316 3012 effer.

216 3043 278 3087 rent
296 3042 324 3086 et
342 3034 370 3084 in
388 3033 470 3085 altum
488 3031 617 3085 tollerent
635 3042 745 3101 propter
769 3033 961 3116 negligentiam
980 3043 1006 3085 et
1026 3034 1174 3086 tarditatem
1192 3032 1243 3084 sibi
1265 3046 1316 3098 op.

214 3107 381 3173 positorum,
406 3112 435 3155 ut
463 3112 542 3156 autea
561 3105 766 3158 demonstratrnn
796 3114 849 3158 est.
869 3104 914 3158 vel
937 3106 960 3157 si
980 3113 1086 3171 oportet
1104 3121 1195 3157 verum
1215 3105 1316 3166 dicere,

214 3177 297 3298 abab
294 3174 430 3228 laboribus
449 3184 476 3226 et
498 3177 594 3244 pugnis
614 3176 661 3227 aiii
685 3182 796 3245 segnium
823 3177 911 3228 omnia
928 3184 1050 3242 spectans
1069 3175 1164 3229 oculus
1183 3176 1262 3243 digno
1284 3189 1316 3225 eo

215 3263 249 3298 cu
298 3254 333 3298 at.

313 3340 442 3408 Equidem
461 3340 586 3392 Raedesti
605 3350 659 3392 tum
672 3344 808 3407 versabar,
829 3344 1013 3410 quaestionem
1032 3343 1069 3394 ibi
1088 3343 1228 3394 instituens
1250 3357 1315 3407 pos-

214 3413 365 3467 sessionum
383 3427 514 3463 mearum:
542 3428 662 3463 rumores
682 3415 788 3481 quidem
817 3414 949 3466 audiendo
969 3414 1145 3481 accipiebam:
1164 3412 1316 3463 diffidebam

213 3492 302 3536 antem
321 3484 413 3546 dictis,
440 3484 501 3551 quia
524 3498 573 3550 per
599 3484 696 3535 multos
726 3486 783 3537 dies
809 3485 1027 3555 divulgabantur,
1055 3492 1180 3551 reputans
1199 3499 1312 3547 mecum,

214 3555 427 3623 qnandoquidem
442 3554 590 3609 Raedestus
608 3562 682 3605 tanto
701 3556 846 3608 intervallo
866 3556 942 3609 abest
960 3556 992 3607 ab
1010 3554 1196 3623 Adrianopoli‚
1216 3563 1314 3621 quanto

214 3626 247 3677 ab
268 3626 391 3679 hacnrbs
411 3626 543 3694 capitalis,
564 3627 680 3690 omnino,
699 3628 723 3677 si
742 3642 822 3679 verus
842 3628 937 3679 fuisset
946 3642 1045 3689 rumor,
1064 3628 1211 3679 auditurum
1231 3625 1314 3675 fuisse

213 3711 306 3763 regem
325 3712 385 3747 eum
398 3709 425 3751 et
443 3698 570 3749 celeriter
583 3698 779 3749 correctionem
794 3696 988 3751 institutu':rum
1011 3698 1110 3766 ubique
1129 3698 1215 3749 literis
1231 3696 1315 3765 regiis

215 3765 304 3819 allatis
323 3768 443 3822 urbibus
483 3777 509 3819 et
526 3769 587 3820 ideo
607 3768 744 3821 manebam
762 3771 925 3837 intrepidus:
950 3770 1046 3822 deinde
1066 3770 1145 3821 otiam
1163 3769 1246 3820 fretus
1264 3766 1315 3818 fide

215 3837 315 3889 civium
327 3838 453 3893 Raedesti
468 3847 496 3891 ut
508 3856 576 3908 quae
589 3850 711 3894 servaret
722 3841 830 3909 regibus
842 3838 949 3909 pietatis
960 3842 1081 3909 pignora
1112 3841 1218 3893 nesciri
1229 3846 1315 3889 autem

213 3924 257 3960 me
277 3910 423 3974 improviso
443 3912 569 3963 incidisse
589 3913 725 3978 opinionis
752 3913 1001 3965 ratiocinationibus
1027 3928 1112 3981 paene
1131 3914 1158 3963 in
1177 3912 1315 3963 maximum

212 3984 311 4033 casum.
333 3981 429 4032 mulier
443 3982 512 4033 enim
527 3984 654 4049 quaedam
664 3983 790 4035 Raedesti
802 3987 899 4050 primas
911 3998 993 4051 agere
1011 3987 1081 4035 inter
1095 3998 1185 4035 omnes
1197 3980 1315 4041 studens,

212 4050 343 4105 aiiinitate
358 4069 372 4104 e
388 4053 504 4118 coniuge
517 4067 577 4103 cum
586 4053 723 4139 Bryennio
738 4056 789 4105 hoc
802 4056 953 4118 coniuncte,
966 4056 1033 4107 ciam
1042 4055 1140 4108 multos
1156 4050 1317 4108 subornabat

212 4121 411 4190 Raedesmnom
437 4123 514 4195 donis
533 4123 575 4177 his
595 4133 621 4176 et
639 4127 792 4192 promissis,
820 4135 849 4178 ut
875 4127 908 4180 ad
925 4142 955 4182 se
972 4128 1118 4181 transirent
1138 4125 1311 4196 persuadens,
