2875 4734
571 258 778 327 merome.
1147 246 1224 321 tte
1259 230 1262 235 ’

232 428 466 509 Φιλάνθρωπος
488 413 571 489 δὲ”
544 448 588 487 ων
610 424 654 497 είς
675 421 710 484 τό
736 414 816 503 άγαν
839 418 855 481 u‘
883 415 1035 499 βασιλεός
1058 418 1112 480 καί
1131 410 1225 517 νόμον

25 582 28 585 -
128 532 233 611 ἕτερον
255 523 418 605 άνεζάωσε
441 523 582 588 θανόντα
608 523 773 600 κάκεῖνον,
800 521 853 583 καί
869 516 1014 583 θάνατον
1040 508 1164 589 πολλοῖς
1192 516 1300 603 duellet
1311 515 1383 574 1080

128 634 183 712 τῆς
205 625 425 711 θνητότηίος’
405 648 562 705 αποτομυν
574 648 625 686 και
649 624 889 705 ἀμεταμέλητον
911 614 1153 701 παρεισάξαντοι.
1180 613 1226 687 τίς

128 733 163 795 dd
186 720 288 807 οὗτος,
309 722 326 788 ό
348 724 437 807 λόγος
460 724 595 810 δηλώσει
613 722 743 808 upoiuiu.
787 721 856 786 όὲν
878 724 1074 811 βασιλεῦσιν
1083 717 1227 832 ἀοίδιμος

104 828 299 904 ὅθεοδόσιυς
319 826 560 923 στασιασάντων
569 829 656 907 ποτὲ
669 849 762 889 τινων
774 824 841 887 κατ
863 825 974 897 edred,
996 818 1121 907 μεγάλῳ
1131 797 1227 906 θόμῷ

127 934 363 1016 καταφλεχθείς
384 927 441 1010 τήν
464 925 582 1011 ψυχήν,
605 925 745 992 θάνατον
766 949 883 989 τουτων
893 924 1128 1007 ανυπερθετως
1136 942 1228 984 κατε-

115 1034 300 1118 Ιψηφίσατο.
323 1032 390 1104 ἐίς
412 1026 523 1094 ἑαυτὸν
545 1031 581 1094 δὲ
600 1028 776 1111 γενόμενος,
797 1030 918 1107 μάλλον
938 1028 973 1089 dd
995 1022 1051 1109 καί
1069 1017 1154 1105 παρά
1168 1044 1226 1084 του

126 1135 190 1197 τάν
214 1128 381 1216 θεοφόρων
405 1129 531 1214 ἀνδρῶν
554 1130 636 1210 μετά
657 1132 836 1220 παρρησίας
862 1124 1070 1209 ἀπελεγχθείς
1101 1125 1156 1187 καί
1182 1124 1228 1198 ἀς

125 1233 297 1316 μιαιφόνος
326 1232 389 1295 τεόν
410 1234 671 1314 §uulnerauerunt
695 1231 869 1313 περιβόλων
900 1228 1137 1304 ἀποκλεισθεις,
1165 1245 1226 1304 με-

86 1327 263 1413 1οτάμελον
282 1328 421 1414 ἔθρεψε,
435 1335 498 1396 καί
521 1330 575 1396 τόν
604 1331 772 1413 ἐλέγχοντα
801 1331 841 1393 dr’
872 1331 981 1400 αιάοὕς
1010 1321 1254 1409 ποιησάμενοςῐ.
1272 1329 1364 1386 teir.

126 1436 180 1495 καί
201 1429 366 1552 ἀγαπήσας
389 1429 485 1495 adeda
507 1431 549 1505 uic
570 1428 690 1514 σοφός,
712 1453 800 1513 ειπερ
826 1430 944 1510 ἀληθὲς
960 1426 995 1491 τό
1014 1421 1144 1507 “ἒ’λεγχε
1167 1446 1226 1488 σο-

126 1526 207 1618 φόν,
240 1554 293 1593 και
314 1530 471 1614 ἀγαπήσει
493 1531 549 1594 σε”
556 1581 565 1611 ,
589 1528 667 1612 γόνυ
688 1528 786 1616 τούτῳ
817 1525 934 1607 ἔκλινε,
967 1551 1018 1591 και
1040 1522 1227 1608 συγγνώμην

125 1627 204 1711 μετά
228 1632 343 1713 πολλῆς
361 1632 511 1713 οἰμωγῆς
544 1632 599 1694 καί
632 1633 803 1714 συντριβῆς
832 1622 940 1716 ᾔτησε.
991 1630 1046 1690 καί
1076 1628 1138 1689 τάν
1168 1646 1227 1687 πε-

127 1732 399 1815 πλημμελημένων
420 1731 511 1806 ἀξίαν
535 1730 745 1811 ποιησάμενος
768 1728 826 1813 τήν
847 1727 1035 1809 μετάνοιαν,
1056 1730 1110 1791 καί
1131 1727 1225 1789 πλέον

59 1902 65 1912 ,
84 1849 117 1903 15
127 1822 203 1913 ἤπερ
226 1832 324 1912 ε’χρῆν
344 1826 454 1916 italien
476 1835 694 1908 ταπεινωθείς,
716 1828 923 1907 συμπάθειαν
946 1826 1041 1907 ἔλαβε
1066 1822 1153 1907 παρά
1168 1826 1227 1888 τοῦ

127 1927 242 2015 ἀνδρός
266 1920 318 2013 (ἢν
339 1930 375 1993 δὲ
398 1921 489 2004 οὗτος
512 1928 528 1993 ό
550 1933 647 2011 μέγας
668 1928 858 2010 Ἀμβρόσιος
880 1922 895 1989 d
919 1930 982 1991 τάν
1014 1922 1226 1990 Μεόιολάνων

41 2093 50 2104 s
125 2026 325 2116 ἐπίσκοπος),
348 2033 403 2093 καί
420 2033 474 2114 τῆς
502 2035 672 2115 καθολικῆς
699 2027 864 2113 ἐκκλησίας
895 2030 948 2091 καί
976 2028 1031 2111 τῆς
1060 2023 1224 2096 κοινωνίας
1276 2068 1280 2077 .

125 2122 171 2203 είς
193 2133 340 2212 γενέσθαι
362 2132 438 2213 παρ’
459 2131 560 2195 αάτοῦ
581 2137 782 2215 κατηξίωται.
827 2128 930 2194 ἔκτοτε
952 2119 1009 2191 edu
1039 2123 1074 2190 τό
1109 2126 1226 2207 ἀπηνὲς

126 2228 181 2293 καί
200 2227 360 2308 ἀπότομον
381 2256 433 2293 και
455 2254 592 2315 αχρονον
603 2257 658 2317 της
669 2236 825 2313 τιμωριας
845 2230 1034 2301 κινδυνωδες
1046 2251 1098 2291 και
1122 2221 1226 2289 ἀπάν-

81 2335 256 2457 οοθρωγιον
278 2331 498 2412 λογισάμενος,
513 2333 627 2413 χρόνον
643 2329 784 2451 άρίσαεο
798 2356 857 2414 τιγν
878 2324 1038 2411 ἀναβολήν
1058 2331 1114 2410 τῆς
1127 2350 1226 2408 τιμω-

124 2434 197 2513 ρίας
226 2433 434 2550 παρέχοντα,
453 2437 610 2513 θεσπίσας
635 2431 680 2516 μὴ
711 2458 786 2514 πριυ
815 2433 856 2493 δι’
879 2432 1013 2509 αἳματος
1034 2422 1225 2504 κολάζεσθαι

126 2523 340 2615 άνθρωπον’
319 2559 337 2614 η
362 2529 530 2614 τριάκοντα
554 2529 681 2617 ἡμερῶν
702 2516 926 2622 παρῳχηκέναι
959 2527 1119 2613 διάστημα
1139 2526 1219 2607 μετά

124 2628 182 2714 τὴν
203 2636 273 2695 κατ’
306 2632 611 2699 αάτοῦ“τελευταιόν
640 2628 818 2719 ἀπόφασιν.
863 2630 969 2697 ἔκτοτε
1001 2632 1037 2695 dd
1065 2628 1082 2693 ό
1109 2629 1226 2713 χρόνος

157 2996 161 3012 .
226 2960 360 3013 llumanua
378 2960 457 3013 valde
475 2976 524 3014 rex
543 2963 622 3015 etium
640 2963 720 3015 alium
737 2962 826 3031 legem
844 2963 1016 3015 resuscitavit
1035 2969 1180 3015 emortuam
1200 2972 1227 3015 et
1289 2991 1293 3002 =

126 3032 215 3097 illum,
235 3044 304 3100 quae
322 3040 433 3085 mortem
450 3033 541 3085 multia
567 3051 600 3085 ex
618 3033 780 3085 mortalitate
806 3034 980 3099 praecipitem
999 3040 1026 3083 et
1044 3034 1227 3100 poenitentiae

128 3112 268 3174 expertem
283 3104 404 3156 inferret
442 3120 510 3173 quae
528 3105 596 3155 haee
615 3105 697 3155 luerit
715 3105 800 3155 oratio
820 3103 967 3155 declarabit
986 3106 1143 3171 procedens.
1175 3120 1227 3156 ve-

126 3174 255 3227 nerabilia
273 3177 343 3227 inter
368 3190 448 3242 reges
469 3174 648 3238 Theodosius,
670 3191 729 3225 cum
748 3176 906 3226 seditionem
925 3183 1066 3227 moverent
1083 3175 1226 3243 aliqnando

127 3246 251 3298 nonnulli
271 3255 363 3298 eontra
390 3260 464 3308 enm,
487 3260 584 3312 magna
609 3247 647 3297 ira
666 3239 781 3314 flagrans
800 3247 905 3312 animo,
924 3255 1035 3299 mortem
1056 3247 1150 3298 horum
1169 3248 1227 3299 uine
1297 3250 1299 3255 '

103 3332 202 3369 [mora
226 3306 372 3369 constitnit
418 3331 475 3368 cum
502 3324 589 3367 autem
607 3333 696 3368 secum
726 3325 797 3369 esset
814 3319 951 3402 magisque
983 3319 1061 3371 etium
1080 3334 1095 3370 ο
1115 3319 1227 3387 quodum

128 3389 278 3441 divinorum
307 3388 424 3438 virorum
452 3386 538 3438 libere
557 3387 755 3470 vituperaretur
781 3396 808 3438 et
827 3391 902 3456 quani
920 3391 1072 3457 inquinatus
1093 3390 1227 3442 eeclesiae

127 3460 209 3511 muris
227 3456 424 3522 excluderetur,
435 3458 627 3523 poenitentium
643 3458 711 3511 aluit
723 3467 750 3510 et
764 3460 959 3527 vituperantem
972 3463 1074 3513 veritus
1093 3468 1120 3511 et
1138 3475 1227 3512 amane

128 3546 189 3580 eum
207 3537 237 3579 ut
255 3530 372 3594 adplene,
391 3530 414 3579 si
434 3529 539 3595 quidem
558 3543 650 3580 verum
669 3539 710 3582 eat
729 3531 800 3598 quod
821 3532 932 3583 dicitur:
959 3534 1098 3598 „vitupera
1117 3532 1227 3597 sapien-

127 3609 181 3652 tem
201 3608 228 3651 et
245 3598 343 3650 amabit
360 3606 413 3662 te‚“
435 3608 462 3649 et
479 3598 585 3651 veniam
606 3617 665 3652 eum
684 3602 766 3653 multa
784 3601 974 3653 lamentatione
1004 3611 1030 3653 et
1048 3602 1156 3685 planctu
1176 3618 1227 3669 pe.

127 3672 209 3733 tivit,
240 3678 267 3720 et
291 3677 462 3735 peccatorum
489 3671 595 3737 dignum
617 3673 760 3725 instituent
784 3674 974 3739 poenitentium
1001 3681 1027 3723 et
1045 3674 1128 3741 magis
1150 3689 1226 3741 quarn

127 3707 218 3794 debuit
235 3741 341 3807 privato
361 3742 489 3793 demissus
508 3742 717 3795 misericordiam
737 3746 875 3811 accepite
905 3744 964 3795 viro
986 3747 1058 3812 (erat
1076 3752 1163 3795 antem
1182 3745 1227 3796 hic

126 3827 237 3881 mugnus
255 3810 428 3875 Ambrosius,
454 3812 660 3867 mediolanensis
680 3816 855 3884 episcopus):
880 3823 960 3883 atque
978 3814 1113 3883 generalis
1134 3817 1227 3868 eccle-

49 3894 53 3901 ·
126 3886 184 3938 niue
204 3891 231 3933 et
248 3883 386 3935 societatis
406 3884 544 3950 patelieri
564 3884 596 3935 ab
621 3901 654 3936 eo
679 3886 802 3955 dignatus
827 3894 875 3939 eat.
914 3886 1009 3937 exinde
1027 3888 1110 3955 igitur
1129 3888 1226 3939 crude-

124 3955 179 4007 lem
209 3962 236 4005 et
252 3956 426 4021 praecipitem
452 3963 479 4007 et
503 3965 696 4021 praematurum
721 3959 851 4009 rationem
879 3971 984 4023 poenae
1002 3957 1179 4025 periculosum
1201 3967 1227 4009 et

125 4028 265 4076 immanem
291 4033 363 4077 ratus
394 4033 498 4093 tempne
517 4030 670 4093 constituit,
696 4027 851 4080 dilutionem
876 4042 980 4095 poenae
999 4028 1146 4096 praebent:
1167 4029 1226 4079 edi.

127 4111 207 4161 eene,
233 4111 268 4147 ne
291 4103 369 4147 antea
388 4099 518 4166 sanguine
537 4100 676 4165 puniretur
695 4100 848 4167 quisquam,
879 4108 1019 4169 antequam
1038 4100 1147 4166 triginta
1166 4100 1225 4151 die.

126 4180 186 4219 rum
203 4168 387 4237 praeteriisset
405 4171 518 4236 spatium
538 4179 599 4238 poet
625 4170 744 4224 ultimum
771 4173 921 4225 tententiae
940 4178 1031 4224 contra
1050 4184 1108 4223 eum
1126 4170 1224 4224 editio.
