2875 4734
389 285 391 296 ⁴
466 287 696 362 'taissomn
752 293 757 299 “
826 289 851 325 -‘
1099 278 1149 360 93

46 447 202 524 θανόντος
225 445 281 515 κατ’
301 453 719 537 πολλάνηάνερευνηθέντων
754 453 859 532 οόδείς
880 445 965 532 άξιος
986 452 1069 538 πλην
1089 453 1148 518 ου’-

46 551 105 612 τοό
128 549 207 634 πρὸς
229 550 283 616 τόν
305 555 447 619 τοιοῦτον
468 552 615 638 ἐλογίσθη
640 553 777 637 βαθμόν.
821 553 876 618 καί
898 553 1148 634 άπαναινόμενος

47 646 191 735 ἐδιώχθη
213 652 291 734 πρός
312 656 368 737 τῆς
387 658 490 739 τιμῆς,
514 652 569 725 καί
587 652 735 740 λαμπτῆρ
751 658 806 738 τῆς
826 656 963 746 μεγάλης
983 655 1147 739 ἐκκλησίας

50 751 104 814 καί
126 749 326 838 πατριάρχης
349 750 563 834 οἰκουμενικός
586 753 786 840 ἐχρημάτισε.

23 853 39 904 5
147 849 242 917 Mart
274 854 309 917 δέ
329 851 364 918 τό
394 854 451 919 τόν
479 857 614 936 βασιλέα
633 853 784 923 τεθνάναι
808 857 911 922 πάλιν
932 853 962 921 ot
983 852 1041 941 την
1063 849 1166 924 ἐάαν.

48 951 289 1034 κατατρέχοντες
303 947 416 1019 Οόννοι
437 957 775 1038 περίΜεσοποταμίαν
791 955 951 1039 γενόμενοι
969 954 1147 1043 ἐφήδρευον

34 1059 111 1127 Ιτοῖς
133 1051 207 1135 περί
229 1052 414 1139 Μελιτηνὴν
445 1057 781 1140 ἐστρατοπεδευμένοις
807 1055 996 1140 Ῥωμαϊκοϊς
1019 1058 1147 1140 τάγμα-ι

47 1147 297 1236 conchacensi
332 1156 543 1238 sperauerant
574 1154 806 1241 ὑστερήσαντος
835 1158 948 1233 ἐνδεῶς
984 1150 1071 1240 εἶχον
1092 1157 1148 1222 καί
1173 1200 1180 1212 x

45 1253 201 1328 ταπεινάς
222 1257 278 1317 κατ’
298 1253 431 1340 ὀργίλως
448 1256 502 1320 διά
523 1251 580 1341 την
601 1254 735 1338 ἔνδειαν,
756 1262 811 1324 καί
832 1259 908 1324 ου’δέ
928 1265 994 1334 τοῖς
1015 1261 1049 1324 ἐν
1070 1261 1147 1324 Με-

9 1365 39 1418 10
47 1355 223 1443 σσποταμίηι
245 1356 452 1441 στρατιώταις
469 1357 638 1439 Ῥωμαίοις
658 1355 796 1442 ἴσχυσαν
809 1364 984 1443 συνελθεῖν,
1004 1358 1049 1444 μη
1067 1364 1147 1442 βου·

46 1453 193 1539 ληθέντες
212 1451 271 1525 ,τόν
294 1456 469 1543 Εόφράτην
489 1459 692 1543 διαπερᾶσαι.
751 1461 973 1545 ἐπερχομένων
1001 1452 1058 1525 σόν
1084 1461 1174 1526 τάνλ
1189 1472 1278 1525 185v.

46 1555 220 1640 βαρβάρων
241 1557 295 1621 διά
317 1559 374 1623 τοῦ
404 1560 550 1641 ποταμοῦ
586 1560 777 1646 ἀντέστησαν
808 1551 896 1625 οὗτοι
917 1563 1146 1648 διασπαρέντες
1181 1640 1184 1645 ¹

46 1658 122 1738 περί
140 1657 199 1733 τάς
229 1658 389 1735 διεξόδους
414 1653 525 1726 αότοό.
575 1663 628 1724 καί
659 1659 688 1725 οἶ
709 1659 870 1748 βάρβαροι
892 1658 1051 1746 ἑκηβόλων
1070 1687 1147 1747 τυγ-

44 1750 194 1837 χάνοντες
212 1757 363 1843 εόμαροός
384 1751 637 1836 αδτοόςάποθεν
656 1760 911 1847 κατετίτρωσκον,
925 1754 1063 1838 άπαθεῖς
1083 1762 1147 1829 αό-

9 1857 93 1922 15τοί
115 1858 326 1940 διαμένοντες,
345 1861 404 1936 ἓως
425 1858 608 1946 ἠνάγκασαν
627 1867 756 1938 τούτους
782 1863 826 1939 είς
850 1861 904 1929 τόν
924 1861 1065 1945 ποταμόν
1086 1865 1147 1946 έμ-

45 1961 160 2038 natata
181 1961 237 2024 καί
257 1958 315 2046 την
336 1958 446 2048 μάχην
466 1961 702 2048 συστήσασθαι,
747 1968 802 2028 κατ’
820 1964 916 2030 πάλιν
936 1961 967 2029 oi
990 1971 1056 2040 τοῖς
1075 1970 1148 2048 χεί-

46 2059 365 2146 λεοινέφιστάμινυι
398 2062 471 2140 τοός
498 2063 678 2146 Ῥωμαίους
713 2067 934 2146 ἐπετοξάζοντο
963 2066 1019 2131 καί
1045 2067 1148 2143 κακῶς

46 2153 128 2244 άγαν
151 2163 313 2229 διττίθουν
335 2164 390 2232 καί
410 2169 494 2232 vaira
519 2167 629 2232 δοῦναι
655 2164 901 2254 παρεβιάσαντο.
951 2171 1007 2234 καί
1030 2171 1149 2253 τροπῆς

47 2266 214 2349 γενομένης
244 2261 356 2332 ἐπεσον
387 2270 499 2352 συχνοί
520 2271 582 2332 τόν
608 2267 792 2350 Ῥωμαίων,
821 2271 923 2355 ἕτερον
956 2272 992 2334 δέ
1015 2270 1149 2358 ζωγρείηι

8 2363 246 2451 λθέλήφθησαν,
267 2365 300 2432 ct
322 2371 357 2434 δέ
380 2375 612 2456 περισωθέντες
633 2373 677 2458 epi
698 2359 786 2436 άστει
806 2373 861 2456 τῆς
880 2371 1062 2455 Μελιτηνῆς
1077 2370 1149 2436 άνε-

48 2465 211 2552 σάθησαν.
256 2471 549 2559 περτφρονὴσαντες
579 2473 614 2536 δὲ
635 2468 759 2538 τοότων
787 2469 816 2536 οἱ
841 2472 1003 2556 βάρβαροι
1024 2465 1067 2546 τός
1088 2459 1150 2555 ἤδη

47 2574 336 2656 καταστραφέντων
356 2576 412 2639 καί
438 2577 819 2662 καταυτρατηγηθέντων,
842 2571 1022 2660 όλοσχεροός
1042 2568 1151 2656 §8¹95-

118 2759 405 2898 ιλὲηέὶηξρτυνηοιντυν
426 2760 477 2827 0„
556 2760 598 2816 l'l.
618 2765 748 2817 μαλιστα
765 2779 862 2824 τανυς
878 2775 922 2815 orn
943 2775 969 2828 e,
986 2759 1086 2816 addidit
1102 2758 1148 2812 in.

46 2977 206 3046 splendebat
232 2987 342 3048 propter
368 2981 493 3034 virtutem
518 2987 545 3034 et
568 2981 611 3034 dei
629 2981 762 3033 timorem.
800 2987 881 3046 atque
899 2986 1043 3046 propterea
1061 2979 1148 3046 patri.

46 3049 129 3102 archa
148 3057 252 3102 mortuo
273 3059 300 3102 et
316 3051 406 3105 multis
427 3053 572 3122 exploratis
589 3065 667 3103 nemo
687 3053 784 3118 dignus
801 3056 908 3116 praeter
927 3065 986 3103 euru
1005 3047 1148 3100 hocbabi.

44 3129 86 3173 tus
116 3128 159 3174 est
182 3123 283 3190 gradun
311 3130 337 3174 et
363 3139 490 3177 recusans
515 3123 615 3188 petitus
643 3129 684 3173 est
707 3121 741 3172 ab
759 3119 863 3187 bonore
883 3127 910 3171 et
928 3118 1018 3171 lumen
1036 3133 1149 3188 magnae

47 3193 185 3245 ecclesiae
208 3200 234 3245 et
252 3194 403 3262 patriarcba
422 3193 611 3244 oecumenicus
631 3192 715 3244 lactus
736 3198 785 3242 est.
853 3256 854 3259 η

150 3280 228 3350 Rege
246 3291 351 3335 mortuo
372 3295 463 3333 rursus
473 3279 562 3331 Hunni
582 3283 712 3333 orientem
732 3286 919 3346 percursantes
938 3278 1168 3344 circellesopo-x

45 3353 155 3404 lamiam
174 3352 308 3406 instabant
319 3353 428 3405 Graecis
448 3351 584 3416 ordinibus
604 3353 648 3421 qui
659 3353 731 3404 circa
741 3349 886 3403 Melitenen
906 3348 1143 3403 castrartenebant:

47 3425 90 3491 qui
110 3423 220 3492 quidem
240 3430 388 3476 commeatu
407 3422 548 3473 deficiente
568 3431 679 3492 egentes
700 3429 777 3475 eraut
794 3430 822 3474 et
839 3430 934 3474 tenues
946 3422 1044 3473 etirati
1061 3433 1147 3487 prop.

46 3503 85 3544 tcr
104 3495 243 3561 inopiam,
271 3509 359 3561 neque
379 3509 436 3546 cum
455 3494 584 3546 militibus
604 3497 631 3545 in
650 3494 841 3560 Mesopotamia
860 3493 1012 3545 constitutis
1039 3490 1147 3543 Graecis

47 3566 177 3635 congredi
199 3573 362 3631 potuerunt,
389 3580 448 3616 curn
466 3564 572 3617 nollent
589 3565 750 3633 Euphratem
781 3565 904 3616 transire.
942 3560 1147 3616 advenientibus

46 3637 128 3706 igitur
157 3635 277 3688 barbaris
303 3643 351 3703 per
369 3635 478 3689 durium
498 3653 528 3688 se
548 3645 730 3703 opposuerunt
749 3636 776 3687 bi
795 3635 908 3703 dispersi
928 3635 956 3685 in
975 3632 1051 3685 sadis
1078 3632 1146 3682 eius.

47 3717 126 3777 atque
155 3706 262 3758 barbari
287 3709 391 3776 quidem
420 3711 465 3777 qui
485 3709 587 3762 eminus
606 3707 717 3760 iaculari
737 3715 861 3775 poterant
879 3705 960 3757 facile
979 3717 1025 3754 eos
1045 3702 1146 3754 eminus

47 3778 235 3843 vulnerabant,
250 3779 418 3846 impatientes
433 3781 485 3847 ipsi
499 3788 645 3844 manentes,
665 3778 751 3830 donec
770 3783 900 3845 cogerent
911 3775 970 3838 bos,
990 3781 1019 3825 ut
1037 3772 1146 3825 buvium

47 3851 252 3920 ingrederentur
264 3859 290 3902 et
300 3867 414 3920 pugnam
429 3859 612 3904 consererent.
634 3857 660 3901 et
673 3864 765 3901 rursus
775 3850 820 3916 qui
831 3848 896 3913 ripis
906 3845 1048 3910 instabant,
1061 3845 1146 3899 Grae.

48 3938 92 3976 cos
111 3922 241 3990 petebant
259 3922 355 3975 iaculis
375 3932 401 3974 et
420 3922 498 3975 valde
516 3922 586 3974 male
602 3920 750 3987 tractabant
771 3927 797 3970 et
815 3926 891 3986 terga
904 3926 1042 3970 verterent
1061 3933 1146 3985 coge.

46 3991 118 4046 bant.
147 4002 174 4047 et
193 3994 257 4063 luga
277 3994 347 4045 lacta
367 3996 522 4046 cecideruut
539 3993 615 4045 multi
635 3993 806 4054 Graecorum,
826 3988 872 4040 alii
890 3998 977 4042 autem
995 3990 1053 4042 vivi
1074 3989 1146 4054 capti

46 4074 116 4132 sunt,
133 4067 232 4118 servati
246 4075 334 4119 autem
343 4065 487 4120 Melitenen
500 4066 592 4117 urbem
608 4064 766 4132 effugerunt.
782 4069 981 4113 contemnentes
996 4069 1084 4111 autem
1097 4058 1146 4108 hos

44 4134 151 4190 barbari
166 4145 195 4190 ut
212 4139 263 4190 iam
277 4153 371 4191 uersos
397 4147 423 4190 et
443 4139 562 4190 artificiis
585 4134 653 4188 belli
676 4135 813 4198 devictos,
833 4148 940 4200 prorsus
960 4131 1146 4183 excursionem

46 4207 149 4264 iaciunt
166 4225 251 4278 usque
268 4210 301 4262 ad
314 4209 481 4276 caesaream,
502 4208 650 4277 spoliantes
664 4207 753 4260 omnia
770 4212 797 4257 et
814 4205 992 4268 destruentes,
1012 4209 1039 4252 et
1055 4200 1146 4269 ignens

918 4300 922 4321 Ι
