2875 4734
580 209 789 280 HISTORIA.
1160 215 1231 298 117

117 379 225 454 ,Αζάς
259 378 333 456 μεθ’
365 368 437 458 όλης
462 377 517 459 τῆς
536 373 689 457 στρατιάς
719 379 775 440 καί
795 379 852 459 τῆς
880 377 1060 460 ἀποσκευῆς
1080 381 1232 463 προσηνέ-

128 480 206 560 χθή,
227 471 402 556 μανθάνων
424 473 510 558 παρά
533 477 626 538 τινοῖν
648 469 698 540 ότι
723 469 861 560 εόυδρός
890 480 974 541 ἐστιν
996 475 1013 538 e‘
1035 472 1132 551 τόπος
1149 471 1233 542 daed-¹
1266 553 1273 559 .

130 575 259 653 νοςκαί
279 571 388 650 ἱκανός
408 583 556 660 χορηγεῖν
584 577 722 666 τοσοότιρ
745 578 950 665 στρατοπέδῳ
982 579 1154 658 δαφιλειαν
1172 580 1232 642 τοῦ

129 672 335 761 δδρεόεσθαι.
387 675 430 751 ὥς
458 678 492 740 δέ
524 679 731 760 προσεγγίσας
760 677 846 766 edepl
876 680 950 742 eddi
981 682 1054 742 καθ’
1083 677 1232 761 ἡμίσειαν

100 774 222 854 ὀτόξου
241 773 339 859 βολήν
361 772 577 856 ἐρυμνότατον
597 799 631 839 τε
656 769 748 857 εἶδεν,
774 778 825 842 ἐπ’
847 777 1027 862 ἀκρωρείας
1047 781 1104 842 τοῦ
1125 775 1249 862 λόφου

127 869 296 955 ἱστάμενον
327 876 382 937 ναί
416 878 535 957 τείχεσι
566 876 688 950 διπλοῖς
727 878 976 959 περιεζωσμένον
1012 879 1067 940 καί
1098 879 1230 960 πέτραις
1239 881 1258 936 l.
1274 882 1325 939 190
1334 895 1364 938 v.

126 970 233 1058 ὥσπερ
261 972 492 1060 χειροποιήτοις
523 980 769 1061 χεχομφιομένον
798 976 854 1040 καί
884 980 1007 1062 λιθίνην
1035 976 1090 1062 τήν
1112 970 1228 1042 άνοδον

125 1071 204 1156 πρὸς
224 1070 281 1158 τήν
303 1071 403 1159 πάλην
427 1071 676 1160 ἀποφερόμενον,
697 1073 812 1160 μικρόν
831 1101 865 1140 τε
884 1073 971 1161 ὕδωρ
995 1077 1152 1163 ἀπορρέον
1174 1079 1227 1142 ἐκ-

124 1179 213 1239 εῖθεν
233 1173 287 1239 καί
306 1172 351 1258 μή
375 1172 550 1254 δυνάμενον
572 1171 647 1240 ὅσον
668 1175 747 1260 πρός
759 1175 924 1259 χιλιοσιόν
942 1181 1040 1260 μέρος
1054 1182 1114 1242 τοῦ
1127 1204 1228 1263 σιρα-

3 1261 6 1282 ⁸
78 1275 185 1340 1010&
209 1278 359 1362 ἐξαρκεῖν,
376 1280 502 1360 ἀπέγνω
526 1273 582 1361 τήν
603 1281 703 1342 ἐκεῖσε
731 1278 996 1365 στρατοπεδειάνχ
1012 1279 1066 1343 καί
1088 1278 1229 1358 α’ναζεό-

124 1381 179 1455 ξας
201 1375 322 1442 ἐκεῖθεν
342 1379 386 1454 είς
407 1376 501 1441 τόπον
518 1378 653 1462 ἐπήξατο
668 1378 951 1464 τήνπαρεμβολήν,
974 1377 1053 1443 ἔνθα
1077 1377 1111 1444 τό
1135 1376 1225 1465 δ’δανρ

123 1479 348 1563 ἀφθονώτερον
379 1477 457 1560 ἔρια.
510 1479 723 1565 διασιωπήσας
744 1473 802 1543 οὖν
824 1480 867 1555 ὥς
902 1479 961 1543 ουίι
983 1475 1117 1546 εόθετόν
1141 1486 1226 1547 ἐστιν

121 1581 158 1644 έν
188 1576 400 1663 διαστήματος
433 1582 584 1646 τοσούτου
619 1585 785 1666 προσιέναι
816 1586 856 1670 τῇ
885 1579 973 1646 πόλει
1003 1582 1059 1646 καί
1078 1579 1226 1666 μηχανάς

120 1681 292 1765 ἐφιστάναι
314 1681 463 1766 (φθάνειν
485 1679 547 1765 γάρ
571 1679 626 1764 τήν
647 1673 755 1760 νύκτα,
778 1682 832 1746 καί
851 1687 980 1747 δεῖσθαι
1008 1684 1225 1766 μιταιιομιδῆς

74 1779 228 1843 15αάτοόν
245 1781 288 1852 εἰς
311 1780 367 1843 τόν
391 1777 544 1865 χάρακα,
576 1780 627 1845 ῖνα
658 1779 702 1867 μή
733 1786 934 1866 πυρίκαυστα
966 1790 1030 1856 τοῖς
1062 1786 1224 1861 πολεμίοις

119 1875 276 1960 ἱστάμενα
309 1885 480 1968 γίνοιντο),
508 1878 562 1946 τόν
585 1905 616 1946 τε
637 1886 782 1965 χειμοόνα
811 1886 885 1966 περί
917 1881 1023 1964 ἀκμήν
1049 1877 1223 1964 ἐρχόμενον
1282 1963 1293 1970 ,

119 1979 270 2064 καθοροόν
291 1982 346 2044 καί
368 1979 442 2058 νοός
475 1986 635 2058 ἐναντίους
663 1986 931 2067 περικεχυμένους
957 1977 1010 2045 ἀεί
1040 1985 1084 2068 τῷ
1105 1977 1223 2064 θάρρει

117 2083 171 2164 τής
192 2084 256 2145 τῶν
278 2074 381 2148 ῖπίτιον
414 2086 446 2148 ἐν
476 2088 520 2172 τῷ
538 2091 608 2150 θεῖν
631 2085 756 2170 ἀρετῆς,
779 2084 918 2158 ἀναστάς
948 2081 1069 2149 ἐκεῖθεν
1093 2076 1222 2166 ὥρμησε
1294 2130 1297 2133 -

117 2182 199 2266 πρὸς
227 2183 264 2248 τά
289 2185 343 2268 τής
371 2185 581 2261 Αάσονίτιδος
603 2179 685 2267 όρια.
736 2189 791 2249 καί
818 2183 1023 2270 πυρπολήσας
1052 2181 1170 2265 χωρίον
1190 2203 1223 2240 τι

3 2301 5 2303 ·
70 2288 267 2368 2ομέγιστον
299 2284 420 2367 Κάτμα
446 2282 631 2368 λεγόμενον,
653 2289 695 2374 τῷ
716 2287 824 2372 ἀμηρᾴ
851 2290 907 2350 τοῦ
930 2282 1045 2349 Χάλεπ
1067 2286 1222 2366 ἀφωσιιο·
1279 2299 1287 2316 ·

116 2389 214 2468 μένον
235 2387 269 2450 ἐκ
290 2387 447 2468 παλαιοῦ,
472 2387 518 2460 εἰς
540 2384 647 2470 ἕτερον
665 2391 787 2471 χωρίον
813 2389 965 2450 κατέλυσε
992 2386 1141 2468 Τερχαλά
1162 2407 1222 2448 ιια-

116 2482 381 2568 εονομοζόμενον,
405 2485 483 2552 ἔνθα
504 2493 693 2571 κοπτομένου
715 2491 773 2552 τοῦ
795 2489 946 2573 χάρακος,
968 2489 1024 2551 καί
1046 2486 1103 2549 τοῦ
1122 2489 1221 2567 βασι-

116 2589 197 2661 λέως
230 2587 277 2651 ἐπ’
300 2580 400 2673 ὄχθης
422 2586 591 2671 ἱσταμένου
614 2586 694 2656 κατά
727 2587 761 2654 τό
783 2584 905 2670 δεξιόν,
927 2590 983 2652 καί
1003 2588 1220 2671 προασπιζου.

113 2909 204 2964 pugna
223 2895 333 2946 vincens
352 2911 442 2949 rursus
462 2897 563 2962 hostes,
583 2897 615 2950 ad
638 2897 777 2951 castellnm
795 2901 869 2951 Azan
890 2913 949 2948 cum
968 2905 1024 2949 ιοιο
1046 2899 1164 2948 exercitu
1192 2906 1219 2950 el

112 2965 310 3032 impedimentis
330 2970 452 3034 accessit,
475 2971 584 3022 audiens
604 2986 619 3020 a
646 2967 810 3037 quibusdam,
831 2971 987 3018 instructum
1007 2982 1075 3034 aqua
1094 2982 1154 3018 esse
1172 2967 1218 3018 lo.

113 3053 173 3088 cum
192 3037 268 3088 illum
289 3046 315 3089 el
334 3041 459 3092 sulficere
477 3042 509 3091 sd
529 3040 722 3092 conciliandam
741 3045 814 3087 tanto
834 3039 963 3088 exercitui
983 3038 1085 3102 copiam
1110 3052 1217 3102 aquae:

112 3124 173 3160 cum
193 3116 279 3160 aulem
299 3113 514 3177 appropinquans
534 3111 559 3158 ei
576 3109 663 3159 ne-ad
682 3107 817 3157 dimidium
837 3107 942 3174 quidem
970 3122 1047 3158 arcus
1075 3107 1173 3156 iactum
1192 3115 1219 3157 et

110 3180 288 3232 firmissimum
307 3183 411 3233 uideret
432 3194 490 3228 eum
510 3181 538 3228 in
569 3179 647 3230 collis
672 3179 776 3229 verlice
804 3179 880 3229 situm
909 3186 936 3228 et
960 3178 1041 3228 muris
1067 3175 1218 3243 duplicibus

111 3252 229 3302 cinctum
250 3260 276 3302 et
290 3231 365 3305 'saxis
385 3249 461 3318 qnasi
483 3263 560 3300 manu
581 3251 657 3302 factis
676 3252 804 3314 iunctum,
815 3258 842 3300 et
855 3250 994 3301 ducentem
1005 3249 1136 3315 lapideam
1147 3249 1217 3300 viam

109 3323 145 3373 ad
164 3330 284 3388 portam,
305 3330 543 3388 ceparum‘aqnae
562 3322 623 3392 inde
644 3321 758 3387 elduere
785 3336 874 3388 neque
903 3332 986 3388 posse·
1011 3321 1137 3373 sulficere
1165 3320 1212 3373 vel

108 3391 270 3458 millesimae
293 3393 425 3444 exercilus
444 3393 522 3460 parii,
543 3397 631 3446 omisit
650 3394 686 3445 ibi
698 3392 1134 3460 commorationem:elprolectus
1151 3392 1215 3442 inde
1267 3441 1273 3451 s

108 3464 144 3515 ad
162 3463 250 3514 locum
269 3465 359 3530 posuit
378 3471 481 3527 castra,
500 3464 546 3515 ubi
567 3481 635 3534 aqua
655 3467 791 3533 copiosius
816 3464 923 3516 fluebat.
967 3477 1134 3532 cognoscens
1158 3462 1215 3528 igi.

107 3546 163 3598 tur,
186 3549 240 3584 non
261 3549 319 3586 esse
339 3542 516 3601 opportunum
536 3554 569 3588 ex
587 3536 732 3590 intervallo
754 3545 827 3588 tanto
853 3537 982 3602 accedere
1007 3534 1039 3584 ad
1066 3532 1158 3583 urbem
1188 3538 1215 3582 ει

106 3603 405 3671 machinasopponcre
424 3639 457 3648 -
476 3611 652 3675 supervenire
675 3610 745 3660 enlm
761 3615 868 3658 noctem
894 3616 921 3658 et
943 3608 1010 3671 opus
1041 3617 1101 3655 esse
1128 3602 1213 3652 addus

108 3691 174 3728 cere
195 3689 241 3725 eos
261 3677 292 3727 ad
311 3677 420 3742 uallum,
440 3695 474 3730 ne
493 3680 699 3732 incenderentur
725 3678 844 3730 hostibus
871 3677 1019 3743 expositae,
1047 3681 1075 3724 et
1099 3673 1212 3724 hiemem

108 3747 265 3800 acerrimum
284 3749 470 3800 advenientem
491 3751 585 3804 videus
606 3759 632 3802 et
651 3752 742 3802 hostes
763 3752 864 3801 cinctos
885 3762 989 3814 semper
1008 3745 1104 3798 fiducia
1124 3745 1212 3796 virtu.

107 3821 144 3870 lis
156 3819 323 3870 incurrendo
336 3835 471 3888 equorum,
491 3837 602 3891 surgens
618 3823 678 3873 iude
692 3821 828 3888 proiectus
844 3828 893 3882 cst,
911 3820 943 3871 ad
953 3818 1117 3870 Ausonilidis
1127 3818 1210 3868 lines:

109 3897 138 3940 el
155 3890 218 3956 igne
238 3890 378 3943 devastans
398 3891 485 3944 locum
511 3893 639 3962 quendam
659 3892 808 3954 maximum,
828 3888 918 3943 calma
937 3891 1043 3953 dictum,
1063 3891 1108 3956 qui
1127 3888 1211 3939 Ame-

107 3975 154 4010 rae
176 3959 288 4028 Ghalepi
308 3962 441 4013 dedicatus
461 3974 517 4016 aral
537 3982 570 4016 ex
590 3968 699 4034 antiquo
728 3976 865 4034 tempore,
890 3968 1022 4020 adolium
1048 3967 1137 4018 locum
1163 3979 1210 4014 se.

109 4033 191 4082 cessit
209 4031 337 4082 lerchala
355 4035 537 4101 nominatum,
557 4037 602 4088 ubi
625 4038 683 4088 dum
704 4037 944 4092 conditur,vallum
964 4047 992 4091 cl
1008 4055 1057 4091 rex
1083 4039 1110 4084 in
1137 4032 1209 4088 colla

110 4108 162 4152 stat
180 4103 208 4152 in
226 4103 319 4155 dextro
339 4119 421 4156 cornu
440 4115 468 4157 el
487 4108 519 4158 ad
537 4108 721 4160 defensionem
735 4110 829 4162 adsunt
838 4111 950 4163 militurn
961 4110 1066 4162 ordines
1084 4134 1118 4148 --
1140 4118 1208 4160 0⁰11-
