2875 4734
220 283 271 362 4ο
421 306 427 314 ’
512 289 731 360 urcusnms
762 288 1021 396 ammonis

220 451 339 530 αύτούς
367 455 413 530 σός
440 450 649 538 αἱρετώτερον
677 451 746 536 ε”χει
775 457 893 519 θᾶττον
921 450 1068 519 ἁπάντων
1100 445 1323 538 ὁποδαπὴ-ἢ

25 619 33 632 ,
76 553 409 638 susspiciosum
439 552 494 638 την
519 552 689 636 ὁμολογίαν
709 560 764 638 της
782 555 852 632 μετ’
883 553 988 619 adron
1007 556 1144 637 στερροῖς
1164 553 1322 635 διαμονῆς
1423 601 1424 654 p

217 656 273 720 καί
292 648 473 739 ἀθλήσεως,
503 654 631 728 οἰκείαις
656 656 692 719 δέ
712 656 809 736 χερσί
836 653 910 729 τούς
935 652 1035 729 πόδας
1061 647 1229 733 ἀποτέμνει
1258 655 1321 718 τεόν
1423 660 1424 665 ’

217 753 329 836 ἳππων,
350 756 403 819 καί
420 758 519 838 μέχρι
539 756 648 830 τέλους
672 756 894 837 ἀγωνίσασθαι
912 751 967 818 τόν
989 754 1064 838 περί
1074 755 1191 838 ’ψυχῆς
1211 754 1320 835 dyona

217 858 295 920 πόσι
320 853 599 939 κατεπηγγείλατο,
632 853 688 918 καί
713 862 778 928 τοῖς
798 852 1043 935 πολεμιωτάτοις
1065 854 1246 934 δμύνεσδοιι
1265 851 1346 918 καί5
1424 936 1425 949 ¹

215 953 260 1038 μη
284 957 494 1039 διαρραγῆναι
525 958 581 1039 τῆς
604 956 756 1031 συνοδίας
778 958 888 1019 αδτοό.
943 952 974 1019 οῖ
994 956 1031 1018 δέ
1053 953 1090 1020 τό
1110 953 1234 1038 θύρσος
1254 948 1320 1018 αύ-

216 1059 274 1119 τού
300 1059 355 1120 καί
381 1054 493 1138 τὸτῆς
519 1054 664 1139 εύγενοός
693 1057 828 1138 α’νδρίας
849 1051 1014 1140 όπερφοὲς
1039 1055 1242 1138 α’γαοθέντες,
1265 1052 1321 1118 καὶ

216 1151 271 1239 τόν
290 1159 345 1239 τῆς
364 1154 488 1240 ’γνιόμης
510 1152 669 1240 εέδύτητα
692 1158 747 1221 καί
769 1155 826 1238 τὴν
847 1149 929 1239 όγσν
959 1151 1129 1234 εύτολμίσν
1150 1157 1206 1218 καί
1222 1176 1321 1238 στερ-
1425 1186 1426 1243 3

216 1252 353 1340 ροτότην
379 1258 484 1320 πίστιν
513 1252 724 1341 ἐκπληκτικῶς
759 1257 999 1339 ἐπαινέσαντες,
1030 1256 1194 1328 εύέλπιδες
1211 1245 1319 1330 ’ὄντας

215 1357 362 1441 γεγόνασι
391 1358 447 1422 τοῦ
466 1359 565 1439 μηδέν
588 1380 620 1419 τι
648 1361 765 1421 παθεῖν
795 1346 988 1440 drinaum,
1019 1358 1160 1421 τοιοῦτον
1180 1352 1320 1440 ἅρχηγόν
1329 1362 1364 1415 10

215 1459 400 1541 κεκτημένοι
422 1458 476 1520 καί
495 1459 551 1521 τού
574 1460 712 1536 πολέμου
736 1458 864 1539 καὶτῆς
887 1455 966 1523 deod
987 1453 1234 1539 προεξόρχοντα.
1266 1451 1320 1517 έκ-

215 1577 283 1622 τοτε
304 1547 361 1620 ούν
383 1557 436 1621 ἐπὶ
460 1557 548 1621 έννέα
576 1555 699 1638 ἡμέρας
721 1554 775 1619 καί
796 1552 949 1630 τοσαύτας
973 1552 1087 1628 νύκτας
1117 1553 1155 1616 ού
1178 1555 1321 1618 διέλιπον

216 1651 246 1719 οἱ
266 1658 411 1735 πολέμιοι
446 1655 705 1738 περιιππεύοντες
736 1653 855 1730 αύτούς
889 1659 945 1718 καί
974 1656 1245 1751 καθολακτούντες
1266 1657 1321 1717 καί

172 1799 177 1810 1
215 1755 315 1832 τόξοις
336 1753 514 1836 βάλλοντες.
568 1751 598 1818 οῖ
626 1758 662 1820 δὲ
684 1755 741 1834 τός
764 1758 902 1831 α’σπίδας
934 1759 1148 1839 προτείνοντες
1171 1755 1319 1836 ἐδέχοντο

215 1857 275 1934 μέν
295 1852 331 1918 τό
358 1857 435 1940 βέλη
456 1847 576 1920 τούτων
600 1855 654 1920 καί
672 1855 900 1941 α’πεκρούοντο,
923 1854 1071 1938 ἐχόμενοι
1100 1857 1135 1918 δὲ
1164 1857 1220 1937 τῆς
1241 1849 1320 1917 όδού
1328 1861 1363 1913 15

216 1955 249 2020 εἴ
266 1978 352 2030 τινας
374 1947 468 2039 εύρον
489 1953 616 2039 έγγιστα
638 1955 761 2034 τούτοις
785 1956 1076 2040 παραπελόζοντας,
1098 1949 1320 2037 στερροτέραις
1417 1952 1422 1962 ’

216 2052 300 2138 πάνυ
322 2052 514 2121 κατεπόνουν
535 2063 677 2142 πληγαῖς.
701 2058 757 2122 καί
776 2061 928 2141 περιέστη
948 2061 990 2144 τῷ
1019 2052 1216 2142 Βοτανειότη
1236 2049 1316 2135 μετὰ
1428 2068 1429 2135 ᾗ

212 2158 279 2220 τῶν
299 2155 382 2242 ἀμφ’
415 2155 515 2222 αύτόν
545 2157 561 2220 ό
589 2163 648 2223 τού
676 2163 814 2240 πολέμου
843 2156 898 2221 καί
925 2159 980 2239 τῆς
1007 2157 1091 2219 όποῦ
1111 2153 1253 2234 κύματος
1273 2153 1319 2226 εἰς
1428 2152 1429 2159 '

171 2248 177 2260 ’
218 2253 294 2332 δλας
316 2256 437 2342 ἡμέρας
461 2260 571 2322 ἕνδεκα
593 2263 648 2323 καί
667 2261 783 2335 νύκτας
805 2259 893 2340 ἴσος,
916 2259 1046 2341 πρᾶγμα
1067 2257 1146 2339 μήτε
1168 2261 1234 2330 τοῖς
1253 2277 1317 2317 πα-

217 2363 319 2432 λαιοῖς
338 2355 466 2434 ἐκείνοις
487 2356 543 2423 καί
560 2360 727 2448 ᾀδομένοις
748 2363 795 2434 είς
822 2359 953 2440 ἀνδρίας
972 2356 1118 2422 έπίτασιν
1137 2353 1216 2437 μήτε
1236 2358 1363 2432 νέοιςγο

216 2454 249 2522 ἕν
272 2482 305 2523 τε
322 2457 493 2540 Ῥωμαίοις
522 2464 577 2522 κατ’
596 2464 743 2543 Πέρσαις
764 2458 818 2522 κατ’
844 2462 965 2533 λοιποῖς
985 2456 1090 2522 ἔθνεσι
1111 2457 1317 2539 κατορθαθέν
1429 2495 1431 2507 ι

215 2578 251 2622 τε
274 2559 330 2622 καί
350 2562 519 2642 τολμηθέν.
572 2558 589 2624 ό
610 2559 669 2644 γὰρ
693 2555 830 2641 πόλεμος
853 2561 908 2624 καί
934 2559 1088 2641 ἡμίτομον
1109 2555 1231 2639 ἡμέραν
1252 2555 1317 2641 τινί

215 2658 462 2744 προσγενόμενος
483 2663 658 2746 παραλύειν
680 2654 765 2724 οἶδεν
785 2654 883 2725 σύτόν
902 2659 958 2725 καί
977 2659 1134 2725 α’νόλκιδσ
1152 2658 1315 2736 τίθεσθαι,

286 2808 365 2931 piton
382 2808 501 2866 adsciri
560 2800 564 2804 ’
608 2810 648 2864 18.
667 2826 701 2863 an
721 2811 814 2868 docos
837 2826 928 2893 υιετρο
946 2811 997 2867 soti
1013 2810 1112 2867 πόθου.
1150 2808 1219 2865 sidoni
1236 2807 1314 2861 stiam

288 2897 297 2930 1
330 2895 432 2948 erpses.
658 2897 661 2905 ‘
1161 2891 1167 2900 '

215 3046 266 3099 nis.
304 3045 420 3114 propriis
447 3052 534 3100 autem
552 3045 672 3099 manibus
698 3047 781 3114 pedes
809 3045 941 3098 abscindit
965 3059 1112 3115 equorum,
1141 3052 1211 3097 ctnt
1229 3059 1315 3112 usque

215 3118 248 3170 ad
270 3117 348 3170 finem
367 3117 461 3170 salutis
490 3126 623 3171 certamen
642 3127 778 3170 certarent
795 3118 915 3170 omnihus
934 3119 1117 3185 pronuntiavit
1137 3125 1164 3167 et
1182 3115 1314 3169 inimicis-

215 3189 288 3242 simis
307 3190 465 3241 resisterent
482 3204 554 3241 neve
576 3191 772 3255 dissiparentur
791 3190 823 3241 ab
840 3191 982 3241 coniuncto
998 3191 1095 3241 itinere
1115 3189 1181 3239 eius.
1220 3186 1248 3239 hi
1265 3203 1316 3240 au-

215 3267 269 3311 tem
287 3261 400 3311 animum
428 3261 485 3312 eius
513 3269 539 3311 et
563 3259 663 3312 nobilis
687 3262 794 3313 virtutis
818 3261 1024 3329 magnitudinem
1051 3260 1172 3312 admirati
1197 3267 1224 3310 et
1251 3273 1315 3310 scn-

215 3329 316 3382 tentiae
336 3329 533 3395 simplicitatem
545 3339 571 3382 et
589 3331 724 3398 ingentem
742 3334 984 3400 magnanimitatem
1002 3339 1029 3383 et
1047 3332 1220 3383 firmissimam
1237 3329 1316 3382 iidem

216 3408 327 3466 stupore
346 3399 485 3452 laudantes
505 3416 579 3468 spera
596 3402 693 3453 bonam
711 3418 808 3455 revera
827 3412 998 3470 acceperunt,
1016 3402 1084 3453 nihil
1103 3401 1221 3469 patiendi
1240 3401 1314 3452 into-

216 3470 340 3536 lerabile,
360 3487 418 3522 cum
437 3471 517 3523 talem
536 3472 628 3524 ducem
648 3473 823 3526 haberentet
841 3475 907 3526 beili
926 3483 953 3526 et
965 3475 1070 3526 itineris
1087 3474 1254 3542 prinoipem·
1283 3485 1317 3521 ex
1338 3506 1343 3521 .

217 3542 268 3596 hoo
299 3550 420 3610 tempore
444 3543 553 3596 circiter
582 3559 678 3596 novem
706 3546 763 3597 dios
789 3553 815 3596 et
842 3546 950 3598 totidem
978 3553 1071 3596 noctes
1096 3559 1151 3596 non
1177 3541 1317 3596 cessabant

217 3614 322 3666 hostes·
338 3615 488 3683 equitantes
507 3615 606 3666 circum
625 3631 671 3666 cos
691 3625 717 3668 et
736 3616 863 3668 latrantes
883 3625 910 3667 et
927 3614 1022 3668 iaculis
1043 3617 1180 3667 iacientes.
1219 3615 1248 3666 hi
1266 3629 1315 3664 an-

216 3695 270 3736 tem
297 3695 371 3738 scuta
395 3686 585 3754 protendentes
612 3687 780 3754 excipiebant
798 3688 885 3740 iacula
902 3688 995 3740 horum
1015 3696 1042 3738 et
1058 3686 1235 3754 repellebant.
1271 3693 1315 3734 te-

206 3755 298 3805 'nuees
318 3765 406 3808 autem
425 3759 486 3808 viae
506 3759 529 3809 si
549 3762 617 3824 'quos
636 3760 797 3812 inverterunt
816 3774 900 3826 prope
919 3759 960 3810 his
979 3760 1223 3832 appropinquantes
1247 3757 1316 3808 den.

217 3823 331 3878 sionibus
354 3828 461 3877 omnino
481 3842 526 3880 eos
547 3829 687 3881 domabant
706 3829 824 3881 ictibus:
846 3839 873 3880 et
891 3830 1007 3882 instabat
1024 3830 1159 3882 Botaniati
1179 3844 1238 3880 cum
1256 3827 1315 3880 eius

215 3893 344 3947 militibus
370 3895 436 3947 belli
464 3905 490 3948 et
507 3899 611 3952 itineris
638 3901 760 3970 fatigatio
783 3915 831 3966 per
858 3909 928 3954 totos
952 3901 1010 3953 dics
1037 3901 1160 3954 undecim
1179 3907 1206 3951 et
1221 3905 1316 3951 noctes

215 3967 342 4018 totidem:
362 3982 405 4018 res
428 3981 515 4035 neque
540 3971 677 4023 veteribus
701 3971 758 4023 illis
777 3981 804 4022 et
823 3971 965 4025 celebratis
987 3981 1096 4040 propter
1121 3971 1227 4024 virtutis
1249 3983 1315 4020 con-

215 4038 362 4089 tentionem
388 4052 478 4105 neque
503 4040 582 4092 novis
608 4042 677 4092 inter
706 4043 823 4095 Graecos
849 4051 876 4092 et
902 4041 997 4095 Persas
1025 4051 1052 4094 et
1076 4051 1182 4094 ceteros
1201 4039 1315 4108 populos

215 4117 366 4228 perpetrata
386 4117 413 4162 et
435 4118 573 4178 suscepta:
592 4094 692 4166 bellum
716 4115 786 4167 euim
815 4115 893 4166 etiam
919 4130 967 4183 per
994 4115 1129 4168 dimidium
1146 4115 1215 4167 diem
1233 4111 1315 4164 alicui

225 4184 315 4232 uetans
341 4179 451 4234 solvere
476 4182 528 4234 seit
553 4197 612 4234 eum
641 4189 667 4234 et
693 4184 953 4249 murmuratione,
979 4187 1130 4254 etquidem
1150 4182 1326 4252 equitantem,
