2875 4734
212 244 287 319 252
507 253 722 325 utculms
752 254 1011 327 lutmiorum

201 426 254 501 -οδς
277 428 312 493 δέ
332 426 383 493 τὸν
406 429 487 512 α’έρα
519 430 662 512 πλήττειν
685 429 786 509 λμόνον
814 431 986 509 ἐδείκνυτο,
1010 431 1064 494 καί
1080 419 1150 503 ὄνος
1172 420 1213 513 ἦν
1234 425 1315 514 πρδς

211 525 354 608 λογικοῦς
375 530 430 591 καί
457 529 596 615 λογισμῷ
620 533 773 612 κρείττονι
796 530 1147 612 κατεστρατηγημένους
1171 525 1340 611 α’γκιῦμε-’

210 648 280 705 νος,
311 627 388 715 α’ργῇ
410 626 470 693 καί
491 630 586 715 θυμῷ
609 626 665 712 τη“ν
689 628 801 713 ψυχὴν
824 632 1011 709 έκκανδείς,
1036 632 1091 692 καί
1110 626 1261 711 βακχικὸν
1281 654 1313 693 τι

210 724 265 812 καί
295 726 732 814 σιληνιακδνπεφρονηκάς,
754 732 825 813 ’πῦρ
848 731 945 811 ,ἐνῆκε
973 738 1042 804 ταῖς
1063 735 1313 815 παρακειμέναις

210 826 324 902 οἰκίαις
338 824 407 910 χοἷπδ
428 831 487 891 τοῦ
509 828 599 911 ἁγίου
622 827 885 913 Παντελεήμονος
906 832 1002 913 μέχρι
1023 831 1086 894 τῶν
1112 828 1339 912 dadolenae-5

179 967 182 975 ‚
209 929 396 1008 νανμεριῦν
427 933 483 993 τοῦ
504 933 629 993 Στενοῦ.
684 932 740 992 καί
761 930 781 1012 ἦ
801 928 881 1015 φλὸξ
906 932 1043 1014 α’ρβεῖσα
1067 929 1172 1005 πάσας
1194 929 1311 1013 σχεδδν

210 1025 268 1100 τὰς
296 1030 397 1104 οἰκίας
431 1027 518 1113 ,πλὴν
549 1028 660 1109 ὀλίγων
688 1027 963 1114 κατεδαπάνησεν,
984 1026 1026 1105 αἱς
1048 1033 1102 1093 καί
1125 1030 1311 1115 εῦκτηριόυς

211 1122 316 1201 οἴκους
338 1131 393 1191 καί
411 1136 610 1213 περικαλλεῖς
630 1132 731 1206 οἰκίας
746 1133 801 1195 καί
821 1128 920 1206 ναοῦς
937 1129 1112 1215 ἐπισήμους
1135 1132 1235 1214 πυρὸς
1257 1148 1313 1213 γε-’

210 1228 324 1289 νέσθαι
348 1231 523 1310 θεομισοῦς
545 1230 776 1314 παρανάλωμα.
820 1235 874 1295 καί
894 1230 1016 1312 μάλλον
1033 1231 1099 1295 τιῦν
1114 1232 1307 1310 Ἰουδαϊκῶν,

211 1322 266 1388 διδ
288 1324 323 1389 τέ
348 1330 454 1407 ξύλοις
478 1335 690 1416 κατηρτίσθαι
711 1329 831 1417 πάσας,
863 1331 1153 1415 οῦδεμιά,διέφυγε
1176 1327 1233 1413 τήν
1253 1332 1311 1395 τοῦ
1322 1344 1356 1397 10

211 1424 313 1509 πυρδς
341 1426 454 1515 ἐρωήν.
505 1431 596 1519 ἐῴκει
629 1433 664 1496 δέ
695 1424 785 1506 οὗτος
811 1434 856 1521 sp?
887 1434 1033 1513 μέλλοντι
1053 1432 1114 1511 μέν
1135 1430 1310 1511 ἀποσβέσαι

211 1529 287 1612 πῦρ,
306 1532 403 1620 ἐλαίην
439 1536 475 1598 δὲ
498 1534 565 1596 κατ’
586 1534 686 1596 αὐτοῦ
713 1538 868 1621 χρωμένῳ
892 1535 948 1596 καί
972 1530 1031 1615 την
1051 1530 1145 1614 ἰσχῦν
1165 1528 1312 1596 ἐντεῦθεν

210 1632 319 1707 μεῖζον
346 1634 524 1715 ἐπαίροντι·
576 1634 750 1711 μισοῦντας
785 1632 847 1715 γάρ
878 1634 977 1698 αῦτόν
1006 1633 1082 1707 τοῦς
1110 1632 1314 1705 πολίταςκαὶ

210 1724 268 1793 τὸν
286 1728 401 1794 τοῦτου
427 1729 638 1819 αδτάδελφον,
660 1736 705 1807 εἰς
728 1738 951 1815 πλείον’μϊσος
978 1736 1015 1797 ’ἐκ
1035 1736 1089 1815 τῆς
1110 1731 1312 1815 α’τοποιτάτης

210 1826 344 1912 η’ρέδιοε
366 1829 519 1915 πράξειας.
543 1832 607 1909 ¹'ado
627 1836 657 1898 δ’
678 1832 759 1917 ἔγνω
780 1829 896 1898 ἑαυτὸν
926 1834 1027 1918 μάτην
1049 1836 1104 1899 ἐπί
1123 1840 1228 1907 κακοῖς
1251 1834 1312 1895 αδ-
1323 1853 1356 1904 15

209 1924 374 2009 λιζάμενον
397 1936 453 1996 καί
474 1929 626 2010 διαύλους
644 1932 763 2018 σκηνάς
785 1931 1007 2017 ἐργαζόμενον,
1031 1937 1087 1998 καί
1109 1936 1152 2021 τῷ
1175 1934 1311 2016 χειμιῦνι

210 2029 319 2103 δεινῶς
340 2031 421 2110 μετά
432 2036 496 2097 σῦν
516 2038 818 2120 συστρατευομένων
841 2036 928 2123 adsui
950 2036 1143 2118 πιεζόμενον,
1166 2031 1310 2117 ἀναστή-

209 2152 268 2203 σας
296 2125 353 2215 nb
384 2132 537 2217 στρατιάν
567 2135 646 2218 πρὸς
679 2130 820 2217 ἑσπέραν
850 2130 989 2215 ἐβάδιζε.
1040 2137 1096 2198 καί
1124 2129 1222 2207 αῦτὸς
1250 2136 1310 2215 μὲν

160 2312 163 2316 1
207 2226 268 2293 σῦν
289 2230 364 2295 δυσί
385 2231 601 2317 παρατάξεσιν
622 2236 669 2310 εἰς
690 2235 726 2297 sd
748 2238 806 2297 τοῦ
825 2230 1134 2318 Ἀδῦραπολιγνιον
1158 2228 1309 2316 κατεσκή-

206 2354 299 2411 νωσε,
320 2328 356 2394 so*
379 2335 415 2397 δέ
436 2333 545 2408 Ιλοιαδν
568 2338 688 2419 πλῆθος
710 2336 756 2409 εἰς
776 2334 1041 2418 παραχειμασίαν
1063 2335 1222 2399 διέδωκεν.
1318 2346 1354 2400 20

282 2434 381 2513 ’Ὀψὲ
402 2434 439 2497 δὲ
470 2433 525 2499 καί
546 2436 691 2519 βραδέως
724 2430 740 2495 ὃ
767 2432 919 2516 βασιλεῦς
941 2430 1124 2517 ἐπεμνήσθη
1145 2433 1199 2495 τοῦ
1214 2430 1310 2495 Ῥου-

206 2533 313 2595 σελίου
337 2532 393 2597 καί
412 2537 469 2617 τῆς
489 2534 589 2597 αῦτοῦ
608 2534 843 2618 γενναιότητος,
864 2529 1006 2613 πάματον
1028 2526 1092 2615 ἄρα
1107 2533 1169 2603 ,καί
1189 2528 1308 2616 ἔξωρον

205 2628 240 2695 τὸ
259 2634 445 2713 λυσιτελοῦν
466 2634 735 2721 προστησάμενος.
789 2630 952 2718 ἔχωνγὰρ
978 2630 1076 2697 αῦτόν
1097 2634 1131 2695 ἐν
1152 2656 1306 2717 παραφυ-

206 2920 294 2975 solum
313 2932 455 2990 appareret
472 2930 500 2975 et
521 2924 610 2975 asinus
633 2930 704 2977 esset
723 2925 851 2977 adversus
869 2922 974 2975 ratione
993 2923 1127 2990 praeditos
1148 2929 1175 2973 et
1188 2922 1307 2973 'ratioci-

205 2994 316 3045 natione
333 2995 448 3047 meliore
467 2996 560 3047 duetus
578 2996 694 3059 rudens,
714 2998 754 3047 ira
781 3003 807 3046 et
825 2997 911 3046 animo
932 3002 1040 3047 exustus
1059 2995 1171 3045 animam
1192 3002 1218 3045 et
1236 2992 1307 3045 Bac.

205 3065 313 3116 charum
335 3074 362 3117 et
380 3066 531 3119 Silenorum
549 3068 612 3134 quid
632 3068 749 3132 spirans,
770 3068 860 3134 ignem
872 3067 967 3117 iniecit
985 3064 1167 3129 adiacentibus
1187 3064 1307 3116 domibus

206 3136 268 3187 inde
287 3152 303 3186 a
321 3136 348 3189 S.
369 3136 575 3189 Pantelcemone
594 3154 678 3206 usque
705 3141 802 3190 adeas
822 3154 890 3205 quae
910 3152 1012 3189 sursum
1041 3137 1201 3203 navigantur
1218 3144 1306 3203 partes

204 3210 402 3274 angustiarum:
422 3217 501 3276 atque
520 3206 621 3259 llamma
641 3211 756 3261 excitata
775 3225 866 3261 omnes
887 3208 943 3259 fere
964 3209 1054 3259 domus
1074 3208 1166 3274 paucis
1187 3207 1306 3271 exceptis

206 3280 362 3341 consumsit,
382 3279 420 3330 ita
437 3287 466 3329 ut
484 3280 562 3329 etiam
581 3280 682 3331 sacella
700 3279 824 3346 precibus
846 3279 974 3331 faciendis
999 3279 1129 3331 destinata
1147 3285 1175 3327 et
1192 3276 1305 3343 perpul-

205 3348 287 3399 chrae
307 3350 399 3401 domus
416 3358 442 3400 et
460 3350 558 3416 templa
576 3351 714 3417 praeclara
739 3352 810 3418 ignis
839 3352 935 3402 fierent
952 3350 1002 3399 deo
1021 3351 1103 3401 invisi
1123 3355 1242 3401 sumtus:
1262 3355 1306 3397 at-

205 3434 258 3487 que
277 3421 361 3489 magis
381 3437 414 3472 ex
432 3421 546 3474 Iudaicis
568 3423 631 3489 qnia
650 3436 742 3473 omnes
761 3422 842 3489 lignis
862 3428 937 3472 erant
965 3429 1129 3483 exstructae,
1154 3418 1228 3469 nulla
1253 3417 1305 3466 do.

205 3505 263 3543 mus
282 3490 377 3559 elingit
405 3494 475 3561 ignis
501 3494 636 3559 impetum.
685 3493 825 3544 videbatur
851 3501 937 3543 autem
966 3490 1009 3542 hic
1036 3493 1204 3558 exstinguere
1229 3485 1305 3540 velle

207 3564 315 3629 ignem,
341 3564 388 3615 sed
408 3564 470 3615 oleo
491 3571 583 3614 contra
603 3580 662 3618 eum
680 3579 744 3615 usus
775 3565 829 3614 vim
847 3564 908 3615 inde
927 3565 1054 3613 maiorem
1074 3563 1208 3615 excitare:
1229 3560 1305 3611 cives

205 3634 291 3695 enim,
311 3634 356 3701 qui
376 3650 436 3686 eum
465 3636 569 3686 eteius
598 3635 707 3686 fratrem
726 3635 851 3699 oderant,
878 3635 910 3685 ad
928 3636 1011 3685 maius
1031 3634 1119 3684 odium
1138 3632 1303 3697 ineptissimo

205 3704 333 3756 excitavit
350 3704 430 3756 lacto.
469 3721 527 3756 cum
548 3714 636 3757 autem
655 3705 836 3758 intellexisset
855 3721 885 3757 se
904 3705 1001 3756 frustra
1019 3706 1047 3755 in
1059 3702 1136 3755 malis
1156 3702 1258 3753 versari
1279 3708 1305 3750 et

203 3774 232 3824 in
257 3776 387 3841 angustiis
413 3778 527 3828 tentoria
554 3779 662 3841 lacere,
691 3786 716 3827 et
745 3774 845 3827 bieme*
867 3777 986 3842 graviter
1012 3790 1071 3825 cum
1094 3772 1222 3825 militibus
1249 3773 1303 3823 suis

203 3845 304 3911 premi,
334 3846 452 3899 exciteris
473 3850 618 3899 exercitum
642 3850 674 3899 ad
693 3848 860 3898 occidentem
889 3847 1052 3912 procedebat
1070 3854 1149 3912 atque
1168 3846 1226 3910 ipse
1246 3857 1303 3891 cum
1332 3848 1335 3858 '

204 3915 306 3968 duobus
325 3917 461 3969 ordinibus
479 3920 507 3970 in
526 3920 737 3986 oppidodtbyra
757 3926 842 3971 castra
854 3918 957 3984 posuit:
977 3917 1107 3985 reliquam
1127 3924 1214 3966 autem
1233 3912 1302 3963 mul-

204 3986 342 4040 titudinem
361 3990 388 4039 iu
408 3988 519 4039 hiberna
539 3991 638 4043 divisit.

303 4082 368 4135 Sero
387 4092 476 4137 autem
495 4093 522 4135 et
539 4086 614 4138 tarde
632 4102 681 4137 rex
705 4088 861 4142 meminerat
879 4068 983 4139 Ruselii
1011 4087 1123 4152 eiusque
1142 4080 1302 4143 nobilitatis,

204 4150 325 4205 ultimum
348 4164 376 4205 et
398 4156 615 4220 intempestivum
641 4158 711 4223 quod
731 4158 868 4223 prodesse¹
887 4164 978 4223 posset
997 4158 1171 4223 constituens.
1209 4160 1303 4233 tenens
