2875 4734
540 246 764 320 ‘msronun
905 247 910 251 ·
1137 237 1242 329 tet

115 415 262 504 λιιώξιον,
284 422 353 510 Ακαί
371 409 639 505 ’προθεῖναικατ
671 425 773 487 αὐτοῦ
802 419 1024 508 δικαστήριον,
1058 424 1113 487 καί
1133 416 1216 504 μετὰ

115 522 286 605 διάγνωσιν
308 524 460 610 καταδίκῃ
492 527 551 603 μὲν
573 523 790 613 θανατηφόριγ
811 526 922 589 τοῦτον
943 520 1133 605 ὑποβαλεῖν,
1156 520 1216 585 οἶν-

114 628 259 707 τιστῆσαι
276 627 311 719 δὲ
329 627 375 720 τῷ
398 625 511 713 δικαίην
533 623 619 711 χόλῳ
645 623 679 690 τὸ
701 624 879 710 ἠπιώτατον
906 624 960 689 καί
980 623 1218 710 φιλάνθρωπον,

78 723 81 735 “
113 728 169 799 καί
188 722 271 791 οὕτω
294 726 434 810 φυλάξαι
453 728 491 811 τῇ
504 725 671 805 Ῥωμαίων
700 725 789 813 ἀρχῇ
809 731 991 810 τηλικοῦτον
1019 721 1217 808 στρατιώτην

89 823 171 901 5καί
191 823 388 911 στρατηγόν,
417 822 590 907 δυνάμενον
618 828 651 889 ἐν
684 816 751 899 τοῖς
780 830 1010 911 φλεγμαίνουσι
1038 831 1144 900 κακοῖς
1164 825 1218 905 τῆς
1268 860 1272 867 ·

54 976 62 991 .
113 922 198 1001 ἓώας
226 924 384 990 ἰάσασθαι
405 923 506 989 πολλοὶ
528 927 589 990 τών
609 928 708 1009 αὐτῆς
728 925 990 1013 συντριμμώτων,
1007 918 1094 992 ¹e‘s'use
1117 920 1216 1007 χάρι-

112 1050 172 1100 τας
195 1022 432 1109 ὁμολογήσαντα
457 1029 511 1109 τῆς
540 1030 698 1110 σωτηρίας
718 1027 760 1113 τῷ
783 1030 920 1107 ,βασιλεῖ
946 1032 1001 1107 κατ’Ι
1017 1022 1219 1107 ἀνυπερβλή-

112 1148 189 1200 τους
225 1125 433 1208 ου’χαριστίας
463 1125 656 1209 πεποιηκότα
688 1120 780 1210 (ὅπερ
813 1124 934 1203 πάντως
967 1124 1087 1210 ωἰλώγκη
1117 1125 1217 1211 τούτῳ

113 1226 245 1311 ποιῆσαι
267 1216 326 1307 η’ν,
360 1226 473 1310 λογικῷ
492 1249 526 1289 τε
557 1219 625 1289 ὄντι
656 1228 711 1288 καί
744 1222 925 1309 φρονήσεως
950 1228 1008 1291 οδκ
1030 1226 1217 1309 α’μοιρεῦντι

73 1330 267 1411 ιοστερρᾶς)
281 1330 396 1407 «λαβεῖν
423 1324 482 1409 την
505 1322 674 1409 ἡγεμονίαν
701 1328 761 1389 τοῦ
783 1330 921 1407 πολέμου
946 1330 999 1391 καί
1017 1329 1070 1410 τῆς
1089 1322 1219 1404 πιεζού-

115 1451 174 1512 σης
194 1428 368 1511 ἐπιδρομῆς
397 1429 616 1509 ἐλευθερῶσαι
648 1424 688 1490 τοὶ
711 1424 796 1508 sesa,
823 1418 897 1491 ὅσον
919 1450 954 1509 γε
980 1420 1049 1509 ἥκει
1070 1427 1137 1490 κατ’
1158 1425 1219 1489 οἷν-

117 1530 281 1612 θρωπίνην
302 1524 425 1591 ἔννοιαν
440 1530 475 1592 ἐκ
497 1530 553 1609 τῆς
573 1528 635 1591 τών
656 1532 818 1610 προτέρων
840 1520 941 1591 ου’τοῦ
962 1523 1223 1609 κατορθωμάτων·
1280 1524 1281 1529 ¹

115 1630 173 1692 καί
194 1624 401 1713 τολμημάτων
429 1624 662 1711 κατανοήσεως,
691 1666 732 1678 -
758 1614 812 1710 M,-
837 1612 1012 1711 πεποιηκώς
1040 1618 1098 1689 niv
1120 1618 1221 1701 οὕτως

116 1726 330 1809 δβσογλειλς,
360 1721 440 1793 ἀλλὰ
464 1730 506 1813 τῷ
526 1729 622 1814 θυμῷ
649 1726 682 1791 si
717 1734 823 1793 πλεῖον
843 1726 1018 1809 α’πσνείμας
1037 1729 1093 1791 τοῦ
1116 1726 1222 1809 πράγ-

75 1845 107 1898 15
116 1851 223 1911 ματος,
246 1824 343 1892 ἔλαθε
362 1830 512 1911 μεγίστης
527 1826 640 1909 ι’σχίος
661 1828 716 1893 καί
728 1828 903 1910 εὖπραγίας
924 1827 1144 1911 ἀποστερήσας
1165 1823 1222 1909 τὴν
1304 1811 1309 1815 ’

113 1926 281 2009 Ῥωμαίων
305 1926 431 2012 οἷρχην,
454 1926 499 2002 ώς
529 1930 585 1992 καί
616 1924 696 2008 μετώ
719 1931 821 1991 ταῦτα
851 1924 890 1990 τὰ
925 1925 1097 2008 πράγματα
1120 1946 1223 2007 παρε-

116 2025 285 2113 στήσαντο.
329 2027 496 2112 παραδοδς
528 2024 626 2092 ου’τδν
659 2036 724 2103 τοῖς
745 2031 972 2112 βασανισταῖς,
993 2030 1119 2113 ξεσμοῖς
1144 2024 1222 2110 αἴνη-

116 2132 240 2203 κέστοις
263 2125 316 2192 διαὶ
337 2128 530 2213 βουνεώρων,
550 2122 594 2203 ώς
616 2152 688 2192 τινα
709 2129 822 2192 δοῦλον
853 2128 1021 2211 δραπέτην,
1043 2122 1143 2189 αὐτὸν
1165 2150 1220 2189 κα-

116 2232 293 2310 θνπὲβαλε,
315 2226 370 2292 καί
393 2230 438 2304 εἷς
453 2221 514 2293 ’ἕνα
536 2228 748 2309 τώνπώργων
779 2227 997 2308 κατακλείσας,
1018 2222 1147 2311 ζοφώδη
1170 2226 1353 2297 animus,

74 2326 382 2415 ηηώφιλώνδρωπον,
405 2331 600 2414 α’τημίλητον
615 2323 756 2411 εἶχε-καί
769 2330 909 2409 σχοίνοις
924 2330 1066 2411 σιδηροῖς
1081 2328 1221 2407 δέσμιον.

232 2422 339 2515 Ἔφδη
369 2424 425 2494 οὖν
456 2428 475 2493 e‘
505 2434 638 2513 Νέστωρ
666 2428 721 2512 τὴν
756 2428 976 2511 μελετωμὲνην
1018 2422 1223 2512 ἐκπληρώσας

119 2529 250 2617 βουλήν,
270 2535 327 2596 καί
347 2528 426 2612 μετὰ
450 2535 511 2596 τών
534 2529 748 2611 Πατζινοὶκων
769 2533 815 2605 εἰς
838 2528 894 2613 τὴν
918 2525 1143 2611 Μακεδονικὴν
1162 2528 1222 2607 ἐμ-

121 2632 248 2716 βαλών,
276 2635 331 2697 κατ’
353 2632 472 2716 ταύτην
492 2634 595 2706 κακῶς
616 2624 697 2714 ἄγαν
726 2628 781 2695 καὶ
802 2632 930 2714 οἰπηνώς
959 2630 1104 2703 διαθείς*
1145 2626 1221 2693 ocus

194 2823 219 2878 7.
240 2796 476 2896 ὁμολογήσαντας
496 2832 524 2877 et
541 2824 733 2893 πεποιηκότας
751 2822 781 2881 0.
802 2822 921 2877 conexit
938 2820 1080 2893 interpres.
1108 2817 1112 2827 '
1179 2818 1221 2875 17.

145 2956 148 2959 ς
167 2945 170 2948 ,
193 2890 345 2971 παραδοὺς
361 2892 419 2971 γᾶρ
437 2892 545 2954 uisas?

122 3061 225 3115 nationi
245 3062 339 3129 eapitis
358 3061 428 3115 hunc
448 3061 592 3124 subiicere,
612 3073 751 3127 opponere
770 3064 858 3109 sutem
876 3056 947 3108 iusto
967 3056 1028 3107 odio
1053 3052 1221 3113 clementiam

124 3142 153 3186 et
170 3133 359 3185 humanitatem
379 3142 459 3202 atque
478 3134 517 3185 sie
535 3147 645 3183 servare
665 3130 826 3182 Graecorum
843 3127 956 3193 imperio
967 3125 1047 3178 talem
1063 3124 1175 3176 militem
1195 3132 1223 3177 et

123 3204 233 3269 ducem,
253 3207 298 3274 qui
317 3212 409 3272 posset
422 3204 456 3268 ‚iu
475 3201 647 3267 flagrantibus
675 3199 752 3251 malis
780 3200 898 3251 orientis¹
922 3196 1022 3249 mederi
1047 3196 1137 3249 multis
1164 3196 1222 3251 eius

121 3277 230 3339 ictibus,
250 3278 349 3345 qnippe
368 3288 427 3324 eum
446 3273 539 3323 merita
559 3273 740 3324 concessisset
764 3270 859 3322 salutis
888 3271 947 3338 regi
976 3276 1003 3321 et
1026 3266 1223 3335 insuperabiles

121 3355 213 3415 grates
233 3350 349 3416 egisset:
368 3346 395 3396 id
406 3343 476 3411 quod
490 3344 596 3394 omnino
614 3343 732 3411 oportuit
750 3340 819 3393 hunc
833 3341 923 3393 iacere
935 3348 1040 3392 cautum
1057 3356 1146 3407 neque
1156 3356 1222 3407 pru.

122 3420 229 3471 dentiae
251 3424 386 3483 expertem
411 3414 572 3467 constantis:
593 3416 692 3483 quique
712 3422 805 3480 posset
830 3414 968 3479 suscipere
993 3412 1131 3478 imperium
1155 3410 1223 3462 belli

124 3498 186 3543 eta
207 3489 321 3541 molesta
339 3486 479 3538 invasione
498 3485 616 3537 liberare
641 3486 752 3537 orientis
771 3494 867 3549 terras,
887 3492 1011 3553 quantum
1031 3483 1058 3532 in
1088 3481 1223 3531 hominum

123 3562 240 3614 animum
258 3559 335 3610 venit
360 3573 393 3608 ex
418 3557 632 3609 consideratione
656 3558 774 3625 priosum
803 3558 859 3607 eius
879 3556 1050 3607 victoriarum
1072 3560 1099 3603 et
1117 3551 1223 3603 facino.

122 3647 182 3686 rum
201 3630 419 3684 audaciumz.sed
433 3644 486 3679 nou
505 3630 544 3680 sic
563 3644 646 3697 agens
662 3644 719 3691 rex,
740 3628 786 3680 sed
800 3628 856 3678 irae
873 3625 1015 3707 plurimum
1034 3623 1074 3672 rei
1092 3622 1222 3687 tribuens,

122 3703 233 3756 nescius
260 3701 373 3751 maximo
397 3699 495 3752 rubere
523 3709 550 3751 et
569 3707 668 3751 eventu
693 3700 811 3764 privavit
827 3696 1001 3753 ‘Graecorum
1028 3694 1177 3760 imperium,
1195 3701 1225 3745 ut

126 3776 206 3827 etiam
225 3780 319 3838 postea
336 3788 379 3825 res
398 3769 575 3838 apparebant:
602 3771 708 3821 tradens
735 3785 792 3821 eum
812 3766 972 3827 tortoribus,
1001 3765 1160 3830 eruciatibus
1179 3766 1224 3816 in.

126 3844 290 3901 sanabilibus
303 3844 456 3895 exuviarum
473 3841 630 3894 bubularum
650 3848 772 3909 tanquam
792 3853 898 3891 servum
917 3836 1058 3905 fugitiuum
1079 3853 1138 3889 eum
1159 3835 1224 3889 sub-

126 3919 191 3969 iecit
210 3916 282 3967 etin
300 3916 367 3966 turri
386 3913 525 3965 includens
544 3914 658 3965 obscura
671 3920 697 3962 et
715 3912 857 3961 inhumana
879 3907 982 3960 honore
1001 3906 1163 3961 deminutum
1180 3914 1225 3958 te-

126 3986 207 4040 neb'at
225 3996 252 4039 et
271 3984 384 4038 vinculis
404 3985 500 4037 ferreis
516 3985 677 4037 adstrictum.

225 4077 380 4134 Anoevertit
403 4076 486 4143 igitur
502 4075 599 4129 Nestor
618 4079 743 4126 statutam
764 4076 905 4122 exsecutus
926 4069 1083 4131 eonsilium,
1115 4072 1142 4116 et
1167 4078 1225 4119 eum

128 4150 276 4209 Patninaeis
299 4151 328 4202 in
355 4148 535 4202 Macedoniam
565 4146 711 4199 invadens
729 4150 756 4195 et
780 4141 848 4197 haue
879 4142 995 4209 pessime
1025 4146 1052 4191 et
1082 4134 1225 4193 crudeliter
