2875 4734
470 321 471 324 ¹
553 298 762 381 ursionis.
1113 336 1117 343 ι
1148 297 1196 389 αν

90 471 201 552 μεῖζον
222 471 459 553 κατεστρέψατο
481 471 576 554 κλέος,
598 467 818 554 ἀδυνατούσης
848 471 973 544 πάντας
994 469 1047 554 τῆς
1067 468 1197 550 α’νθριο-

91 574 184 654 πίνης
207 568 336 655 φάσεως
358 568 393 643 τά
416 569 584 650 μέλλοντάς
606 573 676 636 δίον
699 575 875 653 συμβαλεῖν
890 570 946 634 καί
961 567 1196 652 στοχάσασθαι.

196 669 266 732 Καί
286 669 305 731 ά
324 673 383 749 μὲν
407 672 450 756 τῷ
470 667 601 757 τοιούτῳ
622 668 838 754 προτερήματι
860 672 1024 753 κορεσθείς
1044 673 1197 753 λαμπρῶς

93 775 140 847 εἷς
165 767 224 855 τὴν
246 770 362 834 οἰκείαν
378 767 579 853 παρεμβολὴν
595 772 791 855 ἐπανέζευξε,
814 764 1055 856 φιλανθρώποις
1076 792 1198 834 συναν·

68 871 206 956 [πτήσεσι
228 872 282 934 καί
302 855 527 954 προσηγορίαις
546 868 785 955 ἐάφημοτάταις
807 873 863 935 καί
884 879 1088 952 παιανισμοῖς
1109 867 1196 954 παραὶ

95 974 161 1066 τῶν
180 970 262 1055 ἄμφ’
285 969 380 1034 adeda
403 968 681 1053 άπαντάμενος·ά
708 972 744 1034 δὲ
763 969 916 1053 βασιλεάς
937 973 1066 1056 ε’πείπερ
1089 972 1199 1046 α’δείας

95 1069 272 1155 ἐδράξατο,
294 1074 348 1134 καί
381 1065 458 1155 άπερ
475 1073 615 1151 -ἑδεδίει,
636 1068 693 1156 τὴν
715 1071 870 1158 ἐξεφάδου
893 1072 1036 1157 δηλονότι
1061 1074 1117 1155 τῆς
1139 1069 1199 1135 πά·

96 1177 176 1245 λαως
192 1163 320 1248 άλωσιν,
344 1164 366 1253 ἢ
385 1173 458 1232 θεία
480 1171 648 1254 άντιληψις
679 1172 901 1248 διεσκέδασεν,
923 1172 981 1235 odra
1001 1173 1137 1258 η’μὲλησε
1158 1175 1199 1236 δι’

96 1264 171 1356 ὅλης
193 1272 310 1356 ἐκείνης
333 1275 391 1355 τῆς
414 1270 537 1355 ἡμέρας
559 1274 614 1334 καί
632 1274 689 1354 τῆς
722 1270 832 1346 νυκτὸς
856 1273 912 1356 τῆς
936 1274 990 1338 ἐπί
1011 1275 1113 1362 ταύτῃ
1131 1274 1199 1338 ε’πι·

53 1370 318 1454 1οσυναθροίζαιν
346 1369 422 1445 roric
452 1371 682 1458 συμφυγόντας
709 1374 772 1437 τῶν
800 1377 935 1438 πολιτῶν
964 1376 1019 1438 καί
1041 1375 1200 1458 τειχήρεις

96 1473 229 1544 ἐσαῦθις
250 1467 460 1555 ποιούμενος,
485 1468 541 1546 τάς
562 1496 594 1537 τε
624 1471 726 1556 πάλας
745 1462 944 1556 κατοχυραῖν,
966 1472 1021 1537 καί
1040 1475 1200 1549 παντοίοις

95 1566 214 1646 ὅπλοις
227 1573 282 1634 καί
301 1579 461 1656 μηχαναῖς
491 1576 546 1637 καί
574 1569 779 1656 πετροβόλοις
804 1568 951 1656 ὀργάνοις
976 1570 1033 1650 τάς
1057 1571 1199 1651 ἐπάλξεις

95 1671 327 1754 περιζωννάαιν.
368 1675 406 1756 τῇ
427 1674 455 1735 δ’
477 1668 608 1758 ἐπιούσῃ
637 1671 692 1748 τάς
712 1672 864 1754 δυνάμεις
889 1674 1068 1760 α’νειληφτδς
1098 1671 1201 1738 denir

95 1767 252 1856 ἑσπερίων
282 1773 452 1858 ὑπαίθριον
485 1775 609 1859 κρατῶν
642 1773 848 1858 ἐπιφαίνεται
882 1785 948 1850 τοῖς
980 1779 1035 1859 τῆς
1071 1775 1200 1856 πόλεως,

51 1887 86 1938 15
97 1863 226 1947 εὔελπις
256 1866 298 1936 oio
335 1873 378 1948 ὥς
414 1879 454 1962 τῇ
483 1876 658 1962 ,προτεραίᾳ
699 1872 899 1959 καταπλήξας
936 1879 1011 1951 τούς
1043 1873 1202 1951 ἐναντίους

95 1971 158 2044 σάν
180 1966 330 2063 εάλαβείρ
361 1977 416 2039 καί
439 1977 529 2064 φάβηι
561 1973 648 2058 παρά
666 1973 801 2040 τούτων
829 1974 1107 2060 άπαδεχθὴσετιιι,
1143 1977 1202 2052 τάς

97 2073 201 2150 πάλας
236 2073 323 2162 crispi
358 2073 638 2142 α’ναπεταννάντανν
675 2077 733 2141 καί
768 2076 822 2159 τῆς
854 2075 940 2161 πρὸς
978 2075 1018 2142 τά
1053 2081 1225 2160 βασίλεια
1268 2132 1270 2139 ι

97 2171 257 2259 φεροάσης
299 2179 463 2260 βασιλικῆς
503 2180 755 2262 προηγουμένων.
807 2177 849 2250 οἷς
880 2179 917 2241 δὲ
957 2179 1139 2245 τοῦναντίον
1180 2171 1202 2260 οἲ
1261 2259 1275 2272 ³

98 2273 176 2338 κατά
200 2280 359 2358 Ιλοχισμον
381 2271 448 2362 εἶχε
477 2280 658 2362 συνηνέχθη
688 2273 789 2364 τούτῳ
818 2274 859 2340 τά
888 2281 1073 2361 πράγματα,
1091 2280 1146 2341 καί
1165 2274 1199 2340 τά

53 2379 158 2457 sopio
179 2379 284 2458 τείχος
314 2379 437 2459 μείζονι
468 2384 654 2464 παρασκευῇ
682 2376 942 2464 περιειλημμένον
965 2380 1010 2453 εἰς
1041 2376 1100 2461 τὴν
1130 2375 1202 2442 ἑπι-

97 2479 198 2540 οὕσαν
222 2479 381 2559 κατεῖδεν,
414 2476 544 2564 τοάςιτε
577 2481 626 2542 ἐπ’
656 2481 746 2566 αύτῷ
777 2483 979 2564 καθημένους
1009 2481 1203 2563 πολεμησεί-

100 2597 194 2650 οντας
215 2579 271 2641 καί
290 2575 347 2660 τὴν
363 2571 481 2655 άνοιξιν
496 2582 557 2644 ταῖν
579 2581 686 2644 πυλῶν
700 2576 953 2664 προτρεπόμενον
974 2581 1201 2657 διαπαίζοντας

99 2679 208 2740 τοῦτον
232 2667 287 2744 καί
306 2682 572 2763 καθυβρίζοντας,
604 2680 705 2746 πολλὰ
728 2681 784 2766 τῆς
807 2683 999 2762 δυσβουλίας
1018 2675 1124 2770 ἑαυτῷ
1143 2704 1202 2745 κα·

172 2841 215 2894 21.
235 2811 404 2902 κατεῖδονῦ.

102 3003 160 3070 puit
179 3002 302 3070 gloriam,
323 3019 382 3054 cum
399 3016 453 3056 non
472 3005 558 3071 possit
577 3006 684 3056 omnino
704 3005 840 3056 hominnm
856 3012 951 3056 natura
971 3004 1087 3057 iuturnrn
1105 3013 1203 3058 utne.

64 3135 71 3146 Ι
105 3076 251 3128 cessarium
273 3076 499 3142 comprehendere
520 3084 547 3128 et
566 3076 731 3144 intelligere.
1232 3069 1248 3079 “

202 3147 291 3214 Atque
310 3146 353 3198 hio
372 3147 477 3214 quidem
502 3149 617 3200 victoria
642 3146 689 3197 tali
709 3147 819 3198 satiatus
844 3145 982 3212 splendide
1000 3147 1032 3198 ad
1052 3155 1206 3200 anacastra

103 3219 191 3281 rediit,
212 3217 332 3269 humanis
350 3219 583 3286 prosecutionibus
604 3226 631 3268 ct
649 3217 857 3270 allocutionibus
877 3217 1057 3270 blandissimis
1076 3227 1104 3269 ct
1121 3233 1205 3286 paea.

101 3289 181 3341 nibus
200 3304 216 3339 a
236 3289 290 3340 suis
311 3298 444 3356 acceptus.
483 3306 532 3340 rex
553 3297 639 3340 antem
665 3291 790 3356 quoniam
817 3289 932 3356 periculi
952 3291 1142 3359 immunitatem
1161 3299 1205 3342 te.

102 3361 162 3412 nuit
182 3368 208 3410 et
228 3361 299 3428 quod
317 3369 447 3413 metuerat
472 3362 572 3428 (aditus
590 3361 713 3412 nimirum
734 3360 807 3412 urbis
829 3363 1067 3430 expugnationem)
1088 3363 1205 3414 divinum

103 3431 233 3483 auxilium
258 3432 412 3499 dissipavit,
443 3447 497 3482 uon
526 3432 698 3500 negligenter
723 3448 752 3491 aa
772 3433 860 3500 gessit
873 3449 921 3498 per
940 3441 1022 3484 toturn
1042 3433 1118 3484 illurn
1136 3435 1205 3485 diem

105 3511 132 3554 et
144 3510 252 3553 noctem
271 3512 427 3570 sequentem
446 3519 505 3554 curn
526 3503 668 3571 colligeret
687 3503 874 3570 confugientes
899 3505 974 3567 cives
1000 3513 1027 3557 et
1044 3505 1125 3554 muris
1145 3505 1205 3553 cin.

105 3582 166 3625 ctos
181 3589 273 3624 rursus
293 3574 395 3626 faceret
410 3583 441 3626 ct
459 3583 548 3641 portas
565 3576 681 3626 muniret
700 3584 727 3626 et
754 3576 837 3627 variis
856 3577 934 3627 armis
954 3583 981 3626 et
998 3574 1206 3626 machinationi.

104 3645 153 3698 bus
173 3653 200 3695 et
218 3644 332 3698 ballistis
351 3662 453 3697 murum
484 3661 610 3698 summum
637 3647 773 3714 cingeret,
801 3654 909 3713 postero
935 3654 1024 3698 autern
1040 3645 1084 3696 die
1104 3644 1206 3697 viribus

103 3716 222 3782 receptis
246 3716 288 3766 illi
312 3718 357 3785 qui
383 3719 481 3783 campis
506 3719 534 3768 in
557 3719 689 3768 occidenti
713 3718 814 3783 apertis
838 3718 939 3782 potitus
967 3725 1025 3767 crat
1043 3725 1154 3783 apparet
1171 3717 1205 3768 iis

104 3789 198 3855 quiin
219 3787 285 3838 urbe
306 3796 395 3851 crant,
417 3797 491 3840 certo
509 3784 628 3853 sperans,
649 3798 679 3840 se·
697 3791 796 3856 quippe
816 3804 874 3837 curn
893 3788 1033 3852 superiore
1052 3789 1095 3839 die
1116 3797 1204 3839 ternu.

22 3896 25 3899 ,
105 3861 171 3910 isset
196 3859 304 3921 hostes,
330 3867 407 3910 caute
433 3868 460 3909 et
477 3861 568 3910 timide
589 3859 622 3909 ab
642 3860 681 3912 bis
701 3867 838 3923 receptum
856 3859 899 3922 iri,
920 3859 964 3926 qui
986 3868 1075 3925 portas
1095 3862 1121 3910 ci
1138 3877 1205 3926 ape.

105 3931 190 3992 rirent
216 3938 243 3979 et
268 3945 337 3996 quae
362 3931 393 3981 ad
418 3933 520 3997 regiam
546 3931 656 3981 duceret
672 3930 818 3981 'basilicam
838 3939 999 3996 praeeuntes
1018 3938 1203 3982 monstrarent.

107 4017 164 4050 cum
192 4009 279 4050 nutem
311 4009 402 4051 contra
427 4017 458 4052 ac
486 4001 699 4054 ratiocinabatur.
718 4001 743 4050 ci
774 4002 951 4069 contigissent
976 4017 1020 4054 res
1050 4010 1076 4051 et
1103 4015 1205 4050 murum

106 4073 206 4122 maiore
225 4076 351 4137 apparatu
372 4073 486 4124 cinctum
508 4075 628 4139 proximo
657 4073 699 4122 dic
725 4072 857 4137 viderent,
885 4088 931 4124 cos
951 4082 1038 4124 autem
1058 4074 1102 4137 qui
1124 4071 1150 4118 in
1171 4084 1203 4119 eo

107 4145 242 4193 constituti
263 4151 337 4194 orant
355 4152 519 4210 pugnaturos
540 4142 663 4207 othone,
693 4159 752 4194 curn
772 4153 800 4194 ut
824 4147 959 4211 aperirent
978 4151 1066 4209 portas
1084 4149 1206 4192 moneret

12 4213 18 4222 '
106 4213 221 4268 ridentes
242 4223 269 4267 ct
287 4213 448 4282 illudentes,
473 4231 635 4284 magnopere
664 4226 774 4284 propter
806 4217 980 4269 temeritatem
1004 4228 1033 4267 se
1062 4213 1203 4277 incusavit,
