2875 4734
594 255 802 330 merome.
882 286 885 296 ·
959 242 964 251 ‘
1177 252 1248 329 ιεε
1326 269 1331 289 1

155 429 277 496 όνίσκον
310 429 484 513 Τουρκικόν
513 429 727 515 όφελόμενος,
762 428 917 516 παρήχθη
940 432 1000 513 μέν
1022 433 1090 494 κατ’
1114 422 1191 511 όψιν
1209 432 1252 519 κρῖ

152 538 281 614 βασιλεῖ
306 531 493 611 δεδεμένος,
518 537 654 614 τιμωρία
684 534 711 595 δ’
744 535 914 617 ἐψηφίσθη
945 533 1004 596 τοό
1024 527 1251 615 ἁμαρτήματος

153 631 399 717 ὑπερφέρουσα·
456 626 493 694 οό
515 633 632 713 γὰρέν
654 631 818 716 χρήμασιν
847 633 865 716 ἦ
889 635 986 716 ζημία
1009 627 1157 712 διώρισεν
1181 631 1250 694 a'tt’

156 735 189 796 ἐν
215 730 303 817 ῥινός
326 733 455 818 ἐκτομῇ.
499 728 598 794 πολλοὶ
618 735 658 796 δέ
682 736 958 816 παρακαλέσαντος
981 734 1040 795 τοό
1062 725 1247 813 όνθρεόπου,

127 831 209 898 5καί
232 831 336 896 πάντα
357 829 396 896 τό
421 827 536 897 ἐαυτοῦ
557 835 744 916 προεμένου,
768 836 823 897 καί
840 835 1100 917 προβαλλομένου
1120 830 1251 912 μεσίτην
1293 867 1304 875 ‚

144 933 210 1016 *aba
241 929 417 996 πόνσεπτον
443 930 547 996 εἰκόνα
580 937 635 1016 τῆς
670 925 877 1016 πανυμνήτου
904 933 1069 1016 δεσποίνης
1099 929 1247 994 θεοτόκου

152 1035 209 1116 τῆς
230 1033 518 1116 Βλαχερνιτίσσης,
549 1027 619 1116 ήτις
645 1029 754 1097 εἰώθει
775 1041 839 1106 τοῖς
865 1040 986 1108 πιστοῖς
1006 1035 1194 1114 βασιλεῦσιν
1216 1030 1252 1096 ἐν
1334 1020 1338 1024 ’

153 1134 369 1215 ἐκστρατείαις
391 1130 433 1204 cic
454 1127 702 1216 όπροσμόχητον
718 1125 815 1196 όπλον
831 1135 1174 1215 συνεκστρατεόεσθαι,
1196 1131 1253 1193 oda
1297 1184 1302 1188 .

153 1234 253 1314 εἰσήει
284 1224 384 1306 οἶκτος
413 1235 455 1318 τῷ
484 1237 626 1313 βασιλεῖ,
650 1232 717 1295 ἀλλ’
741 1233 808 1296 οὐδ’
838 1231 935 1308 αἰδαίς
955 1235 1009 1315 τῆς
1030 1235 1064 1296 ἐκ
1084 1235 1141 1297 τοό
1164 1233 1252 1296 θείου

111 1334 370 1412 1οεἰκονίσματος
401 1323 740 1416 α’συλιόιςέόόριόντος
774 1335 802 1396 δ’
837 1333 937 1396 αότοό
967 1337 1023 1397 καί
1045 1333 1179 1413 πόντων,
1200 1334 1256 1396 κιιί

155 1430 253 1513 αότής
277 1435 341 1514 τῆςΙ
354 1429 470 1506 εἰκόνος
490 1434 748 1517 βασταζομένης,
777 1428 947 1516 οἰπετμήθη
968 1428 1027 1514 τήν
1057 1431 1127 1516 ῥῖνα
1150 1432 1166 1497 ό
1186 1435 1255 1496 δεί-

156 1536 259 1616 λαιος,
289 1527 406 1616 κρόξας
432 1536 513 1614 μέγα
544 1534 599 1594 καί
629 1528 777 1609 στενάξας
808 1529 843 1596 τό
865 1527 991 1612 βόθιον.
1033 1529 1105 1595 τότε
1127 1529 1166 1616 δή
1188 1527 1255 1596 τότε

152 1627 291 1716 μεγόλην
313 1629 390 1713 ήμῖν
411 1629 542 1698 ἔσεσθαι
576 1631 633 1716 τήν
665 1634 698 1696 ἐκ
719 1638 778 1696 toci
811 1635 900 1696 θείου
923 1636 1050 1714 νέμεσιν
1073 1633 1254 1718 προωττευῡ
1341 1697 1344 1701 ,

154 1730 258 1820 σόμην
280 1733 387 1808 αότός.

111 1855 144 1907 15
248 1827 504 1917 Ἀντεισαγαγοόν
541 1836 575 1900 δὲ
601 1838 646 1910 εἰς
673 1832 706 1898 τό
740 1826 822 1899 όστυ
853 1839 974 1918 πλῆθος
997 1831 1185 1916 Ῥωμαϊκόν
1202 1831 1257 1895 καί

153 1931 327 2018 στρατηγόν
350 1929 529 2018 ἐπιστήσας,
554 1936 733 2017 ἐπανῆλθεν
762 1936 807 2009 εἰς
830 1933 886 2019 τήν
918 1931 1133 2018 παρεμβολήν,
1156 1930 1255 1996 παιό-

155 2056 218 2108 νοις
248 2038 303 2098 καί
335 2035 511 2119 εὐφημίαις
540 2038 595 2098 καί
615 2045 780 2118 νικητικοῖς
810 2037 1035 2121 ἐπιφωνήμυσι
1056 2035 1254 2118 σεμνυνόμε-

153 2157 214 2207 νος.
257 2138 296 2216 τῆ
317 2137 345 2198 d’
364 2133 516 2218 ἐπαόριον
535 2139 700 2216 μέλλοντος
731 2136 832 2200 αόεοό
854 2132 1059 2220 συνθήμασιν
1081 2131 1253 2219 ἐγγρόφοις

153 2232 207 2297 καί
228 2233 352 2322 δαπόνη
375 2239 438 2297 ταῖν
460 2233 548 2298 ἔνδον
569 2238 792 2317 κατόχυρῶσαι
826 2232 860 2300 τό
887 2236 1042 2320 φροόριον
1064 2233 1119 2297 καί
1139 2236 1253 2298 αότίκα

108 2337 229 2418 οοπρός
250 2331 285 2398 τό
307 2338 413 2398 Χλίατ
436 2334 657 2420 ἀναδραμεῖν,
691 2335 783 2419 φήμη
807 2359 854 2409 τις
876 2337 1064 2420 ἰπεφοίτησε
1085 2337 1253 2413 πολεμίους

155 2437 251 2498 ποθὲν
272 2437 458 2520 ἐπιτεθῆναι
478 2445 543 2510 τοῖς
564 2437 609 2510 εἰς
623 2432 679 2518 τήν
702 2438 791 2500 λείαν
807 2433 926 2516 ἐξιοῦσι
948 2435 1151 2519 στρατιωτῶν
1169 2436 1254 2515 όπη-

144 2541 259 2628 ρόταις
282 2539 623 2621 προσαπαγγέλλουσα,
645 2541 698 2600 καί
720 2534 942 2620 διαταράττειν
971 2533 1028 2598 καί
1046 2532 1254 2619 κατατρόχειν

65 2642 70 2647 ’
129 2727 132 2732 Ι
155 2635 283 2711 αότοός.
327 2635 514 2724 φθανοόσης
534 2639 570 2702 δέ
590 2637 647 2724 τήν
668 2634 780 2723 ἑτέραν
808 2635 929 2723 ἐτέρας,
951 2634 1040 2725 ηἰήθη
1062 2635 1079 2702 ό
1101 2634 1254 2718 βασιλεός

226 2823 252 2873 5.
277 2835 311 2872 an
326 2797 465 2909 μεσῖτινί
531 2902 536 2913 Ι
555 2825 596 2877 13.
615 2819 886 2897 προωπτευοόμηνλ

155 3008 244 3062 poena
262 3001 348 3044 autem
368 3002 462 3048 statuta
483 3003 523 3048 est
539 3004 651 3062 peccato
669 2997 772 3046 maior:
798 3009 887 3060 neque
907 2995 976 3050 enim
1002 2992 1102 3047 mulcta
1120 2995 1255 3061 punieba.

156 3074 207 3130 tur,
226 3066 272 3116 sed
301 3065 408 3119 naribus
426 3068 629 3119 abscindendis:
650 3081 708 3116 cum
727 3079 793 3115 vero
815 3064 924 3115 multum
942 3072 1066 3133 precatus
1086 3073 1158 3115 esset
1176 3064 1254 3116 homo

157 3145 183 3188 et
203 3138 289 3187 omnia
308 3153 355 3188 sua
375 3140 521 3204 proliceret
541 3146 567 3187 et
585 3138 758 3202 protenderet
776 3136 918 3203 imaginem
937 3135 1185 3188 reverendissimam
1204 3137 1256 3187 do.

150 3209 241 3274 minae
267 3207 475 3259 Blachernensis
500 3207 543 3257 dei
570 3208 660 3258 matris
684 3207 842 3275 hymnisque
868 3208 1036 3271 celebratae,
1062 3221 1131 3275 quae
1150 3205 1256 3273 quidem

156 3277 260 3330 solebat
283 3294 341 3329 cum
361 3277 484 3329 fidelibus
505 3277 613 3345 regibus
638 3279 665 3328 in
691 3279 904 3347 expeditionibus
929 3281 1005 3359 guasi
1023 3281 1152 3330 invictum
1174 3277 1256 3329 telum

155 3351 308 3416 proficisci,
334 3357 422 3400 tamen
447 3363 500 3398 non
520 3350 630 3404 incessit
648 3351 830 3402 misericordia
857 3366 966 3420 regern,
985 3352 1032 3403 scd
1050 3366 1085 3401 ne
1102 3351 1257 3402 reverentia

156 3421 260 3488 quidem
298 3419 446 3472 sanctitatis
480 3421 591 3471 divinae
617 3421 757 3489 imaginis:
795 3423 822 3473 in
852 3431 996 3490 conspectu
1026 3430 1123 3479 autem>
1147 3423 1204 3471 eius
1229 3427 1257 3471 et

97 3552 101 3558 Ι
157 3492 272 3541 omnium
297 3498 377 3556 atque
403 3491 469 3540 adeo
489 3492 572 3557 ipsius
596 3492 718 3561 imaginis
736 3502 822 3545 tactae
841 3495 923 3545 miser
939 3493 1047 3545 naribus
1066 3493 1185 3559 privatus
1205 3499 1255 3554 cst,

41 3589 43 3594 ·
111 3563 116 3570 “
217 3576 278 3610 num
307 3560 405 3612 tollens
438 3561 580 3612 clamorem
612 3573 638 3613 et
665 3580 698 3614 ex
724 3566 779 3616 alto
803 3573 913 3630 pectore
944 3565 1089 3629 suspirans.
1117 3569 1171 3611 tum
1189 3575 1255 3611 vero
1294 3587 1303 3596 ·

139 3577 284 3719 fflem
297 3647 417 3700 magnam
435 3633 512 3684 nobis
532 3633 659 3686 ultionem
678 3651 692 3685 a
712 3637 762 3687 deo
783 3644 937 3687 eventuram
956 3649 1016 3684 csse
1034 3632 1169 3683 divinatus
1188 3646 1254 3682 sum.

229 3719 315 3783 Quui'n
324 3737 397 3772 sero
414 3721 573 3775 Graecorum
592 3724 786 3776 multitudinem
805 3727 832 3775 in
852 3725 941 3775 urbcm
959 3722 1107 3774 induxisset
1117 3727 1144 3771 et
1162 3721 1255 3772 ducem
1298 3762 1300 3765 .

156 3795 189 3845 iis
209 3791 398 3857 praefecisset,
425 3796 452 3845 in
472 3802 557 3846 castra
576 3795 669 3858 rediit,
696 3796 841 3863 paeanibus
861 3803 888 3844 et
906 3792 1026 3843 cantibus
1046 3808 1077 3842 ac
1091 3791 1255 3843 ‘carminibus

157 3861 360 3928 triumphalibus
387 3864 556 3916 celebratus:
574 3874 682 3932 postero
702 3874 789 3918 autem
809 3867 851 3916 die
873 3881 930 3914 com
957 3864 1124 3931 pactionibus
1149 3862 1255 3928 scriptis

157 3950 187 3984 ac
206 3933 351 4000 largitione
370 3935 517 3994 incolarum
537 3936 677 3988 castellum
702 3937 753 3988 sibi
787 3935 932 3986 conciliare
958 3943 985 3986 ct
1011 3936 1097 3986 statim
1122 3931 1255 3988 Ghliatum

157 4005 257 4056 reverti
278 4002 373 4066 vellet,
394 4006 463 4064 fama
479 4008 642 4072 percrebuit,
662 4007 754 4059 hostes
773 4006 872 4058 alicubi
892 4009 992 4058 instare
1011 4008 1097 4058 servis
1116 4007 1186 4054 inter
1201 4003 1257 4051 mi.
1279 4061 1288 4072 .

156 4075 218 4126 lites
238 4075 380 4141 praedandi
399 4093 479 4130 eausa
498 4080 614 4147 egressis
642 4094 743 4148 eosque
767 4079 923 4148 dispergere
948 4096 978 4130 ac
1002 4077 1123 4147 perdere.
1161 4073 1255 4123 nuntio

158 4153 243 4198 autem
263 4147 356 4204 nuntio
375 4145 491 4206 instante
509 4165 557 4208 ¹ren
583 4150 675 4208 ducem
694 4149 792 4204 sultani
812 4152 940 4219 quendam
959 4167 1018 4202 cum
1037 4146 1256 4211 exercitnsparto
1346 4194 1351 4203 ,
