2875 4734
211 183 282 254 rm
499 181 719 254 minumus
750 130 1010 250 nmmsumn

128 403 133 411 .
207 350 272 414 σῶν
294 346 527 430 στρατιωτικῶν
546 347 752 431 παρατάξεων
775 339 830 429 (ήν
853 349 888 410 δὲ
901 349 956 409 κατ’
969 347 1065 420 τόπος
1086 341 1204 428 ρόακος
1227 345 1312 424 τάξιν

208 451 351 533 ἐπέχωυ,
375 453 415 527 ἐξ,
431 441 583 531 ἐκατέρου
603 450 724 530 μέρους
744 451 871 529 βουνοῖς
894 436 1203 530 συνεχόμενος,.οι’φ’
1227 437 1272 510 ῶν
1294 446 1311 509 δ

210 548 378 633 α’ριστερός
413 546 490 622 τοός
519 549 688 628 πολεμίους
726 540 812 630 εἶχεν
840 549 889 611 ἐπ’
916 544 1096 628 α’κρωρείας
1123 544 1312 628 ἱσταμένους·

208 646 289 714 κατό
310 645 344 714 τό
369 649 540 736 ἀσφαλές),
564 651 622 712 ποῶ
629 663 662 711 τε
683 651 797 712 λοιποῦ
818 647 963 732 πλήθους
983 645 1057 729 περὶ
1077 646 1134 728 τήν
1156 644 1314 711 α’πόθεσιν

208 753 271 817 τῶν
292 752 460 838 φορτηγῶν
486 748 575 829 ζῶων
596 748 815 834 ήσχολημένου
827 795 837 824 ,
869 751 925 812 καί
941 750 997 830 τής
1024 745 1181 829 οὐραγίας
1199 750 1343 832 ἐφυετο-5

208 856 304 935 μόνης
327 854 380 916 καί
402 845 669 933 ἐντιπολεμοόσης
690 857 755 923 τοῖς
775 848 1005 932 ἐπεμβαίνουσα
1024 847 1088 911 τῶν
1110 851 1314 931 Σαρακηνῶν,

202 948 344 1036 ’Ἄραβες
375 948 433 1014 cdo
462 950 616 1025 λαθόντες
636 947 770 1015 κατόπιν
796 952 851 1033 τής
872 951 1068 1033 ἀκρωρειέις,
1090 949 1146 1012 καί
1163 946 1238 1024 νοός
1259 947 1315 1011 ἴπ-

211 1077 289 1129 πους
312 1049 375 1116 ιέπό
405 1046 553 1136 ῥυτήρων
585 1049 772 1136 ἐλάσαντες,
802 1053 852 1114 ἐπ’
893 1043 993 1132 όκρου
1027 1052 1084 1132 τῆς
1110 1051 1315 1132 παρεμβολῆς

211 1151 378 1238 ἐφορμῶσι
391 1199 401 1228 ,
423 1148 478 1214 καί
501 1148 558 1214 δόο
580 1153 644 1215 τῶν
666 1155 770 1228 πεζῶν
795 1157 865 1226 ταῖς
888 1150 1018 1232 λόγχαις
1039 1148 1229 1232 δναιροῦσιν
1251 1147 1316 1213 αό-

211 1253 282 1316 τῶν.
326 1246 382 1326 adp
412 1249 428 1314 ό
456 1249 608 1332 βασιλεῦς
642 1251 767 1332 πρῶτος
786 1254 849 1316 τῶν
870 1253 988 1314 λοιπῶν
1010 1247 1230 1330 θεασόμενος,
1263 1249 1319 1313 καί
1328 1269 1363 1322 10

213 1353 305 1440 φωνή
327 1348 552 1436 καταμηνόσας
574 1349 639 1436 1τήν
663 1347 799 1434 ἔφοδον,
833 1353 1019 1435 διανέστησι
1037 1352 1098 1431 μὲν
1120 1346 1194 1424 τοός
1217 1373 1317 1432 στρα-

211 1450 327 1527 τιῶτας
361 1454 406 1526 εἰς
429 1452 549 1530 δίωξιν,
573 1448 604 1513 οἳ
630 1451 664 1514 δὲ
688 1450 871 1534 φθάσαντες
899 1447 1027 1537 ἐξαισίῳ
1050 1447 1160 1538 δρόμῳ
1182 1449 1246 1514 τῶν
1265 1449 1319 1513 ἳπ-

213 1578 280 1618 πων
303 1555 350 1627 εές
369 1549 404 1615 τό
431 1548 545 1615 οἰκεῖον
565 1550 778 1633 στρατόπεδον
800 1549 1019 1635 ἀνεσώθησαν.
1116 1594 1118 1599 .
1188 1553 1202 1610 '.

318 1649 395 1716 Τότε
425 1652 486 1730 μὲν
520 1642 579 1714 σόν
600 1648 917 1734 διανυκτερεόσαντες
948 1650 1005 1714 ortt
1033 1649 1178 1735 ἅμαχητί
1196 1658 1320 1735 (περιε-

213 1737 355 1834 βόρίβουν
374 1747 436 1834 γόρ
458 1746 577 1827 ἐξωθεν
600 1747 735 1826 ὑλακαῖς
762 1749 897 1836 ἀσήμοις
922 1749 952 1815 οἱ
965 1743 1131 1839 Ἄραβες),
1152 1754 1193 1838 τῇ
1216 1751 1321 1814 ε’παό-
1331 1764 1365 1816 15

215 1875 283 1936 ριον
310 1843 443 1937 ἄραντες
470 1853 516 1924 εἰς
546 1849 602 1934 τήν
619 1845 798 1936 Ῥωμαϊκήν
831 1849 1027 1933 ἐπεβάλομεν
1045 1842 1128 1935 γῆν,ι
1157 1847 1242 1916 etism
1260 1850 1320 1932 μὲν

215 1955 416 2036 τοπουμένην
449 1953 483 2014 ἐκ
502 1955 565 2016 τῶν
587 1949 704 2035 ὁρίων,
731 1955 1060 2036 προκατειργασμένην
1093 1955 1128 2018 δέ
1156 1951 1210 2016 καί
1238 1951 1320 2015 cird—

216 2074 332 2130 στατον
353 2045 462 2128 οὖσαν,
486 2053 516 2115 εἰ
534 2051 618 2134 τοὶχα
641 2056 696 2115 καί
724 2050 884 2137 α’γαθότης
905 2045 944 2134 ήν
973 2050 1029 2144 καί
1046 2053 1192 2135 χρήματι
1211 2053 1335 2116 scidi-³

216 2176 278 2240 στῳ
300 2149 355 2216 καί
376 2155 513 2241 μεγίστῳ
547 2155 610 2216 τῶν
633 2176 667 2216 τε
689 2145 794 2217 ἄλλων
814 2155 869 2216 καί
895 2151 1001 2216 ου’τῶν
1029 2155 1091 2215 τῶν
1113 2152 1229 2216 ἐλαιῶν
1247 2155 1321 2234 βρί-

215 2259 346 2332 θουσα,
374 2253 455 2335 πλήν
487 2254 517 2317 εἰ
537 2253 646 2337 μήπου
668 2253 827 2337 προϊόντες
852 2250 1054 2338 κρησφόγετοί
1084 2275 1156 2316 τινα
1174 2252 1369 2334 scipturis-20
1436 2272 1437 2339 }

216 2379 294 2437 μιν,
315 2351 505 2439 βραχύτατοί
530 2379 601 2419 τινα
628 2359 843 2439 συντηροῦντα
859 2357 913 2438 τής
936 2354 1044 2437 χώρας
1065 2350 1184 2438 ἐκείνης
1209 2351 1323 2433 ἐπίμο-

217 2479 257 2520 υα
280 2459 428 2538 λείψανα.
473 2457 651 2528 διελθόντες
680 2449 740 2518 οὖν
757 2456 920 2532 τοιούτους
943 2453 1057 2529 τόπους
1079 2452 1216 2530 πολλοὺς
1237 2450 1320 2518 εδθό

218 2558 277 2620 τοῦ
295 2554 417 2640 Ἀρτόχ
440 2556 641 2637 ἐβαδίζομεν·
682 2555 716 2620 τό
742 2558 778 2619 δὲ
809 2558 954 2620 τοιοῦτον
978 2548 1111 2640 ἱόστρον
1132 2552 1201 2620 ἐστί
1221 2579 1322 2638 στρα-

291 2707 317 2759 5.
339 2691 533 2781 δφεζομένηςλ
550 2709 683 2776 interpres
702 2709 892 2782 δρεπομένης.
1012 2706 1056 2761 20.
1078 2706 1268 2781 εδρισιιδμενα
1288 2706 1319 2772 G,

291 2775 461 2852 εὑρίσκομεν
476 2783 525 2834 καὶ
543 2779 685 2846 interpres.
784 2781 829 2833 21.
848 2798 928 2840 τινας
946 2779 976 2834 0.

219 2924 321 2977 timebat
339 2933 427 2977 autem
446 2926 525 2978 etiarn
544 2926 620 2980 loeus
639 2926 766 2979 torrentis
785 2918 909 2994 spatium,
927 2924 961 2977 nh
979 2933 1092 2994 utraque
1111 2932 1186 2993 perte
1206 2925 1322 2978 collibu's

220 2995 405 3062 circumdatus,
425 3013 441 3048 a
460 2997 554 3066 quibus
573 2999 707 3054 sinistrum
728 3013 810 3051 cornu
830 2997 920 3049 hostes
940 2995 1055 3049 habebat
1076 2999 1103 3047 in
1122 2997 1225 3049 vertice
1247 3006 1322 3049 stan.

219 3076 260 3120 tes
278 3068 306 3119 in
325 3074 382 3119 tute
402 3101 436 3110 -
456 3077 483 3121 et
501 3070 562 3121 dum
580 3069 686 3138 reliqua
703 3069 843 3122 multitudo
864 3070 936 3121 circa
955 3067 1121 3136 expedienda
1139 3069 1257 3120 iumenta
1271 3084 1322 3120 ου-

221 3147 315 3206 cupata
334 3147 375 3191 est
394 3148 420 3190 ct
438 3140 525 3191 ultimi
545 3148 571 3192 et
589 3140 692 3192 bellant
710 3149 803 3193 contre
821 3140 969 3193 incidentes
981 3140 1140 3203 Saracenos,
1149 3139 1252 3192 Arabes
1270 3141 1322 3191 dun

220 3217 282 3275 post
300 3211 429 3260 verticem
448 3210 562 3263 latentes
583 3221 609 3263 et
634 3227 716 3280 equos
742 3213 861 3267 remissis
886 3212 970 3263 irenis
995 3210 1136 3262 incitantes
1165 3211 1197 3261 nd
1224 3218 1324 3263 sumina

144 3333 149 3344 ,
221 3287 308 3330 castra
326 3281 504 3334 contendunt:
525 3290 551 3333 et
570 3283 635 3336 dues
655 3284 759 3350 pedites
778 3282 881 3336 lanceis
910 3283 1073 3343 interficiunt
1104 3296 1211 3346 eurum,
1238 3295 1322 3349 quos-

222 3349 327 3417 quidem
344 3363 395 3402 rex
414 3354 513 3419 primus
531 3352 696 3422 reliquorum
716 3355 811 3407 videns
837 3362 864 3406 et
882 3369 950 3406 uoce
970 3355 1091 3406 indicens
1109 3354 1251 3418 impetum,
1280 3352 1323 3403 di-

221 3421 289 3472 vidit
306 3420 405 3475 milites
428 3424 461 3474 nd
484 3428 709 3490 persecutionem.
753 3425 796 3477 illi
820 3434 909 3477 autern
933 3425 1093 3494 effugientes
1119 3425 1223 3492 ingenti
1244 3439 1322 3476 cursu
1348 3475 1353 3482 ,

139 3517 141 3524 ·
223 3507 350 3559 equarum
369 3494 402 3546 ad
420 3510 468 3545 sua
487 3503 573 3547 castra
602 3496 702 3548 servati
729 3504 798 3549 sunt.

321 3580 383 3633 Tum
413 3583 496 3650 igitur
513 3591 619 3635 noctem
644 3585 774 3653 degentes
798 3600 853 3637 non
877 3586 936 3638 sine
959 3601 1058 3655 pugna,
1084 3617 1119 3628 -
1141 3587 1323 3638 circumsona.

221 3653 286 3704 hant
313 3653 382 3702 enim
411 3655 576 3708 extrinsecus
605 3655 744 3709 latratibus
763 3657 872 3710 incertis
891 3658 993 3710 Arabes
1027 3689 1061 3700 -
1096 3672 1174 3709 mane
1209 3656 1324 3724 proiecti

124 3761 141 3778 .
223 3725 250 3773 in
281 3721 407 3774 Graecam
435 3726 573 3779 incidimus
606 3736 703 3779 terram
728 3729 765 3779 ita
798 3728 935 3779 formatam
961 3729 1105 3781 secundum
1139 3731 1221 3792 dues,
1257 3743 1325 3778 con-

224 3795 321 3846 iectum
355 3801 443 3845 autem
470 3804 548 3848 antea
580 3808 607 3849 ct
635 3800 782 3863 desertam,
817 3801 896 3850 etiam
929 3802 952 3851 si
983 3800 1054 3852 sorte
1080 3800 1144 3851 huni
1177 3801 1239 3867 quid
1269 3806 1325 3850 erat

225 3873 251 3914 et
281 3877 311 3913 re
346 3863 525 3929 pulcherrima
555 3879 581 3921 et
609 3872 721 3922 maxima
758 3880 784 3923 et
819 3879 966 3922 ceterarum
995 3880 1027 3939 ‚et
1064 3871 1181 3937 ipsarum
1205 3871 1326 3922 olearum

224 3935 323 4002 plena,
348 3936 401 3987 nisi
430 3938 520 4004 quod,
548 3938 623 3992 nulle
652 3941 713 3992 loco
741 3942 918 4009 procedentes
952 3942 1069 3995 latebras
1094 3943 1244 3994 invenimus
1279 3939 1326 3992 vel

224 4006 344 4059 minimas
378 4014 516 4060 servantes
555 4019 644 4063 terrae
672 4011 746 4066 illius
765 4019 934 4065 remanentes
967 4013 1105 4082 reliquias.
1159 4013 1326 4080 pervenien-

224 4085 265 4129 tes
287 4076 368 4144 igitur
387 4078 452 4131 tulin
475 4076 535 4134 loca
560 4081 641 4134 multa
667 4091 776 4135 econtra
805 4084 838 4136 nd
852 4082 952 4138 Artach
982 4084 1225 4152 proficiscebamur.
1274 4082 1326 4135 hcc
