2875 4734
566 217 780 320 'marona
873 265 893 268 ·’
1160 255 1228 366 οτ

118 418 232 498 -ττκτὸν,
255 418 289 482 οι
305 413 361 500 τήν
377 415 518 539 Ἰβηρίαν
542 444 594 484 και
590 424 869 507 Μεσοποταμίαν
890 432 946 493 καί
960 421 1038 513 άχρι
1054 434 1231 497 Λυκανύού

129 539 182 580 και
178 517 382 633 Μελιτηνῆς
400 521 455 582 καί
474 522 536 583 τοῖν
555 527 799 646 παρακειμένων
821 529 962 594 οικούσιν
986 532 1155 616 Ἀρμένιοι,
1179 555 1231 596 και

129 613 159 678 οἱ
180 614 236 699 τήν
259 613 435 701 Ἰουδαὶκην
451 623 696 707 τούΝεστοριοο
720 626 773 689 καί
794 626 850 710 τη“ν
870 633 931 693 τάν
957 623 1126 716 ἀκεφάλων
1147 637 1231 717 θρη-

127 713 288 791 σκεύοντες
308 715 449 800 αἵρεσιν·
472 723 526 785 καί
543 722 602 845 γάρ
627 723 860 817 πλήθουσιν“
826 752 860 792 αι
878 734 984 814 χοῖροι
1009 734 1063 814 τῆς
1085 732 1232 816 τοιαύτης

102 815 320 892 5ιιακοέοξίας
373 817 454 885 ἐπάν
489 821 555 886 δὲ
545 823 601 888 καί
629 826 690 888 τιύν
708 822 940 944 ύρθούύξων“
918 847 1026 914 ηψατο
1060 828 1093 896 τὸ
1115 834 1230 914 δεινόν,

129 919 174 993 εἰς
198 915 382 1036 άμηχανιαν
404 945 485 1002 ησαν
508 923 623 999 πάντες
646 924 674 988 οἱ
693 924 731 990 τά
750 922 917 1010 Ῥωμαίων
940 928 1177 1016 θρησκεύοντας.

220 1010 380 1099 “’ομωςέ
401 1011 457 1086 ούν
479 1022 651 1089 α’νίιπαταί
667 1049 715 1102 τις
747 1027 811 1092 τάν
832 1031 1049 1154 εύπατριδων,
1067 1030 1232 1115 Ῥωμανύς
1317 1113 1320 1115 Α

127 1113 387 1244 βεστάρχης;
363 1147 386 1210 ιρι
408 1123 443 1187 τύ
478 1127 605 1208 ἐπίκλην
626 1128 789 1212 Διογένης.
833 1120 924 1204 ούτος
955 1130 1016 1214 γάρ
1039 1157 1092 1198 και
1117 1134 1232 1218 πρύτε-
1251 1173 1267 1221 ι,

130 1240 187 1301 ρον
208 1222 267 1304 μὲν
297 1219 380 1304 ύρύν
407 1225 441 1287 ἐκ
466 1226 519 1307 τῆς
539 1227 600 1288 τάν
623 1226 825 1346 κρατούντων
851 1229 955 1305 αιτιάς
976 1229 1033 1295 καί
1041 1223 1124 1296 τάν
1149 1236 1231 1298 ἐκεῖ·

86 1335 120 1387 10
130 1319 232 1384 θεν
213 1319 440 1406 υστερημάτων
462 1323 729 1408 ἀναπληρούμενα
758 1330 822 1391 τούν
844 1326 971 1414 ἐχθρῶν
999 1329 1039 1396 τά
1064 1317 1231 1415 θελήματά

130 1444 184 1484 και
212 1422 369 1502 μεγάλους
406 1424 589 1506 γινομένους
624 1433 693 1501 ταῖς
726 1430 942 1511 μικρολογίαις
975 1434 1037 1494 τούν
1054 1431 1231 1514 Ρωμαίων,

130 1521 293 1608 ἐποτνιᾶτο
309 1523 363 1586 καί
381 1517 532 1608 ἤσχαλλε,
552 1551 604 1590 και
626 1523 822 1593 ἀποστασίαν
840 1534 901 1610 μὲν
917 1522 1040 1611 άύινεν,
1060 1535 1117 1596 ούκ
1139 1532 1241 1618 ἐρωτι-

128 1615 202 1745 μέγ,
226 1622 267 1698 ὥς
289 1622 549 1706 61e6a6etu6ru‘'
527 1649 679 1708 υστερον,
701 1652 754 1692 και
781 1628 953 1694 α’πολαύσει
977 1657 1041 1696 των
1063 1635 1233 1716 ἐξαιρέτως

130 1723 238 1804 αύτῆς,
263 1723 332 1787 ἀλλ’
355 1723 398 1798 ούς
420 1723 476 1799 τάς
497 1727 597 1808 τύχας
614 1726 800 1852 α’νορθάραι
815 1754 879 1793 των
902 1724 963 1814 ἤδη
979 1720 1136 1798 πεσύντων
1152 1731 1233 1796 Ῥω-

86 1829 119 1881 15
129 1847 247 1903 μαιων,
271 1816 320 1887 ύτι
343 1848 386 1908 μη
411 1822 491 1890 κατά
514 1823 607 1906 λόγον
631 1821 696 1908 εἶχε
718 1828 757 1891 τά
781 1829 962 1950 πράγματα.
1006 1834 1232 1913 ἐμπιστευθεις

131 1915 189 1986 σύν
210 1924 264 1988 ἐπι
284 1929 364 1988 τέλει
385 1929 442 1989 τοῦ
463 1927 622 2004 βασιλέως
636 1928 692 1992 τού
709 1923 819 1993 Δούκα
845 1927 901 2013 τὴν
915 1933 970 2014 τῆς
990 1934 1194 2014 Σαρύικῆς’
1171 1957 1234 2048 αρ-

131 2021 206 2106 χη’ν,
226 2021 438 2141 ἐρορλεύσατο
460 2021 535 2102 τούς
556 2025 772 2109 Σαυρομάτας
795 2033 1037 2153 προσλαβέσθαι
1060 2029 1232 2115 συνεργούς

130 2129 178 2200 εἰς
205 2120 239 2189 τύ
274 2119 492 2243 μελιτούμενον
520 2149 573 2189 και
571 2125 643 2203 εἰς
665 2132 825 2246 προῦπτον
856 2125 932 2194 αύτό
964 2129 1100 2213 α’γαγεῖν.
1145 2132 1234 2194 ἐπεί-

130 2231 225 2290 θοντο
247 2222 307 2308 γάρ
331 2227 442 2290 ἐκεῖνοι
469 2228 511 2313 τῷ
534 2225 629 2308 άνύρί
648 2225 748 2316 τούτιρ
776 2225 830 2292 ύιά
853 2228 887 2294 τὸ
912 2232 946 2292 ἐκ
975 2234 1040 2314 τῆς
1050 2227 1232 2312 α’γχιθύρου

32 2334 35 2346 ’
85 2329 322 2412 λοστρατηγίας
344 2325 669 2410 προεπιγιντύσκεοθαι
693 2331 805 2393 ταύταν
826 2328 947 2410 αύτοῖς,
964 2327 1056 2394 ύπύτε
1075 2333 1139 2406 τῶν
1161 2333 1235 2415 περὶ

131 2425 190 2492 τύν
209 2419 333 2512 Ἴστρον
350 2419 463 2512 άρχων
497 2427 617 2492 πύλεων
636 2430 758 2507 τούτοις
787 2432 1017 2515 α’ντεπολέμησε
1048 2432 1102 2494 καί
1123 2437 1230 2496 πεσεῖν
1242 2434 1260 2490 f.
1282 2436 1333 2492 186
1349 2452 1381 2493 τ.

131 2523 365 2610 ἐκινδύνευσεν,
387 2529 417 2592 εἰ
441 2527 486 2612 μή
509 2531 643 2608 ἐξείλετο
663 2532 776 2597 τοῦτον
799 2528 1043 2620 άταταγωνίστρν
1071 2526 1159 2618 ῥύμη
1180 2533 1236 2596 καί

132 2625 226 2716 ρἰύμη
249 2626 435 2715 Νικηφόρος
464 2628 638 2714 μάγιστρος
659 2630 675 2694 6
697 2628 923 2716 Βοτανειάτης·
973 2635 1065 2696 τούτο
1087 2629 1147 2717 γάρ
1172 2629 1233 2716 ε’γού
1276 2635 1285 2645 ‘

205 2799 246 2852 13.
266 2799 332 2871 μέν]
351 2798 407 2870 μέν
422 2798 587 2868 βασιλείαςλ
688 2801 839 2872 έξαιρέτυν
858 2803 1000 2870 interpret.

134 2955 264 3006 iacturum
283 2955 323 3006 ira
342 2961 434 3008 eontra
453 2955 613 3020 haereticos,
634 2957 678 3023 qni
697 2955 812 3007 iberiam
831 2963 858 3006 et
875 2957 1090 3023 Mesopotamiam
1104 2965 1130 3006 et
1147 2972 1233 3024 usque

133 3025 166 3076 ad
190 3025 341 3091 Lyeandum
367 3035 393 3078 et
416 3027 568 3081 Melitenen
594 3034 621 3077 et
645 3027 794 3076 adiacentia
822 3024 884 3076 luca
901 3025 1039 3087 incolunt,
1067 3025 1187 3076 Armenii
1206 3036 1233 3077 et

134 3097 180 3162 qui
210 3096 339 3148 iudaicam
363 3097 480 3150 Nestorii
510 3106 537 3147 et
555 3096 635 3163 eapiti
664 3094 860 3162 (patriarchae)
882 3094 1092 3145 inobedientium
1112 3095 1233 3147 colentes

134 3167 274 3219 haeresim.
313 3169 410 3221 etenim
427 3168 508 3233 plena
521 3173 583 3216 eunt
599 3165 660 3215 loca
677 3164 726 3215 tali
745 3164 813 3216 falna
825 3165 885 3217 fide.
924 3165 1027 3232 quaudo
1046 3173 1133 3217 autem
1154 3167 1233 3217 etiarn

134 3238 296 3290 orthodoxos
322 3240 413 3306 tetigit
431 3234 596 3303 periculum,
627 3237 654 3286 iu
682 3235 839 3286 difficultate
866 3243 941 3287 erant
959 3251 1050 3288 omues
1072 3237 1234 3290 Graecorum

133 3309 211 3361 fidem
230 3309 359 3362 colentes.

240 3381 336 3433 Tamen
363 3379 445 3445 igitur
475 3380 561 3445 surgit
580 3379 684 3446 quidam
702 3379 833 3430 nobilium
846 3380 968 3464 Graeepa
987 3381 1231 3447 protovestiarius,

134 3532 161 3574 et
180 3523 242 3573 inde
262 3521 364 3571 effectis
383 3521 513 3594 angustiis
532 3529 640 3587 peraeta
659 3521 775 3574 boatium
795 3521 909 3574 consilia
922 3531 948 3573 et
958 3537 1068 3589 magnos
1080 3536 1126 3572 eos
1146 3521 1232 3571 factos

132 3591 295 3661 parsimonia
319 3582 496 3656 Graecorum,
525 3607 606 3659 aegre
627 3592 732 3644 terebat
750 3601 776 3644 et
794 3593 981 3661 indignabatur
1001 3601 1028 3642 et
1052 3591 1232 3642 defectionem
1263 3625 1266 3630 -

131 3661 308 3715 meditabatur
330 3677 383 3712 nun
410 3664 553 3730 eupiditate
583 3664 688 3730 quidem
714 3668 754 3714 ut
771 3663 919 3715 affirmabat
946 3669 1064 3727 postea,
1091 3669 1118 3711 et
1143 3661 1232 3713 fructu

133 3731 331 3786 commodorum
351 3734 417 3798 eius,
438 3735 484 3786 sed
503 3741 532 3785 ut
551 3733 669 3786 fortunas
691 3735 847 3786 restitueret
866 3733 1041 3784 cadentium'
1034 3748 1086 3783 ram
1112 3730 1231 3785 Graece.

131 3821 211 3868 rum,
232 3819 291 3855 cum
309 3819 362 3855 non
381 3806 525 3857 secundum
543 3805 673 3856 rationem
693 3821 724 3856 se
743 3805 873 3855 baberent
890 3817 944 3854 res.
983 3818 1041 3864 cum
1066 3806 1149 3871 igitur
1168 3821 1230 3856 ere.

133 3877 187 3926 dita
207 3883 279 3926 esset
297 3875 324 3924 ei
342 3877 454 3942 imperio
473 3877 546 3943 regis
566 3877 657 3927 Durae
676 3876 780 3928 sardica
799 3875 931 3939 eutrapia‚
951 3876 1043 3926 statuit
1063 3874 1230 3929 Sauromatae

102 4005 110 4010 ,
132 3947 258 4012 accipere
284 3947 373 3997 socios
400 3946 432 3998 ad
457 3946 599 3997 eonsilium
626 3947 699 3997 etin
718 3945 886 3996 manifestum
905 3944 930 3995 id
953 3946 1110 4010 producere.
1144 3961 1230 4010 pare.

132 4018 197 4069 bant
222 4018 291 4068 enim
316 4016 358 4068 illi
377 4018 436 4068 viro
458 4017 538 4080 huic,
560 4017 622 4084 quia
640 4017 731 4068 vicine
752 4017 864 4082 imperio
884 4015 928 4066 hie
946 4018 980 4067 iia
1000 4027 1078 4068 antea
1097 4023 1231 4082 spectatur

134 4097 206 4152 erat,
232 4103 291 4140 cum
316 4089 441 4154 princeps
463 4087 567 4139 urbium
587 4089 657 4139 circa
675 4087 771 4139 Istrum
791 4088 899 4139 sitarum
918 4087 959 4140 bia
978 4087 1078 4140 bellurn
1103 4085 1231 4148 inferret,
1248 4124 1250 4127 .

134 4165 161 4209 et
179 4161 274 4211 eadere
293 4158 506 4226 periclitaretur,
531 4161 584 4212 nini
610 4159 753 4211 exemisset
771 4159 841 4212 bunc
862 4160 962 4227 impetu
982 4167 1008 4210 et
1027 4157 1125 4209 rubore
1147 4155 1230 4210 Nice-

191 4256 272 4309 Μύοίι.
289 4254 372 4322 Attal.
393 4254 459 4311 litu.
1026 4253 1041 4307 7
