2875 4734
217 199 292 288 stt
401 302 406 308 ἡ
500 218 742 293 arenauno
772 216 1031 293 arrauomn
1106 272 1109 277 .

216 394 418 486 Βλαχέρναις
440 391 599 479 ἀνάκτορα
625 398 811 493 περιέλαβε,
835 402 879 485 πῇ
911 400 947 462 δὲ
968 396 1025 482 τήν
1046 390 1143 481 όλλην
1166 387 1321 478 ἀρκτικὴν

215 487 422 579 inoperetur,
446 496 502 559 καί
521 496 705 579 περιεσοίθη
729 503 827 579 μέχρι
853 502 983 581 πολλοό,
1012 500 1109 563 πόσιν
1133 490 1321 579 ἀναφανδόν

216 593 523 678 ἐπικηρυκευόμενοι
548 598 728 680 παρουσιάν
749 597 783 661 aba
802 600 857 681 τῆς
880 594 961 672 ἓιόας
980 599 1119 681 μεγάλης
1140 588 1317 673 δυνάμεως·

163 700 167 710 ‘
214 688 247 755 ol
276 694 308 755 δ’
348 695 665 781 ἐπιστημονικότεροι
695 700 760 761 τεόν
783 700 967 781 θεωμένων,
990 697 1044 761 καί
1064 696 1262 779 συμβολικῶς
1282 688 1319 755 τὸ

214 794 289 855 δέον
307 796 583 879 ε’πιγινοόσκοντες,
615 796 677 861 οἷπὸ
700 799 828 883 λα’μτιης
849 802 1019 883 λαμπτῆρα
1051 796 1224 883 φωσφόρον
1246 796 1345 858 turae

215 896 358 981 δημήσαι
380 891 445 972 τοῖς
467 902 642 978 βασιλείοις
662 898 906 984 προεσήμαινον,
929 894 1012 965 ιόοτε
1031 896 1229 984 χρηματίσαι
1252 900 1319 969 τοῖς

214 996 274 1078 μδν
297 996 433 1078 οἷγαθοίς
450 995 507 1061 καί
528 995 566 1062 τοὶ
590 997 672 1081 όπὲρ
690 998 793 1063 αὐτοῦ
807 1000 963 1083 φρονοῦσι
986 1001 1056 1084 φῶς
1079 996 1135 1062 καί
1154 997 1319 1081 θυμηδίαν

213 1096 270 1159 καί
288 1094 397 1180 χαρόν
419 1090 637 1181 όνεκλόλητον,
658 1105 724 1171 τοῖς
747 1100 783 1161 δὲ
805 1103 874 1163 κατ’
887 1098 988 1163 adseri
1008 1101 1162 1181 μελετῶσι
1184 1098 1238 1161 καί
1259 1096 1319 1160 dr-

212 1200 443 1290 τιταττομὲνοις
464 1195 552 1283 crispi
578 1192 682 1283 φλόγα
705 1201 750 1287 τῷ
771 1193 836 1263 όντι
858 1188 1219 1283 πυρόςκατατήκουσαν
1233 1195 1318 1261 ,τοό-

85 1331 90 1341 ·
185 1320 287 1372 -τανς
315 1300 371 1361 καί
404 1301 649 1363 κατακαίουσαν.
702 1300 762 1364 καί
775 1324 811 1383 γε
845 1304 901 1384 τῆς
922 1302 1116 1385 συμβολικής
1135 1297 1361 1385 πορρήσεωςλθ

214 1398 255 1460 σί
277 1396 469 1483 διήμαρτον·
513 1399 649 1481 δηλιόσει
672 1401 709 1463 δὲ
730 1398 853 1485 προϊοόν
879 1400 894 1465 ό
917 1400 1017 1483 λόγος.
1047 1470 1050 1476 ,
1081 1416 1084 1419 ’

317 1499 381 1562 Tb&
404 1500 440 1562 δὲ
463 1498 641 1581 όκτωβρίου
662 1500 763 1582 μηνός
785 1498 1041 1584 παρεληλυθότος
1062 1496 1254 1584 όποστατική
1270 1524 1318 1575 τις
1423 1530 1425 1535 2

203 1598 362 1664 ’κακόνοια
384 1600 441 1679 τήν
462 1594 600 1681 ἑσπέραν
623 1599 792 1683 αἰφνιδίως
812 1597 1041 1683 περιεδόνησεν.’
1084 1604 1129 1675 εἷς
1150 1598 1211 1683 γοὶρ
1229 1600 1319 1677 ’Ἐπιῑ

214 1700 355 1778 denter,
387 1696 426 1761 τό
446 1700 505 1761 νόν
527 1702 715 1782 κεκλημένον
743 1698 955 1790 Δυρράχιον,
989 1698 1047 1781 τήν
1068 1699 1217 1783 δουκικήν
1236 1698 1319 1781 ἔχων

214 1796 321 1883 ἀρχήν
343 1799 531 1884 Νικηφόρος
558 1794 759 1884 πρόεδροςό
781 1802 971 1885 Βρυόννιος,
994 1801 1049 1863 καί
1070 1800 1191 1883 ταότης
1212 1824 1319 1884 παρα·
1330 1812 1363 1864 15

214 1900 348 1980 λυθείς,
369 1902 527 1981 βασιλέως
555 1894 659 1987 ἑαυτῷ
689 1904 879 1983 περιέθηκεν
910 1894 1028 1985 ὄνομα,
1058 1906 1112 1968 καί
1132 1913 1196 1977 τοῖς
1219 1905 1320 1967 ἐκεῖσε

214 1998 425 2089 στρατιώταις
447 2003 504 2064 καί
524 2002 655 2075 ὀπαδοῖς
668 2000 725 2065 καί
745 1997 996 2085 συστρατιώταις
1017 2003 1216 2089 χρησόμενος
1238 1998 1321 2082 ἕξει-
1382 2029 1386 2038 ’

216 2119 268 2163 σιν
292 2097 416 2162 memes
435 2099 515 2182 πρός
531 2099 806 2184 Ἀδριανοόπολιυ.
853 2100 870 2164 ό
892 2099 1007 2165 τοότου
1023 2101 1235 2189 αότόδελφος,
1254 2105 1321 2168 Ἰω-

214 2198 310 2281 derne
337 2198 588 2279 ὀνομαζόμενος,
609 2199 700 2278 τινός
729 2203 791 2265 τῶν
821 2198 975 2285 ἑσπερίων
1006 2204 1173 2285 δυνάμεων
1196 2208 1239 2279 εἰς
1262 2201 1320 2287 τήν

214 2299 300 2364 όδίοιν
329 2297 502 2382 ἐπιβουλήν
533 2299 746 2383 καταρτίσας,
774 2304 850 2382 μεθ’
881 2292 926 2367 σόν
953 2296 1035 2387 ἦσαν
1058 2302 1236 2394 Βαρόγγων
1265 2307 1363 2369 καίλθ

213 2396 377 2484 Φρόγγοεν
395 2400 504 2486 πλήθη
524 2396 635 2483 πολλό,
659 2404 704 2489 τῷ
725 2402 918 2491 αόταδὲλφιρ
933 2406 1112 2469 συνθέσθαι
1132 2407 1317 2489 παρὲπεισε,

58 2497 62 2503 ’
132 2502 159 2544 ν’
214 2499 277 2566 σόν
297 2502 407 2578 αὐτοῖς
429 2505 465 2596 δὲ
484 2505 539 2567 καί
556 2502 613 2567 τόν
635 2502 799 2569 κατεπόνω
822 2507 876 2590 τής
898 2498 998 2590 ωότής
1018 2502 1147 2591 πόλεως,
1168 2508 1318 2590 συγγενέα
1424 2504 1425 2519 ’

293 2677 320 2730 5.
339 2681 466 2751 λαπτήρα
485 2680 516 2733 G.
589 2678 631 2732 18.
652 2678 679 2749 ὁ]
692 2680 765 2736 ἔνθα
784 2678 821 2733 dl

216 2832 305 2877 antem
337 2824 519 2893 angustiarum
547 2824 644 2877 fretum
670 2834 853 2897 transgressus
885 2826 929 2879 bic
960 2826 1168 2881 Blachernarum
1192 2828 1319 2895 templum

214 2896 362 2963 conspuit,
379 2895 440 2947 illie
465 2895 597 2964 reliquom
612 2894 749 2949 borealem
765 2899 935 2965 superficiem
968 2906 995 2949 et
1021 2907 1194 2952 conservatus
1217 2908 1257 2952 ert
1275 2901 1320 2953 diu

215 2968 341 3021 mnibus
358 2966 434 3019 clare
451 2969 576 3020 nuntians
592 2968 735 3021 adrentum
755 2972 911 3021 exoriente
929 2972 1018 3037 magni
1043 2972 1184 3024 exercitus.
1205 2972 1252 3039 qui
1271 2987 1320 3023 ac-

214 3042 334 3095 curatius
353 3033 551 3107 intelligebant,
571 3054 640 3107 qnae
659 3041 791 3105 viderant,
822 3049 848 3092 et
868 3056 901 3092 ex
918 3041 995 3109 signo
1014 3044 1196 3095 necessarium
1215 3056 1320 3110 cogno.

214 3112 337 3176 scebant,
358 3126 393 3163 ex
410 3109 536 3178 squalore
565 3111 651 3161 facem
680 3111 815 3163 lucentem
838 3112 867 3163 iu
894 3114 996 3179 regiam
1022 3114 1193 3181 adventuram
1212 3114 1320 3165 divina-

215 3182 290 3248 bant,
307 3191 338 3234 nt
354 3182 433 3233 lieret
450 3180 529 3246 bonis
548 3182 627 3233 etde
646 3196 679 3233 eo
698 3181 877 3251 cogitantibus
898 3182 945 3234 lux
965 3194 992 3235 et
1009 3184 1129 3236 hilaritas
1151 3192 1178 3235 et
1196 3186 1319 3253 gaudium

214 3252 412 3315 inenarrabile,
433 3252 468 3303 iis
486 3260 583 3317 auteur,
604 3255 649 3320 qui
676 3261 768 3305 contra
789 3268 848 3304 eum
866 3254 1056 3307 meditarentur
1076 3264 1102 3307 et
1120 3263 1319 3328 opponerentur

217 3326 254 3389 ei,
274 3324 378 3377 damma
396 3337 494 3373 revera
511 3324 583 3391 ignis
607 3324 787 3392 liquefaciens
817 3323 866 3377 bos
881 3327 914 3375 ‘et
939 3326 1115 3395 conflagrans.
1151 3334 1232 3393 atque
1252 3341 1318 3393 pro.

213 3394 289 3449 leste
313 3396 344 3446 in
362 3391 510 3461 symbolica
528 3395 712 3460 praedictione
735 3409 790 3449 ιιοιι
810 3405 947 3449 errarunt:
978 3400 1048 3466 quod
1066 3397 1211 3451 declarabit
1230 3399 1318 3449 oratio
1365 3394 1368 3401 ’

215 3467 376 3533 precedens.
409 3486 415 3493 ·

315 3552 382 3607 cum
401 3560 490 3605 antem
501 3551 618 3605 October
628 3554 727 3605 mensis
745 3556 940 3621 praeteriisset,
960 3556 1099 3609 seditionis
1120 3555 1247 3624 quaedam
1266 3556 1318 3605 im-

216 3624 358 3692 prudentia
383 3625 551 3676 occidentem
576 3632 689 3690 repente
708 3626 853 3677 concussit.
901 3626 1040 3692 Epidamni
1059 3628 1139 3691 enim,
1159 3628 1230 3695 quod
1247 3641 1317 3677 nunc

214 3704 330 3748 vacatur
342 3694 547 3760 Dyrrhachium,
566 3696 641 3747 ducis
658 3696 799 3761 imperium
818 3695 918 3748 babens
934 3696 1101 3765 Nicephorus
1120 3714 1230 3765 praeses
1247 3697 1319 3761 Bry-

215 3766 313 3819 cuaius
331 3773 412 3833 atque
431 3766 483 3818 boc
500 3767 619 3829 solutus,
644 3768 718 3835 regis
737 3766 788 3818 sibi
806 3768 932 3833 imposuit
949 3782 1056 3834 nomen,
1084 3778 1111 3820 et
1127 3770 1164 3821 ibi
1182 3768 1319 3821 versanti-

217 3836 271 3889 bus
287 3835 418 3889 militibus
436 3846 466 3889 et
484 3838 625 3890 comitibus
645 3844 672 3888 et
689 3838 771 3889 sociis
791 3854 854 3889 usus
875 3839 1010 3907 egreditur
1029 3841 1091 3891 inde
1109 3838 1318 3905 Adriauepolin:

217 3907 299 3961 buius
317 3907 409 3973 irater,
429 3908 543 3960 loannes
571 3909 667 3971 dietus,
687 3908 870 3961 occidentales
891 3910 1016 3977 quosdam
1041 3912 1175 3962 exercitus
1194 3911 1227 3962 ad
1244 3922 1320 3960 suum

213 3979 361 4032 uenalium
378 3980 524 4044 instruens,
551 3980 622 4029 inter
643 3994 711 4046 quos
740 3988 816 4032 eraut
833 3980 1014 4047 berengerum
1043 3990 1069 4033 et
1087 3981 1251 4049 Fraugorum
1268 3992 1320 4029 oo-

216 4051 281 4122 piae
298 4049 463 4117 permultae,
481 4050 530 4114 iis,
549 4058 579 4102 ut
604 4049 680 4101 fratri
699 4052 870 4117 accederent,
889 4054 1031 4118 persuasit,
1054 4068 1167 4122 cumque
1185 4054 1219 4105 iis
1239 4050 1320 4103 etiarn

215 4120 358 4188 maletto
384 4120 503 4175 amdan
527 4120 618 4183 urbis,
641 4122 689 4188 qui
716 4130 848 4191 cognatus
870 4122 949 4176 buius
967 4132 995 4176 ot
1019 4122 1176 4178 conbibnlis
1202 4130 1274 4177 mat:
1293 4128 1322 4173 et
