2875 4734
232 195 279 279 ru
401 269 404 274 ,
529 190 750 266 urcatssrs
769 188 1038 298 tamarorta

229 353 389 438 ὅμαίμων,
408 353 496 431 ἐκτὸς
516 355 599 422 ααοιῒ
610 407 618 441 ,
647 354 702 421 καί
720 359 841 438 γίνεται
873 358 1023 441 συμρυία
1053 353 1119 417 καί·
1139 348 1338 434 άλληλουχία
1413 364 1414 371 “

229 450 334 544 ὥσπερ
361 457 417 521 τοῦ
438 458 571 538 αἳματος
593 453 675 522 οὕτω
698 455 736 540 δη
760 458 813 521 καί
836 461 891 540 τῆς
912 453 1064 539 τριτάτην
1084 452 1252 536 βασιλείαν
1269 467 1340 512 κοι-

157 569 158 576 ’
230 559 360 639 νωνιιιῆς
383 558 566 638 διαθέσεως,
588 562 643 622 καί
664 556 898 642 αιίτοκράτορες
926 550 1026 641 ἄμφω
1042 555 1233 635 θαυμασίως
1247 549 1340 613 ἀ’να-

231 655 424 747 γορεάοντήαι.
445 661 501 722 καί
519 655 635 742 χρόνον
657 655 726 723 τινά
756 662 798 720 δι’
820 655 943 722 ἑαυτῶν
965 649 1120 722 ἰθάνασαι
1144 649 1202 736 τὴν
1223 651 1340 734 α’ρχην,

107 751 290 838 'altitude
312 753 483 841 dnspoor'ug
515 761 748 824 άναιιαλοιίνται
781 763 1020 823 Κωνοεαντῖνον
1049 755 1105 820 τὸν
1130 750 1364 834 Μονομάχον,5

113 837 156 892 1²·
165 835 223 891 1¹¹³·
234 858 490 942 ἀριστοκρατικὸν
507 852 609 943 άνδρα
630 863 685 924 καί
699 848 840 941 θρέμμά
851 862 906 940 τῆς
916 857 1047 941 πόλεως,
1064 853 1204 920 ὕποπτον
1215 856 1251 918 δὲ
1262 846 1341 918 ὄντα

234 954 288 1022 διά
300 956 358 1041 τήν
376 963 490 1044 α’ρχήν,
513 962 567 1025 καί
580 959 632 1025 διά
655 963 746 1028 τοῦτο
757 961 844 1043 παρά
865 962 927 1026 τῶν
944 959 1051 1042 πριδην
1063 952 1260 1040 κρατούντων
1272 980 1341 1040 φυ-

232 1059 454 1140 γαδευόμενοι.
497 1059 553 1124 καί
571 1068 765 1144 παραχωρεῖ
782 1061 877 1124 πάλιν
896 1064 958 1142 τῆς
973 1062 1127 1142 συζυγίας
1148 1052 1341 1141 tosardus

233 1161 273 1244 τῇ
295 1157 481 1246 αιίταδελφῇ
494 1163 582 1246 Ζωῇ,
605 1161 659 1226 καί
680 1159 734 1224 τὸν
762 1154 867 1245 άζυγα
888 1163 958 1240 βιόν
981 1157 1128 1242 αἱρεῖται,
1151 1153 1187 1221 δν
1208 1158 1242 1220 εἰτ
1264 1154 1339 1219 scotl-

234 1257 298 1322 δων
321 1255 376 1321 καί
395 1262 491 1342 μέχρι
513 1259 619 1343 γηρως
643 1263 697 1343 τῆς
723 1258 860 1353 ἐσχάτης
882 1260 1003 1343 ἡμέρας
1024 1258 1201 1343 ἐξήσκησεν.
1351 1263 1381 1314 ¹0

335 1357 621 1442 Ειίεργετικιάτερος
651 1362 686 1424 δὲ
707 1364 763 1424 τοῦ
782 1355 1109 1441 προβεβασιλευιιάτος
1138 1353 1154 1419 ὁ
1182 1357 1341 1436 Μονομά.

234 1481 293 1540 χος
315 1458 528 1541 α’ποδειχθείς,
554 1458 609 1523 καί
628 1458 745 1535 πάντας
766 1459 881 1542 σχεδὸν
906 1462 1080 1539 βασιλικοῖς
1108 1455 1268 1538 ἀξιώμασι
1288 1455 1345 1520 καί

236 1558 404 1640 δωρήμασι
430 1561 607 1642 φιλοτίμοις
631 1557 867 1642 άποσεμνάνας,
889 1561 1031 1643 η’γάθυνε
1050 1558 1084 1624 rb
1106 1555 1261 1642 άπηκοον·
1288 1560 1340 1636 ἑξ-

237 1659 351 1740 αίφνης
375 1660 411 1722 δὲ
432 1661 526 1743 νέφος
560 1663 601 1724 ε’κ-
616 1664 670 1746 τῆς
688 1655 826 1743 ἑσπέρας
857 1665 1010 1744 ἐγείρεται
1030 1656 1170 1744 τετριγδς
1191 1656 1246 1722 καί
1265 1657 1339 1722 α’λί-

236 1759 331 1838 θριον
360 1755 415 1820 καί
446 1763 666 1845 πανωλεθρίαν
700 1762 785 1848 αὐτῷ
816 1765 873 1826 καί
901 1764 957 1845 τῆς
977 1757 1152 1842 βασιλείας
1184 1758 1340 1825 άπδλασιν
1352 1761 1380 1814 15

237 1854 390 1922 tutatuta
402 1910 412 1943 ,
434 1858 515 1944 α’νὴρ
544 1859 728 1945 αἱμοχαρης
755 1860 810 1927 καί
827 1869 989 1945 γενναῖος,
1011 1857 1028 1923 δ
1051 1857 1341 1945 προμνημονεοδείς

238 1958 271 2020 Γ
268 1954 419 2042 mimi,
452 1951 477 2048 ᾧ
501 1958 672 2047 Μανιάκης
704 1963 889 2044 ε’πάνυμον,
918 1964 953 2026 ἑκ
981 1962 1038 2044 τῆς
1056 1961 1210 2043 Ἰταλικῆς
1238 1959 1342 2042 εἷρχίης

238 2055 422 2134 ἐπαναστάς
441 2059 520 2140 μετά
547 2064 610 2127 τῶν
637 2063 737 2128 ἐκεῖσε
764 2062 924 2128 συνόντων
950 2061 1154 2146 στρατιωτῶν
1170 2059 1342 2140 Ῥωμαίων
1419 2072 1420 2099 ³

238 2155 296 2224 καί
320 2157 500 2242 Ἀλβανῶν,
539 2159 593 2226 διά
624 2161 803 2247 παρδροισιν
835 2165 895 2227 τοῦ
922 2163 1078 2245 βασιλέως
1108 2159 1256 2234 α’νιαδείς
1285 2160 1341 2223 ταί

239 2264 502 2343 προηγησαμένοις
527 2259 651 2347 ἔχθρας
663 2267 731 2344 μετ’
752 2262 855 2328 adsoni
875 2264 1011 2339 oadrada·
1041 2265 1097 2327 καί
1115 2260 1155 2325 τά
1172 2253 1384 2351 μὲνρλοιπά-λθ

239 2360 303 2426 τοῖν
333 2361 594 2447 συναντησάντων
620 2363 847 2448 στρατεύματα
875 2364 1068 2449 συνετάραξε
1096 2363 1344 2442 καίκατέβαλε,

239 2457 299 2542 πρδ
335 2458 392 2524 δύο
420 2463 455 2524 δὲ
482 2466 539 2547 τῆς
574 2463 807 2548 Θεσσαλονίκης
837 2465 965 2547 ἡμερῶν
992 2453 1343 2547 στρατοπεδευσάμενος

239 2558 315 2645 περί
335 2558 440 2646 δείλην
465 2561 564 2659 σ’ψιάν
586 2559 779 2646 προσβάλλει
806 2566 850 2648 τῷ
872 2565 1010 2650 μεγίστῳ
1030 2562 1185 2647 βασιλικῷ
1203 2579 1343 2643 στρατο-

314 2723 355 2775 11.
380 2719 632 2795 εδεργετιιιιίτατος
649 2721 679 2777 G.

241 2899 286 2940 sus
307 2885 450 2950 reciperet,
471 2886 564 2937 eodem
591 2887 718 2938 convenit
739 2888 816 2938 etiam
845 2901 921 2938 soror
947 2892 1023 2938 extra
1047 2883 1189 2951 templum:
1214 2890 1242 2935 et
1259 2883 1344 2935 oritur

240 2957 395 3009 coniunctio
424 2964 450 3008 et
478 2959 615 3010 concretio
641 2965 710 3010 sicut
733 2959 870 3025 sanguinis
897 2959 934 3008 ita
953 2960 1032 3009 etiarn
1056 2957 1226 3008 consociatae
1245 2955 1273 3006 in
1292 2957 1343 3004 im.

240 3028 317 3094 perio
336 3027 461 3080 rationis:
482 3037 509 3080 et
526 3029 648 3080 dominae
666 3028 759 3080 ambae
777 3030 844 3080 mire
862 3029 1040 3091 declarantur,
1060 3036 1088 3079 et
1104 3043 1152 3094 per
1169 3035 1272 3093 tempus
1290 3025 1345 3077 ali-

242 3099 313 3167 quod
332 3113 380 3164 per
399 3115 429 3151 se
448 3108 574 3166 regentes
592 3102 732 3166 imperium
752 3116 785 3152 ex
804 3100 900 3152 exsilio
920 3108 1051 3153 revocant
1064 3099 1267 3152 Constantinum
1284 3098 1344 3150 blo-

241 3170 408 3233 nomacbum,
424 3171 510 3222 virum
529 3187 563 3222 ex
582 3173 739 3238 optimatum
749 3187 855 3238 genero
870 3180 899 3223 et
915 3173 1066 3240 indigenam
1086 3171 1345 3237 urbig-suspectum

244 3241 458 3306 utilemlmperii
471 3244 635 3308 capessendi
654 3251 680 3294 et
701 3252 845 3308 propterea
861 3244 939 3295 abiis
959 3245 1005 3311 qui
1022 3249 1101 3293 autea
1118 3240 1275 3308 regnabant,
1295 3254 1344 3289 ex·

242 3311 357 3378 pulsum.
397 3320 476 3379 atque
496 3313 567 3366 cedit
584 3329 677 3366 rursus
699 3330 733 3364 ex
750 3315 940 3368 coniunctione
965 3314 1104 3368 Theodora
1120 3313 1208 3363 sorori
1226 3311 1298 3364 Zoae
1318 3316 1345 3359 et

243 3381 389 3434 solitariam
415 3385 496 3446 vitam
523 3383 615 3452 eligit,
636 3401 712 3452 quam
731 3400 747 3435 a
764 3386 856 3453 primis
878 3386 954 3438 annis
974 3395 1001 3437 et
1019 3400 1104 3452 usque
1127 3383 1160 3434 ad
1180 3389 1344 3434 senectutem

244 3452 299 3506 diei
319 3456 436 3520 supremi
457 3457 585 3506 exercuit.
1322 3505 1326 3522 ‚

314 3525 562 3580 Beuelioentissime
582 3536 669 3578 autem
686 3543 754 3595 prae.
765 3530 905 3594 superiore
916 3543 981 3594 rege
994 3525 1182 3579 monomachus
1198 3540 1229 3575 se
1248 3537 1344 3593 gerens

244 3605 272 3650 et
289 3610 380 3650 omues
395 3598 453 3650 iere
471 3599 554 3667 regiis
566 3598 738 3666 dignitatibus
750 3608 776 3650 et
795 3599 870 3651 donis
884 3598 1040 3650 liberalibus
1059 3612 1155 3649 ornans
1170 3596 1263 3646 beavit
1280 3593 1344 3644 sub.

242 3671 337 3722 lectos.
356 3672 476 3736 protinus
495 3679 584 3722 autem
596 3669 681 3722 nubes
701 3685 735 3721 ex
748 3670 888 3722 occidente
909 3672 1039 3722 excitatur
1053 3669 1170 3719 stridens
1188 3675 1216 3718 et
1233 3666 1344 3716 exitiosa

244 3747 272 3792 et
295 3741 466 3792 miserrimam
495 3743 520 3792 ei
546 3749 626 3809 atque
649 3741 728 3807 regni
753 3741 936 3807 expulsionem
966 3741 1098 3791 minitans.
1145 3739 1187 3790 vir
1215 3737 1345 3803 sauguine

244 3810 363 3878 gaudens
384 3819 411 3862 et
427 3811 548 3875 nobilis,
575 3819 654 3864 antea
681 3821 900 3864 commemoratus
921 3811 1052 3878 Georgius
1076 3812 1120 3862 cui
1142 3808 1277 3862 ldanialres
1296 3821 1343 3856 co.

263 3894 360 3935 nomen
380 3895 413 3932 ex
430 3881 524 3932 ltalieo
546 3897 630 3950 regno
656 3898 777 3947 exorsus,
796 3899 855 3951 cum
875 3885 909 3936 iis
928 3884 972 3951 qui
991 3882 1028 3933 ibi
1048 3884 1073 3934 ei
1092 3882 1202 3933 aderant
1219 3877 1344 3930 militibus

243 3897 370 4006 Romanis
396 3960 423 4003 et
447 3951 558 4004 Albanis
587 3952 756 4022 negligentia
782 3957 856 4023 regis
884 3955 1000 4005 oileusus
1028 3962 1056 4004 et
1073 3953 1176 4018 priores
1195 3949 1345 4002 iuimicitias

245 4025 303 4075 eius
324 4029 461 4085 metuens,
486 4029 512 4072 et
536 4021 656 4090 reliquos
678 4028 875 4078 occurrentium
893 4026 1026 4077 exercitus
1048 4024 1165 4076 turbavit
1184 4029 1212 4074 et
1229 4021 1345 4082 devicit,

194 4151 197 4155 ,
245 4102 306 4148 aute
325 4093 540 4150 Thessalonicam
566 4101 654 4152 autem
673 4095 740 4150 duos
764 4097 823 4150 dies
848 4113 907 4150 curn
934 4104 1020 4150 castra
1042 4095 1187 4163 posuisset,
1206 4093 1278 4146 circa
1296 4106 1345 4143 ve-
