2875 4734
570 271 777 385 ntsronm.
964 403 970 413 ἢ
1072 309 1078 322 ·
1163 306 1211 382 at

113 493 174 547 νος.
218 470 406 555 συναγαγών
426 467 482 539 οὖν
500 470 586 540 όπαν
607 474 645 540 τό.
666 475 892 562 στρατιωτικόν
914 473 1097 562 όδηλαδιός
1110 501 1213 564 στρα-

112 569 224 656 τηγός,
248 573 310 635 τῶν
332 576 472 658 σημείων
495 573 658 659 ἀρθέντων
676 584 782 659 χωρεῖ
807 576 883 661 πρός
902 576 960 663 την
979 568 1114 657 όμυναν.
1159 578 1215 642 καί
1238 646 1241 650 ,

112 669 294 754 περιτυχών
319 677 716 758 κατεστρατοπεδευμένοις
740 679 854 763 ιαότοῖς
876 675 977 765 ζμόχη
1008 679 1063 742 καί
1091 680 1213 745 τούτων

112 768 277 856 ἐκρότησε,
298 772 355 838 καί
373 769 429 838 τόν
451 767 561 857 ὅμοιον
584 772 697 858 τρόπον
724 775 841 853 αότσός
862 777 987 854 διαθεὶς
1007 775 1081 854 τοός
1100 801 1134 844 τε
1153 800 1212 842 πε-

86 867 228 946 5σόντας
250 872 422 939 tonitruos
443 873 498 939 κατ’
515 877 582 958 μετ’
606 875 765 942 ἐπινικίων
793 879 838 954 εἰς
858 876 915 962 την
936 883 1097 964 σφετέραν
1116 881 1213 962 ἐγκα-

111 963 277 1055 τεσὴιιιοσε.
331 979 457 1053 πολλοῖς
477 977 512 1039 dd
534 971 688 1051 τοιούτοις
709 975 908 1059 α’γοννισμασι
932 977 1017 1054 όντός
1045 980 1098 1062 τῆς
1116 980 1214 1063 σιδη·

111 1072 172 1153 ρᾶς
194 1065 366 1156 όπόρτερος
396 1076 459 1139 τῶν
491 1077 638 1140 ἐναντίων
661 1075 883 1161 duodenarii,
905 1080 1012 1145 πᾶσαν
1033 1079 1092 1164 τὴν
1112 1079 1214 1145 ε’κεῐσε

111 1173 170 1256 γῆν
189 1172 244 1254 τῆς
265 1176 463 1270 βαρβαρικῆς
485 1177 606 1262 ἐφόδου
626 1182 766 1262 βεβαίως
786 1178 949 1265 ἐκάθηρεν.

211 1272 378 1358 Ἐπαρθείς
401 1268 459 1341 οόν
481 1271 497 1340 ό
520 1277 674 1358 βασιλεός
704 1285 768 1353 τοϊς
788 1281 937 1346 ε’ντεόθεν
958 1283 1162 1366 &ymenaeus
1180 1303 1214 1348 τε

70 1383 105 1436 10
114 1375 169 1438 καί
189 1373 427 1459 προτερήμασι,
450 1375 553 1462 δόγμα
582 1374 623 1442 λἐι
644 1381 843 1465 πανστρατιᾷ
864 1383 977 1445 τοῦτον
1000 1383 1046 1456 εἰς
1069 1379 1127 1466 την
1148 1385 1213 1447 τῶν

112 1470 263 1538 όναντόοσν
283 1477 435 1557 γενέσθαι
449 1476 663 1562 παρεμβολήν,
684 1473 778 1566 ἓτόρᾳ
804 1476 938 1559 δυνόμει
958 1473 1090 1569 ἓιόριτην
1111 1505 1214 1564 στρα-

112 1570 184 1638 τιόν
207 1573 392 1657 ἐξογκιόσας.
436 1579 597 1661 ἐπιτρέπει
629 1581 664 1644 δὲ
686 1582 742 1644 καί
762 1577 818 1645 τόν
850 1580 913 1644 ταῖν
935 1580 1131 1666 Βυυλγόρων
1151 1604 1215 1646 στι-ι

113 1675 238 1759 τρόπην
257 1667 311 1766 (ἦν
331 1677 366 1740 δὲ
389 1669 480 1752 οὗτος
509 1686 574 1753 τοϊς
595 1690 748 1762 μοναχυϊς
776 1682 835 1762 μὲν
863 1684 1100 1764 κατειλεγμένος
1124 1683 1214 1746 ἐκτο-

111 1774 200 1856 μόας,
222 1771 294 1865 δόξη
318 1778 353 1840 δὲ
380 1778 601 1863 διεπτοημένος
622 1783 676 1844 κατ’
698 1778 752 1845 διό
772 1783 864 1847 τοῦτο
884 1785 1126 1867 προσηλωμένος
1146 1789 1213 1861 τοῖς

69 1873 157 1958 15μη
178 1873 387 1965 προσήκουσι)
415 1875 620 1962 συνάρασθαι
640 1875 741 1969 τοότιρ
772 1885 829 1946 τοῦ
851 1881 931 1967 πρός
957 1879 1033 1957 τοός
1054 1871 1214 1963 ε’ναντίόυς

113 1975 262 2056 πολέμου.
305 1977 512 2064 συναγηοχώς
541 1973 599 2044 orie
629 1973 719 2057 οὗτος
741 1979 815 2058 τοός
838 1976 950 2064 ὅλους,
970 1981 1055 2076 όδρρῖ
1079 1972 1214 2065 δυνόμεὶ

114 2076 272 2157 διαβαίνει
294 2076 345 2142 τὸν
369 2079 647 2165 ὑπερανεστηκότα
670 2079 787 2164 βουνόν
806 2081 861 2147 καό
888 2074 954 2146 οἷον
976 2083 1129 2166 μεθόριον
1147 2083 1214 2148 κοτ’-

112 2196 207 2257 μενον
223 2180 279 2260 τῆς
299 2201 332 2242 τε
356 2182 578 2265 Μακεδονικῆς
605 2183 661 2247 καί
690 2185 754 2247 τῶν
774 2186 851 2266 περὶ
876 2182 928 2248 τόν
942 2173 1065 2266 Ἴστρον
1083 2187 1213 2269 χωρῶν,

114 2271 150 2351 ‘dc
166 2278 221 2341 κατ’
242 2280 348 2362 Ζυγός
376 2281 428 2345 διό
457 2283 548 2346 τοῦτο
581 2290 645 2357 τοῖς
676 2276 860 2366 όπιχωριόις
891 2281 1139 2363 κατονομάζεται
1159 2288 1215 2350 κατ’

66 2375 295 2454 λθστενιοποός
324 2376 390 2462 ἔχει
417 2379 571 2464 πολλσός,
601 2371 712 2460 οόςό
731 2384 880 2469 δημώδης
907 2382 999 2465 λόγος
1026 2379 1216 2465 κλεισοόρας
1252 2421 1255 2426 -

112 2482 220 2542 καλεῖν
241 2479 415 2564 παρέλαβε.
474 2481 530 2546 καό
548 2482 622 2569 περὶ
641 2482 702 2572 τήνἱ
717 2481 857 2569 μεγάλην
880 2480 1120 2567 Πραισθλόβαν
1141 2481 1216 2566 διη-

111 2578 272 2670 μερεόσας
294 2583 331 2650 τό
354 2583 499 2669 πρόςτόν
520 2585 656 2669 πόλεμον
676 2588 892 2671 ηότρεπόζετσ,
913 2581 1139 2670 βουλευτήριον
1153 2608 1215 2649 κα-

72 2743 76 2752 .
113 2688 208 2760 δι’σας
236 2685 292 2749 καί
313 2685 468 2770 περὶτῶν
490 2684 617 2755 εἰκότων
639 2690 838 2775 δημηγορῶν.
896 2683 914 2750 ό
936 2688 971 2753 δὲ
989 2680 1141 2768 βασιλεός
1157 2684 1214 2770 την

187 2857 228 2911 ιο.
248 2828 282 2924 on
301 2855 486 2944 σιγμηιςατ

113 3013 195 3084 point
234 3015 386 3067 conducens
406 3016 489 3086 igitur
508 3031 612 3069 omnem
638 3018 784 3069 exercitum
803 3014 953 3068 declaratus
971 3015 1025 3067 dux
1043 3010 1127 3080 signis
1146 3011 1213 3064 snb.

114 3087 173 3139 latis
193 3087 371 3153 proficiscitur
389 3087 422 3140 ad
439 3089 622 3140 defensionem
638 3095 664 3140 ct
678 3101 839 3157 congressus
857 3102 915 3137 cum
934 3087 968 3136 iis
981 3087 1009 3135 in
1032 3083 1126 3136 castris
1144 3097 1212 3134 con-

113 3159 211 3210 stitutis
235 3173 324 3226 pugna
345 3159 422 3210 etiam
444 3159 492 3212 hos
516 3161 582 3211 vicit
608 3167 634 3210 et
658 3158 739 3210 simili
759 3159 837 3211 modo
857 3171 903 3209 eos
921 3165 1038 3208 tractans
1056 3151 1213 3205 interiectos

113 3229 241 3296 spoliavit
264 3238 367 3280 etcum
385 3231 516 3282 victoriae
535 3231 619 3299 signis
638 3233 664 3281 iu
684 3246 731 3281 sua
751 3237 837 3282 castra
854 3227 997 3281 transtulit.
1016 3225 1106 3278 multis
1126 3218 1220 3276 autem*

112 3299 211 3352 talibus
234 3301 422 3353 certaminibus
451 3304 521 3354 intra
538 3303 652 3353 ferream
671 3304 795 3368 superior
805 3300 927 3353 hostibus
940 3298 1092 3351 declaratus
1110 3311 1214 3348 omnem

111 3371 186 3423 iliam
205 3379 301 3424 terram
320 3389 335 3422 a
353 3372 464 3424 barbara
482 3375 636 3426 incursione
655 3373 761 3424 fortiter
778 3372 912 3441 purgavit.

217 3442 311 3495 Elatus
324 3444 406 3510 igitur
423 3460 470 3495 rex
490 3444 545 3496 illis
565 3443 753 3496 certaminibus
774 3452 801 3496 et
821 3445 941 3496 victoriis
962 3444 1097 3496 decretum
1116 3439 1213 3502 emisit,

111 3521 141 3565 ut
160 3513 214 3576 ,hic
238 3522 295 3565 toto
323 3530 380 3564 eum
408 3518 527 3568 exercitu
554 3517 581 3567 in
608 3515 723 3568 hostium
750 3516 802 3566 iret
823 3523 917 3580 castra,
937 3498 1022 3567 aitera
1041 3513 1069 3565 vi
1088 3509 1215 3562 orientali

111 3585 258 3636 exercitum
277 3585 398 3651 implens.
437 3588 510 3639 iubet
529 3595 615 3638 autem
631 3587 708 3638 etiam
728 3586 904 3655 Bulgarorum
923 3595 1053 3653 satrapam
1072 3586 1145 3652 (erat
1162 3596 1213 3631 au.

110 3665 164 3708 tem
182 3655 226 3708 hie
253 3657 396 3708 monachus
425 3667 529 3710 creatus
550 3658 700 3721 eunuchus,
723 3658 790 3709 ianua
809 3667 897 3709 autem
915 3658 1071 3716 deterritus,
1098 3660 1125 3704 et
1147 3666 1215 3720 pro.

111 3737 204 3795 pterea
224 3743 366 3796 aggressus
385 3746 453 3796 quae
473 3745 527 3781 nou
550 3729 676 3798 debebat)
696 3729 824 3781 auxilium
844 3736 981 3794 praestare
999 3726 1062 3777 huic
1080 3726 1107 3776 in
1125 3725 1214 3776 susci.

109 3800 209 3867 piendo
233 3808 324 3850 contra
346 3799 436 3852 hostes
455 3800 547 3864 bello:
571 3816 627 3851 cum
646 3801 729 3868 igitur
748 3801 884 3867 coegisset
905 3799 953 3857 hic,
968 3813 1068 3862 omnes,
1087 3797 1168 3863 plena
1187 3796 1215 3847 vi

109 3871 304 3939 transgreditur
324 3879 440 3922 ereetum
460 3871 557 3922 collem
579 3879 606 3921 et
624 3873 698 3939 quasi
715 3871 794 3922 finem
805 3870 975 3922 Macedoniae
994 3877 1021 3920 et
1039 3868 1100 3922 lstri
1120 3867 1214 3934 regio-

109 3957 182 4002 num,
204 3938 248 4009 q'ui
275 3943 353 3992 ctiam
377 3943 467 4010 iugum
487 3951 629 4009 propterea
647 3941 744 3992 incolis
768 3942 918 3992 nominatur
937 3949 963 3992 et
980 3941 1115 4009 angustias
1134 3936 1214 3987 habet

109 4011 216 4076 multus,
244 4027 309 4079 quas
328 4013 465 4079 popularis
495 4028 580 4064 sermo
603 4013 739 4063 clausuras
757 4027 855 4064 uocare
876 4013 981 4064 didicit:
1001 4020 1028 4062 et
1047 4013 1118 4061 circa
1135 4021 1212 4072 mag.

109 4097 170 4133 nam
195 4082 392 4135 Praesthlabam
417 4100 465 4150 per
488 4085 558 4135 diem
578 4091 661 4134 toturn
680 4083 797 4152 degens,
822 4099 890 4152 quac
910 4085 942 4135 ad
961 4082 1062 4135 bellum
1081 4085 1143 4129 sunt
1159 4092 1212 4127 ne.

109 4155 236 4218 cessarie,
256 4154 440 4222 praeparabat,
453 4156 552 4206 curiam
571 4157 735 4208 constituens
755 4163 782 4206 et
802 4155 888 4218 deiis,
908 4171 977 4224 quae
991 4154 1127 4212 decerent,
1148 4160 1212 4198 ora-

107 4225 198 4278 tiones
222 4225 331 4280 habeus.
369 4243 418 4278 rex
435 4235 522 4280 autem
540 4227 659 4282 volentis
685 4242 784 4279 cavens
811 4239 963 4294 egressum,
991 4224 1104 4276 sortasse
1132 4219 1212 4272 etiam
