2875 4734
554 201 764 266 HISTORIA.
1158 201 1206 270 7⁷

107 383 161 424 σιν
182 358 348 444 ἐπιφέρειν
371 355 606 440 έδοκιμῶζοντο,
626 363 683 424 καί
695 384 779 425 τισιν
801 359 918 444 ὀλίγοις
937 363 998 426 τῶν
1012 361 1206 447 προσιόντων

109 452 130 542 ἢ
152 457 277 540 ὁμαλῶς
299 460 544 540 προδεχδὲντιον
578 460 682 547 αὐτῷ·
733 460 768 524 τὸ
801 462 837 525 δὲ
858 461 1016 547 φειδωλὸν
1038 466 1093 528 καί
1126 456 1207 546 ῶγαν

106 557 290 644 ποριστικὸν
319 560 383 622 τῶν
416 561 576 642 δημοσίων
603 562 799 646 χρημάτων,
831 558 915 628 ἔστιν
940 557 987 638 οἷς
1015 567 1070 628 καί
1097 563 1154 627 οὐκ
1172 566 1207 629 έν

105 659 325 743 ειίπροσῶποις
347 661 475 740 αἰτίαις,
496 660 550 724 καί
570 657 694 730 τέτατ’
715 663 861 784 ἐξουσίαν
882 662 1072 748 δικαστικόν,
1092 667 1148 727 καί
1169 659 1206 728 τὰ

79 757 381 843 5καταφρονητικόν
402 761 456 842 τῆς
479 765 710 844 στρατιωτικῆς
732 761 908 845 ειίπραγίας
930 762 987 827 καί
999 764 1207 848 στρατηγικῆς

49 852 53 856 ’
105 860 162 925 καί
191 863 360 944 α’κρητικῆς
386 863 562 936 ειίπαθείας
587 864 711 926 πολλῶν
738 861 794 927 καί
822 864 987 947 σχεδδν“
968 863 1115 931 απάντων
1144 869 1207 929 τῶν

105 960 170 1026 ὑπὸ
189 957 360 1042 Ῥωμαιοις
391 960 562 1027 τελούντων
591 962 786 1045 λομαντικδν
815 967 1017 1050 έψηφιζοντο
1060 967 1205 1050 ἠγείρετο

103 1060 166 1146 γίιρ
200 1061 297 1137 πολύς
318 1060 501 1146 λγσγγοομδς
529 1065 589 1128 τῶν
618 1087 652 1127 τε
656 1057 972 1146 καταδικαζομένων
1000 1064 1038 1130 οδ
1069 1068 1206 1152 νομικῶς

56 1217 60 1227 .
104 1165 160 1229 καί
181 1166 244 1228 τῶν
265 1167 545 1248 κατηγορουμένων
565 1165 777 1250 σοφιστικῶς,
799 1167 854 1230 καί
877 1169 941 1230 τῶν
963 1166 1206 1249 α’παιτοομένων

60 1271 94 1322 10
105 1269 152 1340 εἰς
172 1264 205 1330 τὸ
230 1264 389 1348 δημόσιον
403 1263 503 1328 ἐνίοτε
524 1262 757 1349 α’χρεῶστητα,
779 1263 835 1329 καί
855 1269 919 1331 τῶν
942 1271 1121 1351 δεχομένων
1143 1292 1206 1354 φο-

104 1363 284 1450 ρολογικολξ·
302 1366 488 1449 έπαοξησεις
514 1366 696 1449 ἐπαρχιῶν,
727 1370 781 1430 καί
814 1369 875 1433 τῶν
902 1366 1105 1451 καταδρομάς
1125 1368 1206 1455 ὕφι-

102 1455 267 1546 σταμένων
287 1464 485 1548 βαρβαρικὰς
508 1462 562 1529 διὰ
584 1463 620 1529 τὸ
644 1466 689 1550 μὴ
721 1464 801 1531 κατὰ
830 1465 994 1551 λέγον,τὸν
1013 1493 1207 1552 στρατιωτι-

103 1565 159 1653 κόκν
187 1561 357 1646 κατάλογον
384 1563 538 1647 γίνεσθαι.
587 1567 709 1648 ἐλέγετο
734 1569 770 1630 δέ
799 1564 844 1650 μη
880 1572 936 1652 τῆς
964 1570 1023 1632 τοῦ
1047 1572 1225 1650 βασιλέως.

52 1735 55 1738 ,
105 1665 234 1751 φύσεως
254 1661 330 1748 ἔργα
350 1668 452 1729 ταῦτα
477 1659 573 1748 (εἶναι
593 1664 654 1749 γάρ
675 1668 786 1731 τοῦτον
808 1692 850 1750 πρ
879 1724 882 1727 κ

58 1768 156 1830 15νον
173 1764 211 1828 τοὶ
236 1763 339 1833 πάντα
366 1764 421 1828 καί
451 1764 660 1848 α’πειρόκαιιον
679 1765 735 1830 καί
761 1767 816 1850 τῆς
837 1765 1051 1853 έλεημοσιίνης
1073 1767 1204 1852 ὃλοσχε·

103 1869 168 1950 ρῶς
192 1863 435 1953 ἐφαπτόμενον),
454 1861 646 1951 δποφδορῶς
669 1868 704 1931 δὲ
725 1870 818 1932 τινῶν
831 1868 886 1932 καί
905 1872 1122 1953 παραινέσεως
1146 1895 1205 1956 φι-

103 1965 319 2051 λοπράγμονος
331 2015 343 2044 ,
365 1963 434 2032 ὅσοι
461 1964 617 2051 τῆςπρδς
645 1965 684 2031 τοὶ
714 1971 864 2048 βασιλεια
887 1953 1078 2056 οίκειοίσεως
1094 1974 1206 2052 μεῖζον

102 2071 197 2134 ου’δέν
218 2071 285 2132 οὐδ’
306 2068 480 2154 ὑπέρτερον
502 2060 642 2154 ἥγηνται,
675 2069 728 2132 ἵνα
749 2065 784 2133 τὸ
797 2141 803 2160 ι
817 2069 947 2152 εὐμενὲς
971 2070 1030 2134 τοῦ
1048 2072 1206 2155 κρατοῦν-

103 2192 158 2246 τος
179 2167 368 2254 σολὴσωοιν.

56 2275 94 2330 20
204 2272 286 2335 Ἀλλ’
311 2293 382 2335 aare
402 2270 436 2336 τὸ
459 2273 515 2354 τῆς
529 2273 642 2355 α’ρετης
663 2271 719 2334 τοῦ
739 2274 954 2350 βασιλέωςέ
912 2298 937 2353 μ
956 2295 1010 2355 ρος
1030 2272 1205 2357 αγέραοτον

104 2393 179 2435 οοτε
200 2393 235 2435 το
259 2363 404 2470 αλλως’
386 2395 459 2453 εχον
481 2371 663 2457 οἷνῶλεθρον
687 2395 723 2488 τη
740 2366 903 2456 Ῥωμαϊκῇ
924 2374 1106 2490 έπικρατείρ
1129 2374 1203 2438 δια.

102 2473 267 2556 μεμένηκε.
311 2476 385 2551 περί
405 2475 463 2551 μὲν
484 2470 544 2553 γὰρ
562 2471 626 2535 τῶν
644 2469 742 2549 ἐντός,
762 2493 848 2549 οπως
869 2468 1013 2545 καλῶς”
993 2494 1067 2555 εσχε
1088 2495 1128 2561 τρι
1117 2476 1204 2554 βα-

102 2577 195 2653 σιλεῖ,
216 2573 271 2636 καί
291 2569 334 2646 ῶς
356 2563 395 2654 ην
418 2573 505 2661 αδτρῖ
524 2571 686 2658 βονλητόν,
709 2573 771 2638 τῶν
790 2563 974 2639 naddaver
986 2576 1047 2655 μὲν
1068 2575 1205 2640 ι’διωτῶκ

179 2746 220 2799 16.
239 2750 439 2821 παραινέσεων
458 2748 487 2804 (λ

103 2903 243 2956 nonnullis
261 2906 353 2971 paucis
373 2919 472 2969 eorum,
495 2907 539 2974 qui
559 2906 590 2957 ad
612 2923 671 2957 eum
687 2909 847 2959 accederent
865 2914 892 2957 et
911 2906 1028 2974 benigne
1048 2908 1081 2959 ab
1101 2921 1133 2958 eo
1154 2921 1203 2960 ex

105 2978 267 3042 ciperentur
306 2977 375 3044 quod
401 2987 488 3028 autem
512 2991 607 3043 parcus
635 2986 692 3028 erat
718 2987 744 3028 et
769 2979 847 3026 nimis
866 2990 1020 3042 comparans
1038 2977 1204 3042 publicarum

103 3062 193 3099 rerum
218 3059 405 3116 nonnunquam
433 3051 511 3099 etiam
535 3063 589 3098 non
609 3049 740 3114 speciosis
768 3048 865 3108 causis,
885 3053 912 3095 et
930 3047 1000 3113 quod
1020 3062 1054 3097 ex
1072 3054 1204 3113 potestate

103 3119 220 3168 iudicem
240 3118 350 3186 agebat,
378 3128 404 3169 et
430 3117 616 3168 contemnebat
641 3115 782 3167 militarem
808 3116 941 3167 fortunam·
964 3123 991 3166 ct
1008 3118 1205 3182 imperatoriam

104 3197 134 3239 ct
151 3189 191 3238 rei
208 3189 363 3241 iudiciariae
381 3189 478 3239 bonum
500 3193 595 3236 statum
612 3173 755 3237 multorum
783 3195 810 3238 et
828 3186 885 3236 lere
904 3188 1020 3238 omnium
1039 3188 1066 3237 in
1085 3187 1204 3241 Graeco.

103 3276 162 3311 rum
181 3275 287 3311 censum
317 3259 512 3318 adhibitorum,
533 3253 719 3322 perniciosum
744 3257 897 3309 censebant.
943 3258 1107 3311 excitabatur
1133 3261 1204 3311 enim

102 3330 187 3382 multa
205 3331 351 3399 indignatio
370 3343 470 3389 eorum,
488 3327 533 3394 qui
552 3329 665 3380 damnati
684 3336 759 3380 erant
770 3344 823 3380 non
837 3346 871 3381 ex
888 3329 959 3397 lege,
980 3338 1007 3381 et
1025 3332 1070 3398 qui
1087 3333 1204 3384 accusati

103 3401 182 3452 modo
204 3403 380 3484 sophistarum
402 3406 428 3448 et
447 3413 462 3446 a
482 3398 576 3465 quibus
598 3399 805 3464 exigebantur'
798 3417 826 3451 an
845 3403 976 3452 aerarium
994 3417 1049 3453 aon
1069 3403 1158 3454 debita
1177 3411 1204 3453 et

103 3473 313 3557 provinciarum,
333 3484 401 3538 quae
421 3469 586 3535 accipiebant
605 3469 779 3538 vectigalium
788 3487 969 3536 accessiones,
990 3481 1136 3535 eteorum,
1156 3473 1202 3538 qui
1259 3515 1266 3530 ,

104 3545 272 3594 incursiones
286 3539 451 3591 sustinebant
464 3540 635 3592 barbarorum
649 3557 708 3592 curn
722 3545 780 3593 sine
799 3543 933 3594 electione
951 3543 1072 3594 delectus
1091 3542 1204 3592 militum

104 3615 192 3665 steret.
236 3611 390 3662 dicebantur
419 3621 505 3662 autem
531 3626 585 3662 non
616 3613 689 3680 regis
715 3622 826 3666 naturae
853 3629 913 3666 esse
938 3613 1005 3663 baec
1032 3612 1116 3663 lacta:
1144 3628 1205 3664 esso

105 3687 179 3735 enim
196 3683 266 3732 bunc
291 3690 352 3733 ante
378 3684 515 3750 imperium
542 3682 679 3735 liberalem
701 3685 808 3736 omnino
826 3693 853 3735 et
871 3685 996 3735 vitiorum
1016 3690 1152 3748 expertem
1177 3691 1205 3734 et

82 3754 271 3807 fmiserationi
290 3769 398 3820 prorsus
417 3754 543 3817 deditum,
564 3755 752 3806 exitio‘tamen
773 3755 936 3823 quorundam
955 3760 982 3803 et
1008 3753 1203 3806 adhortationi.

105 3827 155 3878 bus
175 3823 285 3876 multum
305 3826 454 3892 agentibus,
475 3832 605 3892 quotquot
623 3826 699 3892 regia
717 3824 909 3877 benevolentia
925 3825 1008 3876 maius
1026 3824 1095 3876 nibil
1114 3841 1204 3894 aeque

106 3898 187 3949 altius
206 3903 310 3962 putant,
329 3904 358 3946 ut
377 3897 544 3947 clementiam
562 3897 730 3961 imperatoris
752 3896 882 3946 auferant.

209 3967 260 4021 Sed
276 3982 367 4034 neque
385 3983 446 4034 pars
465 3969 571 4020 virtutis
590 3967 663 4034 regis
682 3965 841 4018 inhonorata
857 3981 946 4033 neque
963 3967 1041 4019 aliter
1052 3959 1205 4034 comparata

110 4039 185 4090 exitii
210 4053 305 4105 expers
330 4037 458 4091 Graeco
451 4040 562 4105 imperio
581 4037 686 4088 mansit.
724 4051 785 4088 uam
800 4038 834 4090 de
852 4037 931 4091 rebus
951 4040 1114 4100 domesticis,
1133 4051 1203 4105 quo-

20 4133 28 4154 ι
105 4111 184 4163 modo
202 4110 271 4164 bene
290 4126 320 4164 sa
340 4109 469 4163 baberent
485 4111 554 4178 regi,
574 4118 601 4161 et
620 4109 752 4177 quomodo
771 4110 893 4163 essetab
913 4125 946 4162 eo
971 4117 1141 4177 prospectum
1166 4107 1204 4161 li.
