2875 4734
193 216 271 307 ato
341 261 344 267 ,
481 216 699 290 mensuras
735 175 996 288 emansores

195 383 365 467 παραλίοις
398 383 508 458 α’κταῖς
539 387 607 455 ταῖς
637 380 695 465 τὴν
731 381 885 464 βασιλίδα
921 376 1213 471 περιζωννυοόοαις
1239 380 1303 443 τῶν

196 483 320 550 πόλεων
330 482 593 568 προτειχισμάτια
611 480 666 545 διά
688 482 791 557 ξόλων
806 484 840 544 ἐκ
851 481 977 564 χρόνων
996 480 1127 563 μακρῶν
1138 482 1303 562 γενόμενα,

196 588 252 652 καί
281 590 322 674 τῇ
352 585 470 669 γείτονι
501 584 649 671 θαλάσσῃ
679 576 743 647 οἷον
775 581 1024 665 περιπλεκόμενα
1048 576 1303 665 ἢπεριπτυσσόψ

180 692 276 771 ’μτνα
291 680 314 770 ἢ
328 684 402 761 τοδς
417 680 566 769 ἓλιγμοδς
585 686 684 768 αότῆς
699 680 942 765 άντωθοόμενα,
964 686 1019 747 καί
1036 690 1105 757 ταῖς
1124 686 1301 765 κατακρου-

196 812 248 854 σιν
273 774 388 852 ὁλκάσι
409 790 464 851 καί
482 796 546 862 τοῖς
569 789 603 849 ἐκ
619 790 679 869 γῆς
697 783 849 870 ἐμπόροις
870 783 1048 867 εὐμάρειαν
1061 780 1139 865 πρός
1154 780 1210 866 τὴν
1225 782 1328 851 σεδ-5

107 882 113 884 ⁴
194 913 247 956 σιν
267 892 323 953 καί
340 886 397 969 τήν
418 892 480 954 τῶν
502 884 775 970 συναλλαγμάτων
802 888 956 951 ου’στασιν
977 884 1183 967 παρεχόμενα
1205 884 1302 967 (σκά-

195 996 251 1055 λαι
278 990 316 1075 τῇ
337 990 425 1075 κοινῇ
457 991 610 1075 διαλέκτῳ
641 988 924 1071 κατονομάζονται)
959 985 1116 1061 δεσπότας
1139 980 1225 1067 εἶχον
1248 982 1302 1056 καί

196 1082 311 1167 ἄλλους
334 1088 441 1163 τινός·
472 1088 526 1154 ἐπί
545 1092 638 1152 πλέον
659 1090 694 1151 δὲ
714 1089 776 1150 τῶν
797 1091 914 1152 λοιπῶν
935 1090 1120 1157 δεσποτείαν
1138 1088 1301 1169 ἐκέκτηντο

170 1179 174 1186 ’
196 1186 237 1257 τά
262 1213 296 1255 τε
314 1196 555 1275 πτωχοτροφεῖα
572 1189 627 1251 καί
644 1195 832 1267 νοσοκομεῖα
856 1186 912 1252 καί
929 1189 959 1251 οῖ
980 1189 1084 1252 λοιποί
1104 1190 1229 1269 adoptio
1251 1180 1301 1251 οἶ-

195 1312 248 1355 κοι
269 1294 324 1354 κατ’
346 1289 595 1375 φροντιστηρίων
616 1286 770 1373 διάφορα,
794 1287 832 1349 οδ
855 1286 953 1368 μόνον
978 1289 1006 1350 δ’
1030 1288 1063 1351 ἐν
1086 1291 1124 1373 τῇ
1145 1290 1344 1366 βασιλευ-λθ
1417 1310 1418 1337 l

198 1390 275 1477 οόση
299 1390 380 1454 άλλά
410 1388 464 1453 καί
484 1387 517 1453 ἔν
537 1412 602 1453 τισι
625 1392 687 1453 τῶν
710 1390 854 1454 δπινείων
883 1388 994 1471 αὐτῆς.
1045 1390 1099 1451 καί
1120 1387 1228 1462 ἁπλῶς
1249 1389 1302 1453 αἰ-

197 1494 305 1575 ηιαλοί
335 1490 448 1565 πάντες
470 1482 625 1563 δεσπότας
645 1483 745 1569 εεῖχον
777 1484 851 1561 τοός
873 1489 906 1565 ἐξ
939 1485 1072 1571 ἤπειρον
1095 1487 1301 1565 δεσπόζοντος

198 1591 275 1656 κατά
305 1588 343 1654 τά
374 1590 493 1674 πάτριοι
513 1588 630 1669 νόμιμα
661 1596 714 1651 καί
733 1588 789 1663 τάς
808 1586 978 1671 βασιλικάς
1000 1586 1182 1673 διατάξεις,
1204 1586 1245 1652 αἲ
1264 1614 1302 1653 τα

198 1690 346 1777 πρόθυρα
373 1691 428 1772 τῆς
458 1684 637 1773 θαλάσσης·
652 1698 716 1763 τοϊς
748 1692 1033 1774 παρακεκτημὲνοις
1062 1692 1095 1753 ἐν
1124 1691 1161 1774 τῇ
1185 1693 1303 1769 γείτονι
1417 1766 1418 1771 ¹

197 1796 305 1878 χέρσῳ
318 1796 504 1873 παρέχουσι.
517 1790 636 1855 τούτων
651 1791 668 1854 ό
682 1794 757 1876 πρίν
770 1793 952 1874 βασιλεύων
963 1787 1082 1864 πάντας
1095 1788 1169 1863 τούς
1185 1790 1302 1853 δεσπό-
1313 1802 1346 1856 15
1417 1796 1418 1889 l

199 1916 255 1968 τας
267 1892 322 1975 τῆς
342 1887 521 1976 κυριότητος
539 1894 662 1973 ἰταμῶς
676 1893 884 1976 α’πεστέρησε,
906 1889 1083 1977 προφάσεις
1097 1894 1302 1965 ε’πανατείνας
1343 1898 1347 1903 ’

200 1992 318 2067 ἓῶλους
341 2015 375 2054 τε
406 1994 462 2055 καί
480 1996 690 2076 μεγηρακυίας
718 1998 773 2057 καί
794 1988 864 2057 δλον
885 1992 1024 2075 ε’χοόσας
1045 1990 1079 2059 τό
1103 1994 1303 2075 ε’νδομυχοῶν
1417 1994 1418 1999 '

199 2093 473 2176 εδκατάγνωστον,
496 2098 721 2178 δονεργοόντος
745 2096 830 2183 αὐτῷ
851 2090 1046 2177 θερμότερόν
1066 2118 1099 2158 τε
1123 2093 1176 2157 καί
1195 2089 1305 2175 βιαιό-

199 2218 291 2280 τερον
313 2198 371 2280 τοῦ
391 2196 448 2277 τῆς
477 2200 540 2260 τῶν
561 2199 806 2279 Νεοκαισαρόων
834 2194 999 2279 ἐκκλησίας
1032 2198 1303 2278 προβεβλημένου.

198 2299 394 2381 τυραννικῶς
406 2293 467 2378 γάρ
476 2299 596 2375 μάλλον
608 2282 866 2380 ἢοίρχιεραιικῶς
878 2295 933 2361 τόν
945 2298 1195 2376 ἐμπιστευθέντα
1204 2294 1303 2381 τούτῳ
1314 2312 1349 2365 20
1417 2328 1418 2381 η

199 2393 311 2480 θρόνον
319 2399 375 2483 τῆς
384 2402 441 2461 τοῦ
451 2400 621 2477 βασιλικοῦ
631 2398 842 2483 σακελλαρίου
854 2398 1009 2482 προβολῆς
1019 2399 1155 2476 διοικῶν,
1167 2392 1304 2477 ἐμισήθη

200 2522 235 2570 τε
257 2499 345 2584 παρά
359 2496 483 2567 πάντῶν
504 2499 558 2564 καί
578 2497 631 2565 διά
646 2502 705 2575 τάς
718 2494 930 2584 άπηνεστέρας
945 2499 1074 2581 πράξεις
1088 2496 1303 2581 α’πηνεστέραν

272 2677 299 2729 2.
317 2683 538 2750 προτειχίσματι
557 2677 586 2731 G.
642 2679 668 2729 3.
682 2676 915 2751 περιπλακόμενα
934 2674 984 2731 0.·
1022 2676 1063 2729 12.
1086 2675 1252 2735 δεσποτείας
1270 2672 1299 2727 G.

204 2831 294 2899 gisam
312 2829 416 2881 urbium
436 2832 563 2900 cingunt,
590 2833 793 2900 propugnacula
824 2833 905 2901 lignis
935 2848 968 2883 ex
986 2831 1069 2901 longo
1092 2838 1213 2897 tempore
1232 2830 1302 2881 laeta

206 2908 234 2952 et
251 2901 341 2952 vicino
360 2904 426 2953 mari
445 2906 520 2972 quasi
539 2903 733 2955 circumvoluta
752 2912 797 2955 aut
816 2906 988 2955 circumtecta
1007 2910 1052 2954 aut
1070 2910 1159 2955 aestus
1179 2902 1236 2953 eius
1255 2917 1301 2951 re.

204 2971 335 3039 pellentia
355 2982 381 3025 et
399 2974 597 3042 appellentibus
621 2975 734 3027 navibus
760 2976 893 3027 tractoriis
913 2983 939 3026 et
954 2975 1125 3026 terrestribus
1143 2973 1301 3024 mercatori.

203 3043 252 3095 bus
272 3044 426 3110 facultatem
460 3047 545 3097 standi
571 3056 598 3099 et
624 3056 701 3113 pacta
727 3047 903 3113 componendi
928 3047 1098 3112 praebentia:
1118 3044 1207 3096 scalae
1226 3058 1301 3097 conr.

202 3116 275 3165 muni
301 3115 415 3167 dialecto
436 3125 580 3169 vocanturr
604 3118 729 3171 dominos
755 3118 889 3169 habebant
915 3125 942 3169 et
970 3118 1038 3169 alios
1057 3116 1198 3184 quosdamr
1217 3114 1300 3182 magis

202 3194 290 3237 antem
309 3188 406 3238 ceteris
429 3189 636 3241 dominationem
660 3190 794 3242 habebant
820 3197 846 3241 et
864 3189 981 3255 hospitia
998 3204 1142 3255 pauperum
1166 3195 1192 3238 et
1216 3200 1300 3237 noso.

202 3257 288 3306 comia
308 3263 345 3307 et·
354 3266 443 3309 cetera
463 3260 506 3324 pia
522 3262 644 3314 aedilicia
664 3270 690 3313 et
707 3262 888 3325 monasteria,
908 3262 983 3313 varia
1000 3275 1056 3311 non
1077 3257 1163 3311 solum
1189 3258 1217 3308 in
1235 3256 1301 3309 urbe

202 3326 250 3378 sed
270 3326 349 3378 etiarn
368 3328 395 3378 in
415 3325 570 3397 quibus'dam
589 3332 710 3400 portibus
731 3334 798 3384 eins.

300 3399 390 3467 Atque
409 3402 515 3452 omnino
534 3403 615 3455 litora
637 3405 726 3455 omnia
744 3405 939 3458 dominationes
958 3401 1100 3467 habebant,
1120 3419 1135 3453 e
1154 3400 1301 3453 continenti

202 3468 322 3521 dominos
341 3472 485 3523 secundum
503 3476 604 3539 patrios
622 3490 710 3545 mores
731 3477 863 3545 et.regias
883 3476 1107 3539 constitutiones,
1129 3489 1196 3542 quae
1215 3472 1301 3525 aditus

199 3541 280 3591 maris
298 3542 342 3607 iis,
361 3545 406 3609 qui
425 3559 596 3609 possessores
615 3556 677 3598 sunt
694 3548 722 3598 in
748 3549 837 3600 vicina
856 3549 1013 3611 continenti,
1033 3546 1170 3613 praebent.
1208 3542 1300 3593 borum

200 3612 275 3683 prior
299 3628 348 3663 rex
374 3629 465 3666 omnes
499 3616 619 3668 dominos
644 3625 777 3683 potestate
802 3620 971 3685 impudenter
998 3618 1134 3685 privavit,
1164 3622 1301 3681 praetexta

201 3683 348 3737 extendens
380 3685 516 3752 decrepita
542 3695 569 3737 et
597 3688 719 3740 obsoleta
748 3696 775 3739 et
795 3680 902 3740 omnium
932 3690 1038 3741 occulta
1057 3696 1084 3739 et
1102 3685 1301 3753 vituperabilia,

202 3767 262 3802 cum
283 3754 458 3807 auxiliaretur
480 3759 505 3808 ei
523 3758 635 3810 calidius
655 3768 682 3810 et
700 3758 846 3811 violentius
866 3775 975 3826 praeses
995 3760 1128 3811 ecclesiae
1147 3756 1300 3809 Neocaesa-
1328 3774 1335 3781 ·

201 3838 276 3876 reae.
319 3828 425 3889 tyranni
451 3831 521 3879 enim
550 3832 635 3897 magis
666 3846 742 3898 qnam
767 3830 902 3897 pontificis
927 3833 1020 3882 summi
1048 3832 1152 3881 ratione
1173 3828 1301 3879 creditum

202 3894 264 3945 lruie
283 3895 406 3949 thronum
427 3902 553 3965 praesidii
582 3903 651 3970 regii
678 3901 814 3955 sacellarii
842 3902 1025 3955 administrans
1052 3910 1079 3952 et
1103 3903 1164 3952 odio
1195 3899 1301 3951 babitus

202 3973 243 4017 est
261 3966 294 4017 nb
307 3966 434 4020 vomuibus
455 3978 482 4021 et
499 3981 609 4039 propter
630 3974 782 4025 crudeliora
801 3973 869 4025 facta
889 3974 1066 4025 crudeliorem
1086 3988 1172 4039 paene
1190 3972 1302 4036 pericu-

201 4036 256 4087 lum
274 4038 355 4091 subiit
373 4041 529 4092 inveniendi
550 4046 659 4109 exitum,
679 4046 832 4111 repudiatus
853 4054 879 4095 et
898 4060 913 4095 a
931 4045 1051 4111 plurimis
1070 4042 1186 4110 collegis
1204 4058 1303 4103 mune-

201 4121 261 4160 rnnr
279 4118 307 4163 et
323 4112 494 4179 pontificibus
518 4116 626 4169 summis
645 4124 674 4167 nt
692 4118 821 4177 societate
842 4130 934 4169 eorum
951 4116 1086 4187 indiguus,
1106 4117 1168 4184 quia
1187 4114 1303 4167 terrenis
