2875 4734
232 217 282 301 to
433 205 435 210 ’
490 205 743 300 ‘utcnlmts
776 227 1037 298 nmmtomn

232 364 297 454 μήν
321 365 401 432 ἀλλά
432 370 487 432 καί
516 371 632 433 καινοόν
663 367 844 453 οἰκημάτων
875 369 909 434 ἐν
934 365 1101 454 διαφόροις
1130 358 1240 439 τόσοις
1260 361 1340 428 ἐπε-

233 468 361 552 ποίητο,
391 470 446 532 καί
466 467 672 550 ἀνοικοδομάς
693 476 842 551 συνεχεῖς·
860 465 942 550 ἔχων
961 470 995 554 ἐν
1016 466 1144 540 ταύταις
1164 465 1339 550 φροντίδας

233 568 569 650 κατεκίνουσυχνάςτ
614 565 648 633 τό
674 570 709 633 δὲ
735 571 799 632 τιόν
821 562 902 633 όλων
924 567 1072 633 ἀπόντων
1104 565 1262 649 όπερίχον
1283 567 1341 629 καί

233 665 471 754 προτιμώμενοι
491 660 581 755 αότρῖ
602 663 636 730 τό
659 668 900 754 φροντιστήριον
920 657 978 754 ῆν,
1005 667 1051 742 είς
1075 661 1095 727 ό
1117 664 1172 729 καί
1186 659 1220 729 τό
1246 685 1339 747 περι-

128 811 132 816 -
233 771 346 841 καλλὲς
367 763 455 850 ιἐρόν
475 771 637 852 ἀνηγέρθη
660 769 711 850 ἀπ’Ι
730 764 861 849 όνόματι
883 768 942 832 τοό
963 770 997 831 ἐν
1014 765 1158 849 μάρτυσι
1178 759 1364 846 nupturi-5

232 887 295 946 μου
318 862 412 948 ἀγίου
433 869 464 932 Γ
462 865 605 951 εωργίοο,
628 869 812 950 οἰκοδομαῖς
834 863 959 950 ἑτέραις
980 871 1160 949 βασιλικαῖς
1180 865 1338 945 όκλελαμ-

176 979 184 986 “
233 970 430 1052 προσμένον,
463 966 518 1030 καί
548 966 666 1052 πολλήν
698 965 773 1050 ἔχον
794 965 853 1051 τήν
871 964 1033 1050 τερπωλήν
1060 973 1123 1053 τοῖς
1150 967 1338 1048 περιέχουσι

232 1068 335 1130 ταῦτα
366 1069 501 1150 λειμιόσι
527 1070 582 1132 καί
609 1075 677 1144 ταῖς
699 1071 842 1152 ἐαρινοῖς
868 1064 981 1153 πόαις,
1001 1062 1044 1140 οἷς
1077 1054 1338 1145 ἀνταμιλλτῖσθαι

232 1163 290 1243 τός
311 1165 479 1248 οἰκοδομάς
501 1176 566 1243 τοῖς
591 1164 765 1252 όπαίθροις
785 1171 840 1231 καί
850 1159 911 1230 ’ἀιά
930 1171 992 1232 τάν
1014 1165 1207 1251 ἀμφοτέρων
1230 1162 1338 1246 ἀρμο-

232 1271 302 1332 νίαν
323 1262 441 1352 ῆδονῆς
476 1275 539 1344 τοῖς
571 1272 703 1345 θεαταῖς
730 1270 959 1353 περιγίνεσθαι.
1009 1268 1134 1350 συνῆψε
1156 1267 1192 1330 δὲ
1212 1265 1381 1359 τοότοιςιρ

233 1371 288 1432 καί
307 1376 506 1450 νοοοκομεῖον
528 1359 710 1452 ἐπιμελείας
738 1367 928 1447 ἀνόμεστον.
982 1364 1077 1453 φόσει
1100 1368 1135 1430 δδ
1155 1370 1338 1448 μεγαλουρ-

232 1465 285 1551 ybs
306 1461 349 1531 ἀν
370 1471 426 1532 καί
445 1472 619 1549 βασιλικῶν
637 1470 781 1551 χαρίτων
795 1468 971 1548 ἀνάπλεως,
984 1465 1040 1531 καί
1054 1465 1144 1545 ζώων
1164 1462 1338 1546 ἀσυνήθεις

136 1649 139 1654 ,
232 1568 321 1642 ι’δδας
341 1575 405 1643 τοϊς
426 1566 575 1653 ὑπηκόοις
607 1569 640 1645 ἐξ
662 1568 843 1650 ἀλλοδαπῆς
865 1567 1084 1653 παρεστήσατο
1104 1569 1178 1651 γῆς,
1197 1565 1272 1646 μεθ’
1293 1556 1338 1631 οἷν

235 1669 290 1730 καί
310 1665 366 1730 τόν
386 1669 533 1750 μέγιστον
563 1664 596 1730 όν
616 1655 830 1748 τετραπόδοις
862 1669 1018 1754 ἐλέφαντα
1032 1717 1043 1748 ,
1075 1659 1109 1742 ός
1137 1667 1251 1746 θαόμα
1273 1673 1339 1740 τοῖς

117 1805 122 1822 1
234 1768 424 1844 Βυζαντίοις
451 1770 505 1833 καί
532 1776 595 1842 τοῖς
618 1760 726 1842 ἀλλοις
749 1766 932 1850 Ῥωμαίοις,
962 1760 1072 1843 ἀνείς
1093 1759 1168 1848 όψιν
1200 1764 1339 1849 ἐλήλυθε
1349 1783 1381 1834 15

235 1862 453 1953 διερχόμενος,
482 1867 704 1954 ἐχρημάτισεν.
757 1865 826 1934 ἔστι
846 1869 908 1953 μάρ
935 1873 1065 1952 μεγέθει
1091 1872 1152 1950 μὲν
1182 1870 1339 1949 μέγιστος,

234 1963 309 2041 τοός
337 1961 439 2045 πόδας
470 1965 554 2051 ἔχων
575 1971 728 2055 ἐμφερεῖς
761 1969 973 2045 Ἀτλαντικοῖς
1004 1972 1126 2050 κίοσιν,
1148 1960 1216 2034 οότα
1236 1968 1339 2049 μηδὲν

237 2064 370 2141 ἀσπίδος
390 2072 596 2153 πελταστικῆς
621 2070 815 2154 ἀποδέοντα,
836 2073 957 2154 κίνησιν
984 2062 1123 2135 ἀστατον
1146 2065 1201 2132 διά
1224 2064 1340 2140 παντός

236 2163 486 2249 προβαλλόμενα,
506 2167 564 2234 οόκ
587 2163 738 2245 ἀναιτίως
758 2175 867 2250 μέντοι
890 2170 974 2235 ἀλλά
996 2169 1088 2258 φόβρι
1107 2174 1165 2235 rori
1181 2164 1340 2240 κάιωπος.

236 2267 361 2330 πόντων
383 2266 444 2352 γὰρ
468 2271 531 2334 τάν
548 2274 704 2352 μεγίστων
724 2274 846 2355 θηρίων
859 2273 986 2352 κρατάν
1004 2271 1039 2334 ἐν
1060 2268 1150 2353 ἶσχόι
1172 2272 1227 2333 καί
1246 2268 1384 2332 ‹ilat-2⁰

236 2362 363 2450 μότητι,
386 2365 473 2451 παρά
495 2367 596 2447 μόνου
618 2371 676 2434 τοό
699 2368 848 2447 κώνωπος
877 2354 1033 2455 ήττάσθαι
1056 2367 1207 2452 ὁμολογεῖ
1222 2369 1277 2430 καί
1297 2367 1341 2441 ἀς

237 2465 370 2549 θιόρακα
394 2467 451 2551 τῆν
470 2470 531 2534 τοόν
552 2463 641 2534 ιότων
664 2471 784 2553 κίνησιν
805 2465 972 2555 ἀντεπάμει
996 2470 1094 2558 αὐτῷ,
1117 2467 1177 2552 τῆν
1199 2471 1343 2554 προσβο-
1429 2498 1432 2533 ι

237 2560 295 2648 λῆν
313 2562 425 2631 τοότου
442 2567 607 2652 μακρόθεν
627 2572 814 2651 ἀποσοβιόν·
837 2570 867 2634 εί
892 2572 954 2656 γὰρ
979 2566 1090 2635 λαθιόν
1110 2566 1230 2650 κοόνωψ
1253 2565 1343 2642 ἐντός
1430 2610 1431 2613 =

310 2737 560 2862 linguabn‘tmtm
579 2739 789 2814 δνοιιιοδομάτ,
807 2743 856 2794 καλ
875 2737 927 2794 ml
996 2737 1023 2790 3.
1043 2753 1077 2791 an
1095 2741 1263 2818 κατεκαλνοο
1282 2749 1344 2788 cnm
1429 2782 1431 2851 η

241 2985 380 3045 superaret
399 2987 426 3033 et
444 2984 535 3052 magis·
550 2984 583 3036 ab
604 3001 636 3036 οο
666 2983 811 3048 coleretur,
831 2992 888 3035 erat
910 2983 1108 3045 monasterinm,
1127 2981 1155 3032 in
1173 2981 1243 3050 qood
1262 2982 1343 3033 etiam

239 3051 428 3118 perpulchrum
453 3055 580 3122 templum
605 3057 755 3108 restitutum
775 3063 816 3107 est
833 3057 993 3123 cognomine
1011 3053 1180 3105 celeberrimi
1198 3060 1342 3118 martyrum

239 3123 324 3173 sancti
345 3123 471 3192 Georgii,
499 3127 629 3179 aediliciis
657 3127 718 3179 aliis
738 3128 821 3193 regiis
846 3126 961 3189 illustre,
988 3133 1015 3176 et
1032 3125 1127 3176 multas
1147 3124 1247 3176 babens
1269 3122 1343 3175 deli.

240 3194 295 3243 cias
316 3196 399 3258 pratis
420 3195 486 3246 haec
506 3197 673 3265 cingentibus
693 3206 721 3248 et
738 3200 829 3249 vernis
843 3196 952 3248 boribus
970 3198 1007 3247 ita
1026 3204 1055 3247 ut
1066 3203 1199 3246 certarent
1219 3194 1343 3246 aedilicia

241 3278 299 3314 cum
318 3266 418 3328 apertis
433 3264 502 3318 locis
521 3275 548 3317 et
566 3270 686 3335 utrisque
706 3268 842 3320 harmonia
860 3268 950 3336 gaudii
965 3267 1158 3333 spectatoribus
1177 3273 1341 3332 superesset.

146 3357 153 3370 ν
241 3333 360 3383 adiunxit
386 3343 473 3386 autem
500 3336 540 3388 his
568 3340 645 3390 ctiam
674 3341 856 3390 nosocomium
889 3353 952 3390 eura
978 3338 1105 3405 plenom3
1129 3344 1223 3387 natura
1254 3343 1343 3387 autem

241 3406 421 3470 magnanimus
442 3415 469 3457 et
483 3408 615 3475 regiarum
633 3412 777 3476 gratiarnm
792 3410 887 3477 plenus
907 3417 933 3460 ct
950 3408 1101 3460 animalium
1120 3409 1224 3459 insueta
1241 3421 1343 3475 genera

243 3474 370 3528 subiectis
389 3493 423 3527 cx
441 3480 585 3548 peregrina
599 3482 763 3546 transposuit
782 3489 862 3545 terra,
881 3482 952 3531 inter
967 3495 1036 3548 quac
1055 3481 1134 3530 etiam
1154 3479 1295 3529 maximum
1313 3480 1343 3528 in

243 3545 455 3614 quadrupedibus
475 3548 659 3616 elephantum,
691 3553 737 3618 qui
755 3552 911 3603 miraculum
928 3551 1066 3616 Byzantiis
1095 3557 1124 3600 et
1140 3548 1343 3601 ceteris'Grae-

243 3618 291 3680 cis,
310 3633 420 3685 quorum
439 3620 465 3670 in
484 3629 654 3687 conspectum
673 3623 748 3674 veuit
767 3624 908 3687 transiens,
927 3622 997 3672 emit.
1018 3630 1060 3672 est
1072 3622 1142 3672 enim
1160 3619 1343 3687 magnitudine

213 3721 219 3731 1
242 3690 385 3752 maximus,
415 3691 496 3756 perles
522 3691 622 3743 habens
648 3692 750 3744 similes
769 3694 911 3747 Atlanticis
942 3693 1082 3754 columnis,
1101 3706 1179 3744 aures
1197 3690 1266 3742 nibil
1285 3690 1343 3740 levi
1375 3717 1380 3722 ·

245 3765 320 3808 scuto
340 3760 493 3826 inferiores,
512 3770 585 3814 motu
609 3765 771 3816 inconstanti
800 3773 930 3832 perpetuo
961 3779 991 3814 se
1009 3763 1181 3830 proficientes
1205 3777 1259 3812 non
1283 3762 1343 3812 sine

244 3840 328 3878 causa,
342 3830 447 3896 quidem
466 3833 513 3884 sed
539 3844 610 3885 metu
629 3849 751 3890 muscae:
774 3837 890 3887 omnium
913 3835 983 3884 enim
1001 3834 1172 3884 maximorum
1190 3832 1343 3884 animalium

243 3904 338 3964 potens
357 3899 454 3952 robore
474 3911 501 3954 ct
519 3905 546 3955 vi
566 3921 581 3955 a
600 3905 658 3957 sola
669 3921 760 3959 musea
775 3923 807 3960 ae
825 3906 898 3958 vinci
917 3905 1026 3971 patitur,
1045 3913 1072 3956 ct
1091 3912 1119 3956 ut
1136 3904 1273 3956 thoracem
1282 3916 1343 3954 ‘au-

244 3969 311 4020 rium
331 3977 428 4021 motum
448 3974 560 4040 opponit
579 3977 614 4037 ci,
635 3977 762 4043 impetum
783 3977 861 4029 buius
881 3992 915 4027 ex
936 3975 1018 4042 longo
1037 3976 1183 4041 dissipans3
1203 3977 1302 4026 etenim
1318 3973 1343 4025 si

243 4038 310 4090 olam
329 4057 419 4094 musca
437 4044 507 4095 intus
526 4045 667 4097 intraverit
684 4063 774 4100 aurem
796 4050 864 4110 cius,
888 4061 1002 4114 poenam
1023 4048 1048 4097 ei
1066 4049 1205 4098 maximam
1224 4054 1252 4096 et
1267 4060 1343 4096 mor.

243 4118 295 4164 tem
315 4113 434 4181 imponit.
472 4117 554 4168 utitur
572 4123 659 4168 autem
679 4130 743 4170 nare
762 4113 888 4186 quantum
906 4118 986 4169 etiam
1005 4132 1093 4169 manu.
1131 4127 1172 4170 est
1191 4119 1260 4172 euim
1278 4116 1342 4168 lon-
