2875 4734
238 266 311 337 308
540 269 761 337 circulans
790 267 1049 336 duroman

236 433 294 513 κῆς
313 431 369 512 τῆς
391 426 503 504 νυκτός
533 433 592 503 ἕως
612 436 815 514 μεσημβριλις
846 432 954 514 αύτής.
1000 419 1337 511 εἶταοομφρονησύν-

244 554 307 594 τιον
326 537 391 604 τοῖς
410 530 624 612 α’ποστώταις,
645 534 699 617 (lips
724 534 779 593 καί
802 534 841 592 ου’
863 535 974 594 πειθοῖ
980 578 989 608 ,
1013 532 1074 593 τῶν
1097 522 1336 603 α’ντιδοξούνταν

240 626 274 693 cd
296 628 464 713 πρότερον,
491 626 590 693 ἔπαθε
613 634 673 709 μὲν
704 630 810 705 ου’δείς
832 635 896 695 τών
919 632 952 693 ἐν
981 632 1020 717 τῇ
1045 623 1259 713 βασιλευούσῃ
1286 621 1336 685 καί

235 728 295 812 τήν
315 728 426 812 ψυχήν
442 731 640 815 κατεσείσθη.
663 731 836 816 δημοτικήν
858 733 892 795 δὲ
914 735 1076 815 φλυαρίαν
1088 732 1145 793 καί
1161 726 1334 810 μειρακιώ-

237 832 290 906 δες
313 824 447 913 ύθυρμα
470 837 679 919 λογισαμένου
699 835 757 909 τού
776 822 988 913 βασιλέωςπό
1014 828 1159 914 γεγονός,
1189 825 1356 909 σονήχθηο

235 936 324 997 πᾶσα
350 931 368 1016 ή
390 934 542 1014 γερουσία
565 931 621 996 καί
640 936 696 1016 τῆς
715 930 893 1016 συγκλήτου
917 934 1034 1014 βουλῆς
1053 927 1087 995 τύ
1106 927 1255 1012 ἔκκριτον,
1276 922 1333 1008 τήν
1424 930 1425 947 ’

237 1037 343 1099 πίστιν
365 1033 471 1098 αύτών
497 1036 753 1116 ἐπιβεβαιούντες
775 1025 817 1121 τῷ
840 1039 972 1114 βασιλεῖ’
988 1034 1043 1096 καί
1062 1032 1331 1115 πληροφσροῦντες

230 1139 351 1219 μέχρις
375 1133 493 1200 ὀστέων
515 1138 570 1198 aas*
590 1138 718 1215 μυελῶν
739 1135 953 1199 κινδυνεύσειν
972 1129 1167 1213 ύπὲραύτού
1179 1127 1233 1194 κατ’
1254 1151 1331 1191 πον-

237 1235 333 1320 δημεί
351 1232 424 1309 τούς
447 1235 629 1320 ἀλιτηρίους
652 1239 944 1318 καταγωνίσασθαι.
988 1231 1196 1315 συνήχθησαν
1222 1232 1257 1294 δὲ
1281 1227 1334 1292 καί

237 1333 268 1399 οἶ
287 1337 344 1419 τήν
365 1333 596 1420 στρατεύσιμον
617 1330 743 1420 ήλικίαν
764 1335 897 1419 ἔχοντες,
927 1339 982 1399 καί
1004 1330 1073 1398 ὅσοι
1096 1330 1152 1415 τῆς
1171 1332 1333 1413 βασιλικῆς
1343 1352 1372 1407 10

237 1439 447 1523 δορυφορίας,
469 1436 703 1522 α’καιύπληκτον
726 1435 850 1520 ἔχοντες
872 1438 927 1521 τήν
949 1434 1061 1521 ὁρμήν,
1092 1436 1148 1497 καί
1164 1433 1334 1515 προκινδυ-
1426 1512 1427 1515 ¹

235 1540 350 1603 νεῦσαι
370 1542 427 1603 τοῦ
449 1535 685 1624 φιλανθρώπου
706 1543 862 1616 βασιλέως
884 1541 940 1600 καί
967 1538 1223 1620 φιλοικτίρμονος
1254 1554 1333 1616 προ·
1425 1528 1427 1539 ’

235 1633 448 1720 θυμούμενοι.
492 1636 564 1701 δ’δὲ
585 1634 644 1720 τήν
676 1635 823 1702 ἁπάντων
858 1636 1028 1710 ἐπαινέσας
1051 1640 1250 1719 προαίρεσιν,
1280 1632 1336 1697 aaa*

234 1737 330 1822 γνούς
352 1739 422 1801 οἵαν
444 1736 684 1822 εὐγνωμοσύνην
704 1736 772 1821 ἔχει
795 1736 874 1821 πρὸς
905 1731 1000 1802 αύιόν
1021 1733 1055 1801 τύ
1081 1732 1219 1819 ὑπήκοον
1241 1736 1334 1818 (τού-

236 1861 294 1902 του
315 1838 375 1921 γύρ
394 1836 492 1921 χάριν
513 1822 619 1919 οἴομαι
642 1839 696 1902 τὸν
715 1823 857 1923 τάραχον
878 1838 1003 1903 τουτονὶ
1025 1839 1311 1921 παρατολμηθήναι
1327 1853 1375 1915 ,15

236 1940 289 2001 ἵνα
312 1935 451 2023 φανερὸν
474 1936 508 2004 τύ
533 1935 765 2022 παριστάμενον
789 1940 865 2003 πᾶσι
888 1942 1052 2023 γένηται),
1076 1935 1173 2001 ναυσὶ
1192 1940 1252 2016 μὲν
1276 1958 1337 1999 πο-

237 2046 381 2121 λεμικαῖς
402 2039 459 2104 τόν
481 2042 592 2104 τούτου
617 2040 764 2123 πορθμὸν
786 2038 1008 2122 κατονχύραισε,
1029 2042 1151 2120 μείζονι
1173 2039 1208 2102 δὲ
1228 2062 1338 2119 παρα-

236 2143 333 2228 σκεοῇ
359 2137 398 2204 τοὶ
428 2138 509 2203 κατοὶ
540 2143 604 2204 τών
634 2141 821 2206 α’ποστατών
852 2136 1013 2221 ε’ξαρτύοον
1046 2133 1131 2220 ὅμως
1163 2136 1221 2203 κατ’
1247 2161 1336 2211 τινας

237 2240 402 2305 α’πέστειλε
430 2237 508 2323 πρύς
532 2239 660 2321 αύτούς,
693 2242 955 2321 πυνθανομένους
986 2246 1020 2304 σι’
1037 2240 1189 2321 βούλεται
1211 2239 1337 2313 τούτοις

237 2337 272 2402 τύ
297 2343 470 2417 στασιῶδες
491 2346 582 2407 τουτί
600 2342 656 2408 κατ’
676 2343 856 2423 α’πώμοτον.
902 2340 931 2405 οἱ
955 2344 989 2405 δὲ
1023 2342 1081 2425 τήν
1103 2334 1240 2405 ύστατον
1273 2359 1378 2413 rra-20
1429 2376 1430 2393 a

237 2444 359 2525 ροινιάν
382 2443 554 2506 αύτώνιιαί
574 2442 729 2522 ἀδόκιμον
750 2442 1036 2526 γλωσσαλγιάυκαί
1047 2444 1339 2527 παρακεκινδυνευ-
1429 2444 1430 2451 '

234 2546 332 2626 με’νην
354 2535 506 2607 α’πόνοιαν
529 2542 799 2627 ὁμολογήσαντες,
831 2540 1018 2626 συγγνώμην
1040 2566 1073 2608 τε
1102 2535 1199 2629 ᾔτουν
1228 2548 1338 2624 λαβεῖν

235 2644 291 2705 καί
310 2647 372 2707 τών
395 2645 706 2728 πεπλημμελημένιον
727 2638 949 2729 συγχώρησιν,
974 2646 1029 2707 καί
1050 2646 1105 2726 τῆς
1132 2647 1337 2723 συμπαθείας

235 2737 353 2825 ταύτης
373 2745 524 2825 ἐνέχυρον
545 2740 601 2825 τήν
623 2746 668 2817 εἰς
693 2744 836 2807 coenabo
858 2740 1032 2828 περαιόισιν
1053 2739 1258 2827 ε’πεζήτηοαν,
1281 2740 1339 2806 καί

212 2834 340 2916 ,ούτοος
361 2840 459 2907 αύτόν
478 2838 533 2906 τδν
554 2846 743 2925 πρωταίτιον
771 2846 827 2928 τῆς
850 2848 1001 2929 κοσμικῆς
1026 2846 1242 2919 κακοπαθείας
1271 2857 1379 2911 πει-25

1417 494 1424 537 t

309 3021 351 3075 17.
367 3023 478 3091 τούτου]
498 3024 548 3075 τοῦ
565 3023 673 3078 Στενοῦ
682 3020 706 3072 ’δ’

238 3181 279 3226 est
301 3187 380 3223 nemo
398 3171 427 3221 in
449 3171 526 3238 regia
543 3170 707 3221 versantium
726 3170 867 3238 quidquam
892 3185 980 3239 neque
998 3172 1086 3221 animo
1113 3184 1259 3222 concussus
1280 3179 1337 3222 est:

237 3243 383 3311 populares
407 3248 496 3291 autem
523 3239 681 3309 quisquilias
703 3249 734 3292 et
751 3240 884 3293 iuveniles
912 3257 996 3309 ungas
1014 3249 1123 3308 putante
1140 3256 1207 3309 rege
1227 3241 1337 3305 iactam,

237 3321 347 3364 coactus
366 3320 408 3362 cst
424 3318 495 3364 totus
520 3320 627 3364 senatus
656 3320 682 3362 et
699 3320 848 3363 conventus
874 3312 955 3363 electi
985 3312 1062 3363 fidem
1081 3327 1154 3364 snam
1170 3312 1337 3364 affirmantes

235 3384 295 3451 regi
314 3392 340 3435 ct
358 3391 510 3434 asserentes
528 3399 558 3434 se
579 3398 664 3450 usque
682 3384 715 3434 ad
728 3397 788 3435 ossa
814 3391 840 3433 et
858 3380 1000 3435 medullam
1019 3390 1232 3452 propugnaturos
1252 3386 1288 3448 ci,
1309 3390 1340 3434 et

236 3463 293 3507 toto
312 3454 414 3523 populo
433 3453 564 3506 scelestos
583 3452 782 3505 debellaturos:
803 3455 926 3505 conducti
946 3463 1007 3506 sunt
1026 3456 1104 3505 etiam
1125 3456 1171 3522 qni
1191 3452 1338 3505 militarem

235 3534 349 3577 aetatem
369 3524 484 3593 agebant
503 3533 531 3575 et
549 3526 700 3593 quicunque
715 3541 748 3575 cx
760 3526 844 3593 regiis
863 3524 1023 3577 satellitibus
1042 3527 1229 3577 inconcussum
1249 3524 1338 3577 babe-

235 3596 299 3649 bant
317 3599 442 3664 impetum
461 3604 488 3649 et
504 3611 674 3663 propugnare
688 3594 802 3647 bumana
822 3597 880 3663 regi
901 3603 928 3647 et
945 3598 1110 3649 misericordi
1130 3596 1266 3649 volebant.
1285 3594 1338 3646 ille

236 3677 323 3720 antem
342 3669 457 3720 omnium
483 3668 592 3720 laudans
612 3665 775 3718 voluntatem
803 3674 829 3717 et
847 3680 1030 3735 cognoscens,
1051 3666 1130 3736 quale
1150 3669 1265 3719 studium
1283 3666 1337 3717 ba-

236 3740 333 3791 berent
350 3744 415 3808 erga
435 3754 465 3790 se
484 3739 596 3791 subiecti
617 3743 777 3807 (propterea
801 3739 869 3789 euim
897 3746 960 3804 puto
980 3740 1081 3791 turbam
1106 3737 1182 3789 banc·
1194 3741 1340 3791 excitatam

240 3825 309 3873 esse,
329 3818 358 3860 nt
376 3810 510 3862 manifesti
529 3810 597 3862 socii
617 3809 739 3860 omnibus
757 3809 887 3878 fierent),
906 3809 1019 3861 navibus
1044 3809 1151 3862 bellicis
1171 3810 1268 3863 fretum
1286 3809 1339 3860 lir-

235 3882 328 3944 mavit,
346 3883 447 3932 maiore
466 3889 553 3933 autem
573 3889 700 3948 apparata
719 3896 789 3948 quae
800 3880 832 3932 ad
849 3881 990 3933 seditiosos
1005 3880 1174 3946 pertinebant
1191 3883 1340 3943 instruens,

236 3962 327 4005 tamen
347 3952 425 4001 etiam
443 3952 589 4005 nonnullos
608 3953 680 4003 misit
698 3953 731 4003 ad
743 3967 799 4015 cos,
819 3953 864 4019 qui
880 3960 1015 4019 rogarent,
1035 3953 1098 4019 quid
1114 3951 1166 4005 sibi
1185 3951 1271 4006 vellet
1288 3966 1342 4002 se-

237 4025 302 4076 ditio
322 4022 389 4074 baec
409 4030 435 4073 et
455 4024 619 4076 coniuratio:
639 4022 681 4074 illi
700 4031 788 4075 antem
807 4022 1076 4077 infirmaminsaniam
1090 4038 1163 4075 suam
1182 4030 1209 4074 et
1226 4020 1343 4089 ignobi.

235 4096 288 4147 lcnr
309 4094 444 4146 audaciam
464 4101 491 4144 et
509 4102 662 4146 temeratam
681 4095 884 4161 imprudentiam
903 4094 1019 4162 professi
1038 4095 1143 4147 veniam
1163 4091 1290 4161 petebant
1314 4100 1344 4143 et

235 4167 366 4223 laetorum
378 4165 573 4231 remissionem,
599 4174 679 4236 atque
690 4166 890 4223 misericordiae
904 4166 981 4221 huius
994 4166 1091 4237 pignus
1105 4168 1246 4223 transitum
1262 4171 1343 4219 retro
