<?xml version="1.0" encoding="UTF-8"?>
<!DOCTYPE html PUBLIC "-//W3C//DTD XHTML 1.0 Transitional//EN"
    "http://www.w3.org/TR/xhtml1/DTD/xhtml1-transitional.dtd">
<html xmlns="http://www.w3.org/1999/xhtml" xml:lang="en" lang="en">
 <head>
  <title>
</title>
<meta http-equiv="Content-Type" content="text/html;charset=utf-8" />
  <meta name='ocr-system' content='tesseract 3.04.00' />
  <meta name='ocr-capabilities' content='ocr_page ocr_carea ocr_par ocr_line ocrx_word'/>
</head>
<body>
  <div class='ocr_page' id='page_1' title='image "./corpusscriptoru05theogoog/corpusscriptoru05theogoog_0340.png"; bbox 0 0 2875 4734; ppageno 0'>
   <div class='ocr_carea' id='block_1_1' title="bbox 256 256 1068 387">
    <p class='ocr_par' dir='ltr' id='par_1_1' title="bbox 256 256 1068 387">
     <span class='ocr_line' id='line_1_1' title="bbox 256 256 1068 387; baseline -0.02 -20"><span class='ocrx_word' id='word_1_1' title='bbox 256 270 331 367; x_wconf 73' lang='lat' dir='ltr'><strong><em>iat</em></strong></span> <span class='ocrx_word' id='word_1_2' title='bbox 554 256 1068 387; x_wconf 59' lang='lat' dir='ltr'><strong>menamreilrrlnrorls</strong></span> 
     </span>
    </p>
   </div>
   <div class='ocr_carea' id='block_1_2' title="bbox 21 428 1426 2747">
    <p class='ocr_par' dir='ltr' id='par_1_2' title="bbox 256 428 1351 542">
     <span class='ocr_line' id='line_1_2' title="bbox 256 428 1351 542; baseline -0.019 -16"><span class='ocrx_word' id='word_1_3' title='bbox 256 458 350 542; x_wconf 87' lang='grc' dir='ltr'><strong><em>μιόυς</em></strong></span> <span class='ocrx_word' id='word_1_4' title='bbox 372 454 447 533; x_wconf 87' lang='grc' dir='ltr'><strong><em>τσός</em></strong></span> <span class='ocrx_word' id='word_1_5' title='bbox 470 452 663 542; x_wconf 85' lang='grc' dir='ltr'><strong><em>όφθαλμοός</em></strong></span> <span class='ocrx_word' id='word_1_6' title='bbox 691 456 746 520; x_wconf 85' lang='grc' dir='ltr'><strong><em>τοό</em></strong></span> <span class='ocrx_word' id='word_1_7' title='bbox 749 454 976 539; x_wconf 57' lang='grc' dir='ltr'><strong><em>,ζ’Βρυεννιου</em></strong></span> <span class='ocrx_word' id='word_1_8' title='bbox 978 428 1190 528; x_wconf 75' lang='grc' dir='ltr'><strong><em>ἐκκόψαντες,</em></strong></span> <span class='ocrx_word' id='word_1_9' title='bbox 1215 444 1248 508; x_wconf 80' lang='grc' dir='ltr'><strong><em>όν</em></strong></span> <span class='ocrx_word' id='word_1_10' title='bbox 1270 430 1351 535; x_wconf 74' lang='grc' dir='ltr'><strong><em>ᾧπερ</em></strong></span> 
     </span>
    </p>

    <p class='ocr_par' dir='ltr' id='par_1_3' title="bbox 128 538 1376 1345">
     <span class='ocr_line' id='line_1_3' title="bbox 128 538 1353 672; baseline -0.018 -44"><span class='ocrx_word' id='word_1_11' title='bbox 128 569 149 597; x_wconf 69' lang='grc'><strong><em>“’</em></strong></span> <span class='ocrx_word' id='word_1_12' title='bbox 255 561 341 649; x_wconf 82' lang='grc' dir='ltr'>τόπῳ</span> <span class='ocrx_word' id='word_1_13' title='bbox 365 562 480 645; x_wconf 81' lang='grc' dir='ltr'><strong><em>τουτῳί</em></strong></span> <span class='ocrx_word' id='word_1_14' title='bbox 501 555 761 672; x_wconf 82' lang='grc' dir='ltr'><strong><em>συναντήσρυσιν.</em></strong></span> <span class='ocrx_word' id='word_1_15' title='bbox 812 546 882 639; x_wconf 79' lang='grc' dir='ltr'><strong><em>ᾔδει</em></strong></span> <span class='ocrx_word' id='word_1_16' title='bbox 903 548 964 669; x_wconf 84' lang='grc' dir='ltr'><strong><em>γόιρ</em></strong></span> <span class='ocrx_word' id='word_1_17' title='bbox 987 548 1178 670; x_wconf 80' lang='grc' dir='ltr'><strong><em>α’σόμφορρν</em></strong></span> <span class='ocrx_word' id='word_1_18' title='bbox 1198 538 1282 609; x_wconf 77' lang='grc' dir='ltr'><strong><em>εἶναι</em></strong></span> <span class='ocrx_word' id='word_1_19' title='bbox 1303 540 1353 607; x_wconf 91' lang='grc' dir='ltr'><strong><em>τόν</em></strong></span> 
     </span>
     <span class='ocr_line' id='line_1_4' title="bbox 256 644 1353 777; baseline -0.02 -50"><span class='ocrx_word' id='word_1_20' title='bbox 256 662 467 743; x_wconf 74' lang='grc' dir='ltr'><strong><em>βασιλειῶντα</em></strong></span> <span class='ocrx_word' id='word_1_21' title='bbox 490 661 597 721; x_wconf 81' lang='grc' dir='ltr'><strong><em>τοῦτον</em></strong></span> <span class='ocrx_word' id='word_1_22' title='bbox 619 652 692 731; x_wconf 84' lang='grc' dir='ltr'><strong><em>εσός</em></strong></span> <span class='ocrx_word' id='word_1_23' title='bbox 715 652 907 777; x_wconf 84' lang='grc' dir='ltr'><strong><em>όφθριλμοός</em></strong></span> <span class='ocrx_word' id='word_1_24' title='bbox 939 650 1025 733; x_wconf 84' lang='grc' dir='ltr'><strong><em>ἔχειν</em></strong></span> <span class='ocrx_word' id='word_1_25' title='bbox 1046 646 1088 723; x_wconf 83' lang='grc' dir='ltr'><strong><em>ῶς</em></strong></span> <span class='ocrx_word' id='word_1_26' title='bbox 1109 671 1152 765; x_wconf 91' lang='grc' dir='ltr'><strong><em>μη</em></strong></span> <span class='ocrx_word' id='word_1_27' title='bbox 1179 644 1353 725; x_wconf 75' lang='grc' dir='ltr'><em>δυνάμενον</em></span> 
     </span>
     <span class='ocr_line' id='line_1_5' title="bbox 257 744 1354 843; baseline -0.018 -18"><span class='ocrx_word' id='word_1_28' title='bbox 257 761 421 843; x_wconf 83' lang='grc' dir='ltr'><strong><em>α’ληθῶς’</em></strong></span> <span class='ocrx_word' id='word_1_29' title='bbox 406 767 439 821; x_wconf 88' lang='grc' dir='ltr'><strong><em>εν</em></strong></span> <span class='ocrx_word' id='word_1_30' title='bbox 461 757 592 822; x_wconf 89' lang='grc' dir='ltr'><strong><em>ιδιοότου</em></strong></span> <span class='ocrx_word' id='word_1_31' title='bbox 613 754 753 838; x_wconf 75' lang='grc' dir='ltr'><strong><em>σχήματι</em></strong></span> <span class='ocrx_word' id='word_1_32' title='bbox 776 754 923 837; x_wconf 84' lang='grc' dir='ltr'><strong><em>η’ρεμεῖν</em></strong></span> <span class='ocrx_word' id='word_1_33' title='bbox 978 749 1060 813; x_wconf 85' lang='grc' dir='ltr'><strong><em>α’λλό</em></strong></span> <span class='ocrx_word' id='word_1_34' title='bbox 1082 744 1256 830; x_wconf 87' lang='grc' dir='ltr'><strong><em>πρόγματα</em></strong></span> <span class='ocrx_word' id='word_1_35' title='bbox 1279 766 1354 827; x_wconf 84' lang='grc' dir='ltr'><strong><em>προ.</em></strong></span> 
     </span>
     <span class='ocr_line' id='line_1_6' title="bbox 255 843 1376 939; baseline -0.016 -14"><span class='ocrx_word' id='word_1_36' title='bbox 255 866 354 939; x_wconf 79' lang='grc' dir='ltr'><strong><em>ξενεῐν</em></strong></span> <span class='ocrx_word' id='word_1_37' title='bbox 378 861 433 923; x_wconf 86' lang='grc' dir='ltr'><strong><em>καί</em></strong></span> <span class='ocrx_word' id='word_1_38' title='bbox 452 854 586 931; x_wconf 83' lang='grc' dir='ltr'><strong><em>πολλσός</em></strong></span> <span class='ocrx_word' id='word_1_39' title='bbox 608 856 648 919; x_wconf 91' lang='grc' dir='ltr'><strong><em>δι’</em></strong></span> <span class='ocrx_word' id='word_1_40' title='bbox 672 853 767 933; x_wconf 85' lang='grc' dir='ltr'><strong><em>ου’τόν</em></strong></span> <span class='ocrx_word' id='word_1_41' title='bbox 787 856 987 937; x_wconf 76' lang='grc' dir='ltr'><strong><em>κατηγορίαις</em></strong></span> <span class='ocrx_word' id='word_1_42' title='bbox 1002 847 1193 929; x_wconf 75' lang='grc' dir='ltr'><strong><em>θανασίμοις</em></strong></span> <span class='ocrx_word' id='word_1_43' title='bbox 1207 871 1252 928; x_wconf 93' lang='grc' dir='ltr'><strong><em>μη</em></strong></span> <span class='ocrx_word' id='word_1_44' title='bbox 1243 843 1376 909; x_wconf 76' lang='grc' dir='ltr'><strong><em>ῶνα-5</em></strong></span> 
     </span>
     <span class='ocr_line' id='line_1_7' title="bbox 256 944 1354 1044; baseline -0.016 -18"><span class='ocrx_word' id='word_1_45' title='bbox 256 959 411 1044; x_wconf 81' lang='grc' dir='ltr'><strong><em>σχόμενος</em></strong></span> <span class='ocrx_word' id='word_1_46' title='bbox 439 954 697 1038; x_wconf 85' lang='grc' dir='ltr'><strong><em>όποβόλλεσθαι,</em></strong></span> <span class='ocrx_word' id='word_1_47' title='bbox 724 958 779 1039; x_wconf 75' lang='grc' dir='ltr'><strong><em>τῆς</em></strong></span> <span class='ocrx_word' id='word_1_48' title='bbox 808 955 870 1020; x_wconf 89' lang='grc' dir='ltr'><strong><em>τῶν</em></strong></span> <span class='ocrx_word' id='word_1_49' title='bbox 900 953 1022 1015; x_wconf 85' lang='grc' dir='ltr'><strong><em>πολλῶν</em></strong></span> <span class='ocrx_word' id='word_1_50' title='bbox 1050 949 1207 1033; x_wconf 73' lang='grc' dir='ltr'><strong><em>σωτηρίας</em></strong></span> <span class='ocrx_word' id='word_1_51' title='bbox 1228 944 1354 1028; x_wconf 77' lang='grc' dir='ltr'><strong><em>καὶτῆς</em></strong></span> 
     </span>
     <span class='ocr_line' id='line_1_8' title="bbox 258 1045 1354 1144; baseline -0.013 -21"><span class='ocrx_word' id='word_1_52' title='bbox 258 1061 360 1125; x_wconf 75' lang='lat' dir='ltr'><strong>crisci</strong></span> <span class='ocrx_word' id='word_1_53' title='bbox 380 1059 516 1144; x_wconf 77' lang='grc' dir='ltr'><strong><em>ἠρεμίας</em></strong></span> <span class='ocrx_word' id='word_1_54' title='bbox 539 1055 593 1119; x_wconf 75' lang='grc' dir='ltr'><strong><em>κατ’</em></strong></span> <span class='ocrx_word' id='word_1_55' title='bbox 622 1051 831 1127; x_wconf 87' lang='grc' dir='ltr'><strong><em>α’ναπαόσεως</em></strong></span> <span class='ocrx_word' id='word_1_56' title='bbox 858 1050 932 1129; x_wconf 89' lang='grc' dir='ltr'><strong><em>τυός</em></strong></span> <span class='ocrx_word' id='word_1_57' title='bbox 965 1048 1155 1137; x_wconf 79' lang='grc' dir='ltr'><strong><em>όφθαλμοός</em></strong></span> <span class='ocrx_word' id='word_1_58' title='bbox 1177 1046 1277 1111; x_wconf 80' lang='grc' dir='ltr'><strong><em>ου’τοῦ</em></strong></span> <span class='ocrx_word' id='word_1_59' title='bbox 1297 1045 1354 1109; x_wconf 84' lang='grc' dir='ltr'><strong><em>όν-</em></strong></span> 
     </span>
     <span class='ocr_line' id='line_1_9' title="bbox 256 1145 1354 1246; baseline -0.015 -21"><span class='ocrx_word' id='word_1_60' title='bbox 256 1159 436 1246; x_wconf 83' lang='grc' dir='ltr'><strong><em>τηλλόξατο.</em></strong></span> <span class='ocrx_word' id='word_1_61' title='bbox 495 1156 550 1221; x_wconf 83' lang='grc' dir='ltr'><strong><em>καί</em></strong></span> <span class='ocrx_word' id='word_1_62' title='bbox 573 1158 733 1235; x_wconf 81' lang='grc' dir='ltr'><strong><em>δείξουσιν</em></strong></span> <span class='ocrx_word' id='word_1_63' title='bbox 766 1158 871 1239; x_wconf 73' lang='grc' dir='ltr'><strong><em>α’ληθη</em></strong></span> <span class='ocrx_word' id='word_1_64' title='bbox 901 1149 954 1217; x_wconf 89' lang='grc' dir='ltr'><strong><em>τόν</em></strong></span> <span class='ocrx_word' id='word_1_65' title='bbox 976 1149 1068 1233; x_wconf 91' lang='grc' dir='ltr'><strong><em>λόγον</em></strong></span> <span class='ocrx_word' id='word_1_66' title='bbox 1096 1146 1134 1212; x_wconf 88' lang='grc' dir='ltr'><strong><em>τό</em></strong></span> <span class='ocrx_word' id='word_1_67' title='bbox 1155 1145 1234 1230; x_wconf 81' lang='grc' dir='ltr'><strong><em>μετό</em></strong></span> <span class='ocrx_word' id='word_1_68' title='bbox 1255 1149 1354 1212; x_wconf 79' lang='grc' dir='ltr'><strong><em>ταῦτα</em></strong></span> 
     </span>
     <span class='ocr_line' id='line_1_10' title="bbox 256 1246 1354 1345; baseline -0.012 -21"><span class='ocrx_word' id='word_1_69' title='bbox 256 1257 404 1345; x_wconf 73' lang='grc' dir='ltr'><strong><em>γεγονότα</em></strong></span> <span class='ocrx_word' id='word_1_70' title='bbox 422 1256 510 1342; x_wconf 84' lang='grc' dir='ltr'><strong><em>παρόν</em></strong></span> <span class='ocrx_word' id='word_1_71' title='bbox 536 1261 592 1321; x_wconf 78' lang='grc' dir='ltr'><strong><em>τοῦ</em></strong></span> <span class='ocrx_word' id='word_1_72' title='bbox 613 1261 770 1339; x_wconf 74' lang='grc' dir='ltr'><strong><em>βασιλέως</em></strong></span> <span class='ocrx_word' id='word_1_73' title='bbox 794 1256 840 1329; x_wconf 81' lang='grc' dir='ltr'><strong><em>εἰς</em></strong></span> <span class='ocrx_word' id='word_1_74' title='bbox 861 1256 968 1319; x_wconf 80' lang='grc' dir='ltr'><strong><em>τοῦτον</em></strong></span> <span class='ocrx_word' id='word_1_75' title='bbox 991 1246 1237 1335; x_wconf 65' lang='grc' dir='ltr'><strong><em>εὐεργετήματα.</em></strong></span> <span class='ocrx_word' id='word_1_76' title='bbox 1280 1250 1354 1323; x_wconf 83' lang='grc' dir='ltr'><strong><em>τὲως</em></strong></span> 
     </span>
    </p>

    <p class='ocr_par' dir='ltr' id='par_1_4' title="bbox 114 1346 1400 2044">
     <span class='ocr_line' id='line_1_11' title="bbox 114 1346 1397 1445; baseline -0.01 -17"><span class='ocrx_word' id='word_1_77' title='bbox 114 1346 118 1361; x_wconf 54' lang='grc'><strong>’</strong></span> <span class='ocrx_word' id='word_1_78' title='bbox 203 1430 206 1437; x_wconf 70' lang='grc'>,</span> <span class='ocrx_word' id='word_1_79' title='bbox 257 1364 292 1427; x_wconf 73' lang='grc' dir='ltr'><strong><em>δὲ</em></strong></span> <span class='ocrx_word' id='word_1_80' title='bbox 314 1359 482 1445; x_wconf 87' lang='grc' dir='ltr'><strong><em>παραστός</em></strong></span> <span class='ocrx_word' id='word_1_81' title='bbox 503 1362 548 1434; x_wconf 85' lang='grc' dir='ltr'><strong><em>είς</em></strong></span> <span class='ocrx_word' id='word_1_82' title='bbox 569 1355 627 1442; x_wconf 78' lang='grc' dir='ltr'><strong><em>τη“ν</em></strong></span> <span class='ocrx_word' id='word_1_83' title='bbox 642 1358 815 1442; x_wconf 74' lang='grc' dir='ltr'><strong><em>ὑστεραίαν</em></strong></span> <span class='ocrx_word' id='word_1_84' title='bbox 838 1358 882 1441; x_wconf 78' lang='grc' dir='ltr'><strong><em>τῷ</em></strong></span> <span class='ocrx_word' id='word_1_85' title='bbox 900 1348 1259 1434; x_wconf 79' lang='grc' dir='ltr'><strong><em>βασιλεϊόΒρυίννιος,</em></strong></span> <span class='ocrx_word' id='word_1_86' title='bbox 1281 1346 1397 1423; x_wconf 69' lang='lat' dir='ltr'><strong>roccio</strong></span> 
     </span>
     <span class='ocr_line' id='line_1_12' title="bbox 258 1446 1355 1550; baseline -0.014 -23"><span class='ocrx_word' id='word_1_87' title='bbox 258 1459 451 1550; x_wconf 82' lang='grc' dir='ltr'><strong><em>όφθαλμυός</em></strong></span> <span class='ocrx_word' id='word_1_88' title='bbox 473 1459 556 1544; x_wconf 83' lang='grc' dir='ltr'><strong><em>ἔχων</em></strong></span> <span class='ocrx_word' id='word_1_89' title='bbox 588 1456 781 1543; x_wconf 77' lang='grc' dir='ltr'><strong><em>διαβρόχους</em></strong></span> <span class='ocrx_word' id='word_1_90' title='bbox 816 1458 861 1543; x_wconf 76' lang='grc' dir='ltr'><strong><em>τῷ</em></strong></span> <span class='ocrx_word' id='word_1_91' title='bbox 882 1456 1006 1537; x_wconf 76' lang='grc' dir='ltr'><strong><em>αἵματι,</em></strong></span> <span class='ocrx_word' id='word_1_92' title='bbox 1028 1454 1121 1520; x_wconf 80' lang='grc' dir='ltr'><strong><em>ὁπότε</em></strong></span> <span class='ocrx_word' id='word_1_93' title='bbox 1143 1453 1199 1516; x_wconf 84' lang='grc' dir='ltr'><strong><em>καί</em></strong></span> <span class='ocrx_word' id='word_1_94' title='bbox 1219 1446 1355 1525; x_wconf 84' lang='grc' dir='ltr'><strong><em>ου’τόςό</em></strong></span> 
     </span>
     <span class='ocr_line' id='line_1_13' title="bbox 256 1550 1357 1645; baseline -0.015 -16"><span class='ocrx_word' id='word_1_95' title='bbox 256 1566 356 1629; x_wconf 78' lang='grc' dir='ltr'><strong><em>ταῦτα</em></strong></span> <span class='ocrx_word' id='word_1_96' title='bbox 379 1562 573 1645; x_wconf 82' lang='grc' dir='ltr'><strong><em>συγγράφων</em></strong></span> <span class='ocrx_word' id='word_1_97' title='bbox 588 1556 799 1643; x_wconf 80' lang='grc' dir='ltr'><strong><em>χαριστήριον</em></strong></span> <span class='ocrx_word' id='word_1_98' title='bbox 821 1556 913 1640; x_wconf 90' lang='grc' dir='ltr'><strong><em>λόγον</em></strong></span> <span class='ocrx_word' id='word_1_99' title='bbox 934 1558 1070 1640; x_wconf 77' lang='grc' dir='ltr'><strong><em>α’νόγνων</em></strong></span> <span class='ocrx_word' id='word_1_100' title='bbox 1091 1556 1132 1641; x_wconf 73' lang='grc' dir='ltr'><strong><em>τῷ</em></strong></span> <span class='ocrx_word' id='word_1_101' title='bbox 1145 1559 1280 1636; x_wconf 81' lang='grc' dir='ltr'><strong><em>βασιλεῖ,</em></strong></span> <span class='ocrx_word' id='word_1_102' title='bbox 1301 1550 1357 1615; x_wconf 84' lang='grc' dir='ltr'><strong><em>σόοι</em></strong></span> 
     </span>
     <span class='ocr_line' id='line_1_14' title="bbox 258 1649 1358 1743; baseline -0.015 -14"><span class='ocrx_word' id='word_1_103' title='bbox 258 1666 376 1737; x_wconf 81' lang='grc' dir='ltr'><strong><em>α’δίκως</em></strong></span> <span class='ocrx_word' id='word_1_104' title='bbox 398 1662 466 1724; x_wconf 78' lang='grc' dir='ltr'><strong><em>οὐδ’</em></strong></span> <span class='ocrx_word' id='word_1_105' title='bbox 489 1661 666 1743; x_wconf 79' lang='grc' dir='ltr'><strong><em>ἄνευλόγως</em></strong></span> <span class='ocrx_word' id='word_1_106' title='bbox 687 1653 762 1741; x_wconf 75' lang='grc' dir='ltr'><strong><em>παρ’</em></strong></span> <span class='ocrx_word' id='word_1_107' title='bbox 786 1658 886 1723; x_wconf 84' lang='grc' dir='ltr'><strong><em>αόεσό</em></strong></span> <span class='ocrx_word' id='word_1_108' title='bbox 904 1660 1086 1740; x_wconf 86' lang='grc' dir='ltr'><strong><em>ω’νειδίσθη.</em></strong></span> <span class='ocrx_word' id='word_1_109' title='bbox 1110 1653 1174 1740; x_wconf 80' lang='grc' dir='ltr'><strong><em>ἔφη</em></strong></span> <span class='ocrx_word' id='word_1_110' title='bbox 1196 1651 1256 1738; x_wconf 81' lang='grc' dir='ltr'><strong><em>γῶρ</em></strong></span> <span class='ocrx_word' id='word_1_111' title='bbox 1280 1649 1358 1734; x_wconf 86' lang='grc' dir='ltr'><strong><em>πρός</em></strong></span> 
     </span>
     <span class='ocr_line' id='line_1_15' title="bbox 259 1749 1359 1842; baseline -0.012 -15"><span class='ocrx_word' id='word_1_112' title='bbox 259 1760 357 1827; x_wconf 81' lang='grc' dir='ltr'><strong><em>αὐτόν</em></strong></span> <span class='ocrx_word' id='word_1_113' title='bbox 383 1752 432 1824; x_wconf 67' lang='lat' dir='ltr'><strong><em>“ci</em></strong></span> <span class='ocrx_word' id='word_1_114' title='bbox 466 1760 743 1842; x_wconf 64' lang='lat' dir='ltr'><strong>ivcnsr&#39;itxcstent*</strong></span> <span class='ocrx_word' id='word_1_115' title='bbox 765 1763 1002 1842; x_wconf 76' lang='grc' dir='ltr'><strong><em>δυστυχέστατε</em></strong></span> <span class='ocrx_word' id='word_1_116' title='bbox 1028 1749 1199 1841; x_wconf 75' lang='grc' dir='ltr'><strong><em>ἄνθρωπε,</em></strong></span> <span class='ocrx_word' id='word_1_117' title='bbox 1220 1756 1253 1819; x_wconf 87' lang='grc' dir='ltr'><strong><em>τί</em></strong></span> <span class='ocrx_word' id='word_1_118' title='bbox 1268 1753 1359 1819; x_wconf 82' lang='grc' dir='ltr'><strong><em>τοῦτο</em></strong></span> 
     </span>
     <span class='ocr_line' id='line_1_16' title="bbox 258 1857 1400 1946; baseline -0.009 -18"><span class='ocrx_word' id='word_1_119' title='bbox 258 1866 428 1946; x_wconf 86' lang='grc' dir='ltr'><strong><em>ε’ποίησας,</em></strong></span> <span class='ocrx_word' id='word_1_120' title='bbox 454 1861 511 1926; x_wconf 81' lang='grc' dir='ltr'><strong><em>καί</em></strong></span> <span class='ocrx_word' id='word_1_121' title='bbox 537 1863 609 1925; x_wconf 85' lang='grc' dir='ltr'><strong><em>όντί</em></strong></span> <span class='ocrx_word' id='word_1_122' title='bbox 626 1864 680 1946; x_wconf 79' lang='grc' dir='ltr'><strong><em>τῆς</em></strong></span> <span class='ocrx_word' id='word_1_123' title='bbox 711 1857 838 1943; x_wconf 74' lang='grc' dir='ltr'><strong><em>εἰρήνης</em></strong></span> <span class='ocrx_word' id='word_1_124' title='bbox 859 1860 915 1924; x_wconf 81' lang='grc' dir='ltr'><strong><em>καί</em></strong></span> <span class='ocrx_word' id='word_1_125' title='bbox 938 1862 991 1942; x_wconf 77' lang='grc' dir='ltr'><strong><em>τῆς</em></strong></span> <span class='ocrx_word' id='word_1_126' title='bbox 1014 1860 1184 1941; x_wconf 77' lang='grc' dir='ltr'><strong><em>δεδομένης</em></strong></span> <span class='ocrx_word' id='word_1_127' title='bbox 1209 1878 1262 1920; x_wconf 90' lang='grc' dir='ltr'><strong><em>σοι</em></strong></span> <span class='ocrx_word' id='word_1_128' title='bbox 1284 1860 1360 1937; x_wconf 86' lang='grc' dir='ltr'><strong><em>παρ’</em></strong></span> <span class='ocrx_word' id='word_1_129' title='bbox 1370 1866 1400 1918; x_wconf 81' lang='lat'><strong><em>15</em></strong></span> 
     </span>
     <span class='ocr_line' id='line_1_17' title="bbox 258 1954 1362 2044; baseline -0.005 -20"><span class='ocrx_word' id='word_1_130' title='bbox 258 1960 349 2044; x_wconf 72' lang='grc' dir='ltr'><strong><em>ἡμῶν</em></strong></span> <span class='ocrx_word' id='word_1_131' title='bbox 383 1962 552 2043; x_wconf 73' lang='grc' dir='ltr'><strong><em>εότυχίας,</em></strong></span> <span class='ocrx_word' id='word_1_132' title='bbox 581 1954 619 2044; x_wconf 81' lang='grc' dir='ltr'><strong><em>ἧς</em></strong></span> <span class='ocrx_word' id='word_1_133' title='bbox 650 1964 706 2025; x_wconf 76' lang='lat' dir='ltr'><strong>orit</strong></span> <span class='ocrx_word' id='word_1_134' title='bbox 728 1954 765 2043; x_wconf 79' lang='grc' dir='ltr'><strong><em>ἧς</em></strong></span> <span class='ocrx_word' id='word_1_135' title='bbox 796 1954 901 2040; x_wconf 73' lang='grc' dir='ltr'><strong><em>όξιος,</em></strong></span> <span class='ocrx_word' id='word_1_136' title='bbox 933 1956 990 2039; x_wconf 63' lang='grc' dir='ltr'><strong><em>τὴν</em></strong></span> <span class='ocrx_word' id='word_1_137' title='bbox 1013 1958 1120 2041; x_wconf 80' lang='grc' dir='ltr'><strong><em>μάχην</em></strong></span> <span class='ocrx_word' id='word_1_138' title='bbox 1140 1956 1284 2040; x_wconf 81' lang='grc' dir='ltr'><strong><em>ἤσπόσω,</em></strong></span> <span class='ocrx_word' id='word_1_139' title='bbox 1306 1957 1362 2019; x_wconf 70' lang='lat' dir='ltr'><strong>stet*</strong></span> 
     </span>
    </p>

    <p class='ocr_par' dir='ltr' id='par_1_5' title="bbox 154 2050 1404 2647">
     <span class='ocr_line' id='line_1_18' title="bbox 154 2050 1361 2146; baseline -0.006 -21"><span class='ocrx_word' id='word_1_140' title='bbox 154 2138 158 2144; x_wconf 12' lang='grc' dir='ltr'><strong>θ</strong></span> <span class='ocrx_word' id='word_1_141' title='bbox 222 2094 229 2102; x_wconf 93' lang='grc'>-</span> <span class='ocrx_word' id='word_1_142' title='bbox 258 2060 403 2145; x_wconf 84' lang='grc' dir='ltr'><strong><em>α’φειδοός</em></strong></span> <span class='ocrx_word' id='word_1_143' title='bbox 429 2058 521 2142; x_wconf 81' lang='grc' dir='ltr'><strong><em>ἔσχες</em></strong></span> <span class='ocrx_word' id='word_1_144' title='bbox 549 2060 629 2146; x_wconf 90' lang='grc' dir='ltr'><strong><em>πρός</em></strong></span> <span class='ocrx_word' id='word_1_145' title='bbox 660 2060 716 2137; x_wconf 85' lang='grc' dir='ltr'><strong><em>τοὶς</em></strong></span> <span class='ocrx_word' id='word_1_146' title='bbox 750 2060 877 2146; x_wconf 84' lang='grc' dir='ltr'><strong><em>σφαγεὶς</em></strong></span> <span class='ocrx_word' id='word_1_147' title='bbox 912 2061 973 2126; x_wconf 87' lang='grc' dir='ltr'><strong><em>τῶν</em></strong></span> <span class='ocrx_word' id='word_1_148' title='bbox 997 2064 1209 2144; x_wconf 79' lang='grc' dir='ltr'><strong><em>Χριστιανῶν.</em></strong></span> <span class='ocrx_word' id='word_1_149' title='bbox 1262 2050 1361 2142; x_wconf 80' lang='grc' dir='ltr'><strong><em>ἢοιίιτ</em></strong></span> 
     </span>
     <span class='ocr_line' id='line_1_19' title="bbox 257 2153 1361 2247; baseline -0.002 -24"><span class='ocrx_word' id='word_1_150' title='bbox 257 2153 345 2247; x_wconf 82' lang='grc' dir='ltr'><strong><em>ᾔδεις</em></strong></span> <span class='ocrx_word' id='word_1_151' title='bbox 366 2158 480 2246; x_wconf 87' lang='grc' dir='ltr'><strong><em>θνητός</em></strong></span> <span class='ocrx_word' id='word_1_152' title='bbox 503 2155 671 2244; x_wconf 81' lang='grc' dir='ltr'><strong><em>όνθρωπσς</em></strong></span> <span class='ocrx_word' id='word_1_153' title='bbox 688 2155 754 2245; x_wconf 84' lang='grc' dir='ltr'><strong><em>ῶν,</em></strong></span> <span class='ocrx_word' id='word_1_154' title='bbox 778 2161 890 2245; x_wconf 85' lang='grc' dir='ltr'><strong><em>λόγους</em></strong></span> <span class='ocrx_word' id='word_1_155' title='bbox 910 2160 1208 2247; x_wconf 83' lang='grc' dir='ltr'><strong><em>όπαιτηθησόμενος</em></strong></span> <span class='ocrx_word' id='word_1_156' title='bbox 1229 2160 1286 2242; x_wconf 78' lang='grc' dir='ltr'><strong><em>τῆς</em></strong></span> <span class='ocrx_word' id='word_1_157' title='bbox 1299 2160 1361 2222; x_wconf 88' lang='grc' dir='ltr'><strong><em>τῶν</em></strong></span> 
     </span>
     <span class='ocr_line' id='line_1_20' title="bbox 256 2258 1362 2348; baseline -0.001 -25"><span class='ocrx_word' id='word_1_158' title='bbox 256 2259 418 2327; x_wconf 85' lang='grc' dir='ltr'><strong><em>πεσόντων</em></strong></span> <span class='ocrx_word' id='word_1_159' title='bbox 440 2265 589 2348; x_wconf 75' lang='grc' dir='ltr'><strong><em>σφαγῆςς</em></strong></span> <span class='ocrx_word' id='word_1_160' title='bbox 611 2268 685 2345; x_wconf 82' lang='grc' dir='ltr'><strong><em>ε’μοί</em></strong></span> <span class='ocrx_word' id='word_1_161' title='bbox 704 2266 763 2344; x_wconf 83' lang='grc' dir='ltr'><strong><em>μὲν</em></strong></span> <span class='ocrx_word' id='word_1_162' title='bbox 784 2263 845 2347; x_wconf 86' lang='grc' dir='ltr'><strong><em>γόρ</em></strong></span> <span class='ocrx_word' id='word_1_163' title='bbox 868 2261 903 2327; x_wconf 92' lang='grc' dir='ltr'><strong><em>τό</em></strong></span> <span class='ocrx_word' id='word_1_164' title='bbox 927 2259 1039 2346; x_wconf 80' lang='grc' dir='ltr'><strong><em>κρότος</em></strong></span> <span class='ocrx_word' id='word_1_165' title='bbox 1063 2262 1178 2326; x_wconf 83' lang='grc' dir='ltr'><strong><em>θεόθεν</em></strong></span> <span class='ocrx_word' id='word_1_166' title='bbox 1199 2258 1362 2344; x_wconf 77' lang='grc' dir='ltr'><strong><em>ἐπεψηφί-</em></strong></span> 
     </span>
     <span class='ocr_line' id='line_1_21' title="bbox 256 2360 1404 2452; baseline -0.006 -24"><span class='ocrx_word' id='word_1_167' title='bbox 256 2367 332 2446; x_wconf 88' lang='grc' dir='ltr'><strong><em>σθη,</em></strong></span> <span class='ocrx_word' id='word_1_168' title='bbox 357 2365 412 2427; x_wconf 87' lang='grc' dir='ltr'><strong><em>καί</em></strong></span> <span class='ocrx_word' id='word_1_169' title='bbox 433 2366 473 2450; x_wconf 81' lang='grc' dir='ltr'><strong><em>τῇ</em></strong></span> <span class='ocrx_word' id='word_1_170' title='bbox 496 2367 569 2450; x_wconf 83' lang='grc' dir='ltr'><strong><em>θείρι</em></strong></span> <span class='ocrx_word' id='word_1_171' title='bbox 588 2362 689 2452; x_wconf 79' lang='grc' dir='ltr'><strong><em>ψηιγρ</em></strong></span> <span class='ocrx_word' id='word_1_172' title='bbox 713 2362 824 2440; x_wconf 80' lang='grc' dir='ltr'><strong><em>πάντες</em></strong></span> <span class='ocrx_word' id='word_1_173' title='bbox 845 2361 875 2429; x_wconf 83' lang='grc' dir='ltr'><strong><em>οἱ</em></strong></span> <span class='ocrx_word' id='word_1_174' title='bbox 894 2366 949 2447; x_wconf 76' lang='grc' dir='ltr'><strong><em>τῆς</em></strong></span> <span class='ocrx_word' id='word_1_175' title='bbox 972 2363 1203 2446; x_wconf 80' lang='grc' dir='ltr'><strong><em>βασιλευούσης</em></strong></span> <span class='ocrx_word' id='word_1_176' title='bbox 1224 2360 1361 2424; x_wconf 75' lang='grc' dir='ltr'><strong><em>ἀκολου.</em></strong></span> <span class='ocrx_word' id='word_1_177' title='bbox 1372 2368 1404 2423; x_wconf 83' lang='lat'><strong><em>20</em></strong></span> 
     </span>
     <span class='ocr_line' id='line_1_22' title="bbox 256 2462 1362 2550; baseline -0.005 -20"><span class='ocrx_word' id='word_1_178' title='bbox 256 2464 416 2547; x_wconf 77' lang='grc' dir='ltr'><strong><em>θήσαντες</em></strong></span> <span class='ocrx_word' id='word_1_179' title='bbox 440 2464 599 2543; x_wconf 83' lang='grc' dir='ltr'><strong><em>α’ναιμωτί</em></strong></span> <span class='ocrx_word' id='word_1_180' title='bbox 620 2465 674 2530; x_wconf 81' lang='grc' dir='ltr'><strong><em>καί</em></strong></span> <span class='ocrx_word' id='word_1_181' title='bbox 697 2468 800 2550; x_wconf 84' lang='grc' dir='ltr'><strong><em>χωρίς</em></strong></span> <span class='ocrx_word' id='word_1_182' title='bbox 823 2464 976 2529; x_wconf 77' lang='grc' dir='ltr'><strong><em>κινδύνων</em></strong></span> <span class='ocrx_word' id='word_1_183' title='bbox 1005 2466 1178 2544; x_wconf 86' lang='grc' dir='ltr'><strong><em>βασιλικῶς</em></strong></span> <span class='ocrx_word' id='word_1_184' title='bbox 1200 2464 1234 2528; x_wconf 82' lang='lat' dir='ltr'><strong><em>s&#39;v</em></strong></span> <span class='ocrx_word' id='word_1_185' title='bbox 1255 2462 1362 2525; x_wconf 80' lang='grc' dir='ltr'><strong><em>εόθυ-</em></strong></span> 
     </span>
     <span class='ocr_line' id='line_1_23' title="bbox 256 2557 1362 2647; baseline -0.002 -18"><span class='ocrx_word' id='word_1_186' title='bbox 256 2568 348 2645; x_wconf 88' lang='grc' dir='ltr'><strong><em>μίαις</em></strong></span> <span class='ocrx_word' id='word_1_187' title='bbox 370 2567 424 2629; x_wconf 69' lang='lat' dir='ltr'><strong><em>not*</em></strong></span> <span class='ocrx_word' id='word_1_188' title='bbox 443 2557 575 2647; x_wconf 85' lang='grc' dir='ltr'><strong><em>χόρισιν</em></strong></span> <span class='ocrx_word' id='word_1_189' title='bbox 610 2568 656 2638; x_wconf 85' lang='grc' dir='ltr'><strong><em>εἰς</em></strong></span> <span class='ocrx_word' id='word_1_190' title='bbox 686 2564 725 2629; x_wconf 86' lang='grc' dir='ltr'><strong><em>τό</em></strong></span> <span class='ocrx_word' id='word_1_191' title='bbox 753 2566 902 2646; x_wconf 85' lang='grc' dir='ltr'><strong><em>βασίλεια</em></strong></span> <span class='ocrx_word' id='word_1_192' title='bbox 926 2562 1135 2646; x_wconf 75' lang='grc' dir='ltr'><strong><em>ὑπεδέξαντο,</em></strong></span> <span class='ocrx_word' id='word_1_193' title='bbox 1157 2559 1362 2645; x_wconf 75' lang='grc' dir='ltr'><strong><em>προϋπαντή-</em></strong></span> 
     </span>
    </p>

    <p class='ocr_par' dir='ltr' id='par_1_6' title="bbox 21 2656 1426 2747">
     <span class='ocr_line' id='line_1_24' title="bbox 21 2656 1426 2747; baseline 0 -22"><span class='ocrx_word' id='word_1_194' title='bbox 21 2680 30 2687; x_wconf 92' lang='grc'>·</span> <span class='ocrx_word' id='word_1_195' title='bbox 123 2666 372 2739; x_wconf 66' lang='grc' dir='ltr'><strong><em>λδθλτιυαντες</em></strong></span> <span class='ocrx_word' id='word_1_196' title='bbox 391 2663 471 2745; x_wconf 85' lang='grc' dir='ltr'><strong><em>μετό</em></strong></span> <span class='ocrx_word' id='word_1_197' title='bbox 495 2667 552 2730; x_wconf 82' lang='grc' dir='ltr'><strong><em>τοῦ</em></strong></span> <span class='ocrx_word' id='word_1_198' title='bbox 575 2666 688 2731; x_wconf 86' lang='grc' dir='ltr'><strong><em>στόλου</em></strong></span> <span class='ocrx_word' id='word_1_199' title='bbox 710 2660 837 2746; x_wconf 87' lang='grc' dir='ltr'><strong><em>παντός,</em></strong></span> <span class='ocrx_word' id='word_1_200' title='bbox 859 2666 1077 2730; x_wconf 81' lang='grc' dir='ltr'><strong><em>καίτοσοότον</em></strong></span> <span class='ocrx_word' id='word_1_201' title='bbox 1097 2661 1261 2747; x_wconf 86' lang='grc' dir='ltr'><strong><em>θαλόσσης</em></strong></span> <span class='ocrx_word' id='word_1_202' title='bbox 1278 2665 1362 2727; x_wconf 85' lang='grc' dir='ltr'><strong><em>α’να-</em></strong></span> <span class='ocrx_word' id='word_1_203' title='bbox 1425 2656 1426 2690; x_wconf 69' lang='lat'>³</span> 
     </span>
    </p>
   </div>
   <div class='ocr_carea' id='block_1_3' title="bbox 334 2842 607 2916">
    <p class='ocr_par' dir='ltr' id='par_1_7' title="bbox 334 2842 607 2916">
     <span class='ocr_line' id='line_1_25' title="bbox 334 2842 607 2916; baseline -0.007 -20"><span class='ocrx_word' id='word_1_204' title='bbox 334 2845 359 2896; x_wconf 88' lang='lat'><strong><em>1.</em></strong></span> <span class='ocrx_word' id='word_1_205' title='bbox 379 2842 560 2916; x_wconf 78' lang='grc' dir='ltr'><strong><em>ίιειιόψιτντας</em></strong></span> <span class='ocrx_word' id='word_1_206' title='bbox 576 2842 607 2897; x_wconf 83' lang='grc'><strong><em>0.</em></strong></span> 
     </span>
    </p>
   </div>
   <div class='ocr_carea' id='block_1_4' title="bbox 254 2990 1374 4273">
    <p class='ocr_par' dir='ltr' id='par_1_8' title="bbox 260 2990 1366 3901">
     <span class='ocr_line' id='line_1_26' title="bbox 262 2990 1362 3060; baseline -0.001 -15"><span class='ocrx_word' id='word_1_207' title='bbox 262 2994 324 3059; x_wconf 81' lang='lat' dir='ltr'><strong>tias,</strong></span> <span class='ocrx_word' id='word_1_208' title='bbox 343 2990 470 3043; x_wconf 74' lang='lat' dir='ltr'>celeriter</span> <span class='ocrx_word' id='word_1_209' title='bbox 489 2990 586 3041; x_wconf 84' lang='lat' dir='ltr'><strong>emittit</strong></span> <span class='ocrx_word' id='word_1_210' title='bbox 604 2990 755 3055; x_wconf 81' lang='lat' dir='ltr'><strong>carnifices,</strong></span> <span class='ocrx_word' id='word_1_211' title='bbox 775 2990 819 3059; x_wconf 86' lang='lat' dir='ltr'><strong><em>qni</em></strong></span> <span class='ocrx_word' id='word_1_212' title='bbox 833 2991 927 3045; x_wconf 88' lang='lat' dir='ltr'><strong>oculos</strong></span> <span class='ocrx_word' id='word_1_213' title='bbox 938 2992 1068 3058; x_wconf 73' lang='lat' dir='ltr'><strong>Bryennii</strong></span> <span class='ocrx_word' id='word_1_214' title='bbox 1085 2991 1239 3057; x_wconf 74' lang='lat' dir='ltr'><strong>effoderent,</strong></span> <span class='ocrx_word' id='word_1_215' title='bbox 1259 2992 1289 3044; x_wconf 85' lang='lat' dir='ltr'><strong><em>in</em></strong></span> <span class='ocrx_word' id='word_1_216' title='bbox 1306 3007 1362 3060; x_wconf 85' lang='lat' dir='ltr'><strong><em>qno</em></strong></span> 
     </span>
     <span class='ocr_line' id='line_1_27' title="bbox 261 3062 1362 3133; baseline -0.003 -16"><span class='ocrx_word' id='word_1_217' title='bbox 261 3064 323 3117; x_wconf 94' lang='lat' dir='ltr'><strong>loco</strong></span> <span class='ocrx_word' id='word_1_218' title='bbox 343 3064 406 3115; x_wconf 89' lang='lat' dir='ltr'><strong>hnic</strong></span> <span class='ocrx_word' id='word_1_219' title='bbox 426 3063 532 3114; x_wconf 83' lang='lat' dir='ltr'><strong>obviam</strong></span> <span class='ocrx_word' id='word_1_220' title='bbox 550 3062 691 3114; x_wconf 82' lang='lat' dir='ltr'><strong>venirent:</strong></span> <span class='ocrx_word' id='word_1_221' title='bbox 709 3062 812 3115; x_wconf 86' lang='lat' dir='ltr'><strong>sciebat</strong></span> <span class='ocrx_word' id='word_1_222' title='bbox 823 3065 892 3115; x_wconf 88' lang='lat' dir='ltr'><strong>enim</strong></span> <span class='ocrx_word' id='word_1_223' title='bbox 912 3064 1091 3131; x_wconf 88' lang='lat' dir='ltr'><strong>perniciosum</strong></span> <span class='ocrx_word' id='word_1_224' title='bbox 1112 3078 1181 3128; x_wconf 91' lang='lat' dir='ltr'><strong>esse,</strong></span> <span class='ocrx_word' id='word_1_225' title='bbox 1193 3062 1264 3115; x_wconf 87' lang='lat' dir='ltr'><strong>hunc</strong></span> <span class='ocrx_word' id='word_1_226' title='bbox 1281 3066 1362 3133; x_wconf 72' lang='lat' dir='ltr'><strong>regni</strong></span> 
     </span>
     <span class='ocr_line' id='line_1_28' title="bbox 261 3133 1363 3203; baseline -0.003 -15"><span class='ocrx_word' id='word_1_227' title='bbox 261 3136 384 3202; x_wconf 83' lang='lat' dir='ltr'><strong>cupidum</strong></span> <span class='ocrx_word' id='word_1_228' title='bbox 403 3134 496 3186; x_wconf 89' lang='lat' dir='ltr'><strong>oculos</strong></span> <span class='ocrx_word' id='word_1_229' title='bbox 514 3133 630 3197; x_wconf 85' lang='lat' dir='ltr'><strong>habero,</strong></span> <span class='ocrx_word' id='word_1_230' title='bbox 645 3136 745 3202; x_wconf 87' lang='lat' dir='ltr'><strong>quippe</strong></span> <span class='ocrx_word' id='word_1_231' title='bbox 763 3136 808 3203; x_wconf 87' lang='lat' dir='ltr'><strong><em>qui</em></strong></span> <span class='ocrx_word' id='word_1_232' title='bbox 827 3150 881 3187; x_wconf 92' lang='lat' dir='ltr'><strong><em>non</em></strong></span> <span class='ocrx_word' id='word_1_233' title='bbox 898 3144 990 3203; x_wconf 83' lang='lat' dir='ltr'><strong>posset</strong></span> <span class='ocrx_word' id='word_1_234' title='bbox 1008 3151 1074 3187; x_wconf 82' lang='lat' dir='ltr'><strong>vere</strong></span> <span class='ocrx_word' id='word_1_235' title='bbox 1098 3133 1126 3187; x_wconf 88' lang='lat' dir='ltr'><strong><em>in</em></strong></span> <span class='ocrx_word' id='word_1_236' title='bbox 1146 3136 1243 3203; x_wconf 82' lang='lat' dir='ltr'><strong>privati</strong></span> <span class='ocrx_word' id='word_1_237' title='bbox 1269 3135 1363 3186; x_wconf 84' lang='lat' dir='ltr'><strong>habitu</strong></span> 
     </span>
     <span class='ocr_line' id='line_1_29' title="bbox 261 3204 1363 3275; baseline -0.001 -17"><span class='ocrx_word' id='word_1_238' title='bbox 261 3209 412 3275; x_wconf 75' lang='lat' dir='ltr'>quiescere,</span> <span class='ocrx_word' id='word_1_239' title='bbox 432 3206 479 3257; x_wconf 81' lang='lat' dir='ltr'><strong><em>sed</em></strong></span> <span class='ocrx_word' id='word_1_240' title='bbox 497 3204 578 3256; x_wconf 88' lang='lat' dir='ltr'><strong>multa</strong></span> <span class='ocrx_word' id='word_1_241' title='bbox 593 3205 753 3258; x_wconf 72' lang='lat' dir='ltr'><strong>facesseret:</strong></span> <span class='ocrx_word' id='word_1_242' title='bbox 772 3223 860 3275; x_wconf 85' lang='lat' dir='ltr'><strong>neque</strong></span> <span class='ocrx_word' id='word_1_243' title='bbox 878 3207 996 3261; x_wconf 87' lang='lat' dir='ltr'><strong>tolerans</strong></span> <span class='ocrx_word' id='word_1_244' title='bbox 1014 3207 1111 3258; x_wconf 86' lang='lat' dir='ltr'><strong>multos</strong></span> <span class='ocrx_word' id='word_1_245' title='bbox 1125 3223 1174 3274; x_wconf 81' lang='lat' dir='ltr'><strong>per</strong></span> <span class='ocrx_word' id='word_1_246' title='bbox 1192 3221 1251 3258; x_wconf 86' lang='lat' dir='ltr'><strong><em>cam</em></strong></span> <span class='ocrx_word' id='word_1_247' title='bbox 1272 3208 1363 3259; x_wconf 86' lang='lat' dir='ltr'><strong>causis</strong></span> 
     </span>
     <span class='ocr_line' id='line_1_30' title="bbox 260 3276 1362 3347; baseline 0 -20"><span class='ocrx_word' id='word_1_248' title='bbox 260 3278 406 3330; x_wconf 69' lang='lat' dir='ltr'><strong>mortiferis</strong></span> <span class='ocrx_word' id='word_1_249' title='bbox 426 3276 531 3340; x_wconf 90' lang='lat' dir='ltr'><strong>subiici,</strong></span> <span class='ocrx_word' id='word_1_250' title='bbox 552 3276 725 3343; x_wconf 81' lang='lat' dir='ltr'><strong>plurimorum</strong></span> <span class='ocrx_word' id='word_1_251' title='bbox 739 3276 826 3330; x_wconf 87' lang='lat' dir='ltr'><strong>salute</strong></span> <span class='ocrx_word' id='word_1_252' title='bbox 845 3286 872 3329; x_wconf 84' lang='lat' dir='ltr'><strong>et</strong></span> <span class='ocrx_word' id='word_1_253' title='bbox 890 3293 938 3331; x_wconf 89' lang='lat' dir='ltr'><strong>sua</strong></span> <span class='ocrx_word' id='word_1_254' title='bbox 956 3278 1150 3347; x_wconf 75' lang='lat' dir='ltr'><strong>tranquillitate</strong></span> <span class='ocrx_word' id='word_1_255' title='bbox 1169 3285 1195 3330; x_wconf 88' lang='lat' dir='ltr'><strong><em>ct</em></strong></span> <span class='ocrx_word' id='word_1_256' title='bbox 1213 3278 1269 3329; x_wconf 93' lang='lat' dir='ltr'><strong>otio</strong></span> <span class='ocrx_word' id='word_1_257' title='bbox 1291 3292 1362 3328; x_wconf 93' lang='lat' dir='ltr'><strong>ocn-</strong></span> 
     </span>
     <span class='ocr_line' id='line_1_31' title="bbox 260 3348 1364 3419; baseline -0.003 -19"><span class='ocrx_word' id='word_1_258' title='bbox 260 3349 303 3400; x_wconf 84' lang='lat' dir='ltr'><strong>los</strong></span> <span class='ocrx_word' id='word_1_259' title='bbox 323 3348 398 3400; x_wconf 90' lang='lat' dir='ltr'><strong>illius</strong></span> <span class='ocrx_word' id='word_1_260' title='bbox 417 3348 543 3400; x_wconf 86' lang='lat' dir='ltr'><strong>mutavit:</strong></span> <span class='ocrx_word' id='word_1_261' title='bbox 563 3356 642 3417; x_wconf 85' lang='lat' dir='ltr'><strong>atque</strong></span> <span class='ocrx_word' id='word_1_262' title='bbox 660 3363 752 3400; x_wconf 82' lang='lat' dir='ltr'><strong>veram</strong></span> <span class='ocrx_word' id='word_1_263' title='bbox 772 3350 913 3401; x_wconf 84' lang='lat' dir='ltr'><strong>ostendent</strong></span> <span class='ocrx_word' id='word_1_264' title='bbox 932 3351 1062 3401; x_wconf 89' lang='lat' dir='ltr'><strong>rationem</strong></span> <span class='ocrx_word' id='word_1_265' title='bbox 1079 3365 1146 3419; x_wconf 91' lang='lat' dir='ltr'><strong>quae</strong></span> <span class='ocrx_word' id='word_1_266' title='bbox 1164 3348 1278 3417; x_wconf 81' lang='lat' dir='ltr'><strong>posthac</strong></span> <span class='ocrx_word' id='word_1_267' title='bbox 1298 3350 1364 3400; x_wconf 89' lang='lat' dir='ltr'><strong>col.</strong></span> 
     </span>
     <span class='ocr_line' id='line_1_32' title="bbox 260 3418 1363 3488; baseline -0.003 -17"><span class='ocrx_word' id='word_1_268' title='bbox 260 3418 315 3471; x_wconf 83' lang='lat' dir='ltr'><strong>lata</strong></span> <span class='ocrx_word' id='word_1_269' title='bbox 334 3428 394 3472; x_wconf 89' lang='lat' dir='ltr'><strong>sunt</strong></span> <span class='ocrx_word' id='word_1_270' title='bbox 412 3434 428 3471; x_wconf 90' lang='lat' dir='ltr'><strong>a</strong></span> <span class='ocrx_word' id='word_1_271' title='bbox 445 3434 511 3487; x_wconf 79' lang='lat' dir='ltr'><strong>rege</strong></span> <span class='ocrx_word' id='word_1_272' title='bbox 529 3420 558 3470; x_wconf 92' lang='lat' dir='ltr'><strong><em>in</em></strong></span> <span class='ocrx_word' id='word_1_273' title='bbox 583 3419 654 3470; x_wconf 90' lang='lat' dir='ltr'><strong>hunc</strong></span> <span class='ocrx_word' id='word_1_274' title='bbox 672 3420 813 3471; x_wconf 83' lang='lat' dir='ltr'><strong>beneficia.</strong></span> <span class='ocrx_word' id='word_1_275' title='bbox 851 3421 954 3471; x_wconf 88' lang='lat' dir='ltr'><strong>interea</strong></span> <span class='ocrx_word' id='word_1_276' title='bbox 973 3422 1078 3474; x_wconf 87' lang='lat' dir='ltr'><strong>adstans</strong></span> <span class='ocrx_word' id='word_1_277' title='bbox 1103 3428 1210 3488; x_wconf 85' lang='lat' dir='ltr'><strong>postero</strong></span> <span class='ocrx_word' id='word_1_278' title='bbox 1231 3420 1275 3471; x_wconf 85' lang='lat' dir='ltr'><strong>‹lic</strong></span> <span class='ocrx_word' id='word_1_279' title='bbox 1299 3421 1363 3487; x_wconf 76' lang='lat' dir='ltr'><strong>regi</strong></span> 
     </span>
     <span class='ocr_line' id='line_1_33' title="bbox 261 3490 1361 3573; baseline -0.004 -30"><span class='ocrx_word' id='word_1_280' title='bbox 261 3491 413 3558; x_wconf 72' lang='lat' dir='ltr'><strong>Bryennins</strong></span> <span class='ocrx_word' id='word_1_281' title='bbox 433 3491 519 3542; x_wconf 83' lang='lat' dir='ltr'><strong>oculis</strong></span> <span class='ocrx_word' id='word_1_282' title='bbox 541 3491 671 3573; x_wconf 77' lang='lat' dir='ltr'><strong>sanguine</strong></span> <span class='ocrx_word' id='word_1_283' title='bbox 690 3491 816 3555; x_wconf 76' lang='lat' dir='ltr'><strong>madidis,</strong></span> <span class='ocrx_word' id='word_1_284' title='bbox 843 3492 946 3559; x_wconf 84' lang='lat' dir='ltr'><strong>quando</strong></span> <span class='ocrx_word' id='word_1_285' title='bbox 971 3501 998 3543; x_wconf 83' lang='lat' dir='ltr'><strong>et</strong></span> <span class='ocrx_word' id='word_1_286' title='bbox 1021 3494 1080 3559; x_wconf 83' lang='lat' dir='ltr'><strong>ipse</strong></span> <span class='ocrx_word' id='word_1_287' title='bbox 1106 3494 1150 3561; x_wconf 86' lang='lat' dir='ltr'><strong><em>qni</em></strong></span> <span class='ocrx_word' id='word_1_288' title='bbox 1177 3493 1243 3543; x_wconf 86' lang='lat' dir='ltr'><strong>haec</strong></span> <span class='ocrx_word' id='word_1_289' title='bbox 1269 3490 1361 3543; x_wconf 81' lang='lat' dir='ltr'><strong>acribo</strong></span> 
     </span>
     <span class='ocr_line' id='line_1_34' title="bbox 261 3562 1363 3633; baseline -0.002 -19"><span class='ocrx_word' id='word_1_290' title='bbox 261 3564 365 3629; x_wconf 74' lang='lat' dir='ltr'><strong>gratiae</strong></span> <span class='ocrx_word' id='word_1_291' title='bbox 383 3563 531 3614; x_wconf 83' lang='lat' dir='ltr'><strong>orationem</strong></span> <span class='ocrx_word' id='word_1_292' title='bbox 550 3562 663 3613; x_wconf 85' lang='lat' dir='ltr'><strong>recitavi</strong></span> <span class='ocrx_word' id='word_1_293' title='bbox 682 3563 753 3630; x_wconf 82' lang='lat' dir='ltr'><strong>regi,</strong></span> <span class='ocrx_word' id='word_1_294' title='bbox 773 3576 827 3613; x_wconf 90' lang='lat' dir='ltr'><strong><em>non</em></strong></span> <span class='ocrx_word' id='word_1_295' title='bbox 845 3564 944 3614; x_wconf 86' lang='lat' dir='ltr'><strong>iniuste</strong></span> <span class='ocrx_word' id='word_1_296' title='bbox 962 3579 1051 3633; x_wconf 90' lang='lat' dir='ltr'><strong>neque</strong></span> <span class='ocrx_word' id='word_1_297' title='bbox 1069 3572 1170 3615; x_wconf 84' lang='lat' dir='ltr'><strong>temere</strong></span> <span class='ocrx_word' id='word_1_298' title='bbox 1193 3564 1226 3615; x_wconf 85' lang='lat' dir='ltr'><strong><em>ab</em></strong></span> <span class='ocrx_word' id='word_1_299' title='bbox 1255 3577 1286 3613; x_wconf 90' lang='lat' dir='ltr'><strong>eo</strong></span> <span class='ocrx_word' id='word_1_300' title='bbox 1313 3578 1363 3613; x_wconf 89' lang='lat' dir='ltr'><strong>re-</strong></span> 
     </span>
     <span class='ocr_line' id='line_1_35' title="bbox 262 3632 1364 3701; baseline -0.003 -15"><span class='ocrx_word' id='word_1_301' title='bbox 262 3634 410 3701; x_wconf 85' lang='lat' dir='ltr'><strong>prehensus</strong></span> <span class='ocrx_word' id='word_1_302' title='bbox 443 3642 494 3686; x_wconf 90' lang='lat' dir='ltr'><strong>est.</strong></span> <span class='ocrx_word' id='word_1_303' title='bbox 537 3632 626 3683; x_wconf 86' lang='lat' dir='ltr'><strong>aiebat</strong></span> <span class='ocrx_word' id='word_1_304' title='bbox 653 3634 722 3683; x_wconf 90' lang='lat' dir='ltr'><strong>enim</strong></span> <span class='ocrx_word' id='word_1_305' title='bbox 748 3635 780 3685; x_wconf 90' lang='lat' dir='ltr'><strong><em>ad</em></strong></span> <span class='ocrx_word' id='word_1_306' title='bbox 813 3650 887 3685; x_wconf 86' lang='lat' dir='ltr'><strong>eum.</strong></span> <span class='ocrx_word' id='word_1_307' title='bbox 910 3648 926 3684; x_wconf 92' lang='lat' dir='ltr'><strong>o</strong></span> <span class='ocrx_word' id='word_1_308' title='bbox 952 3635 1093 3687; x_wconf 84' lang='lat' dir='ltr'><strong>durissime</strong></span> <span class='ocrx_word' id='word_1_309' title='bbox 1118 3642 1144 3686; x_wconf 86' lang='lat' dir='ltr'><strong><em>ct</em></strong></span> <span class='ocrx_word' id='word_1_310' title='bbox 1174 3634 1364 3687; x_wconf 73' lang='lat' dir='ltr'><strong>infelicissime</strong></span> 
     </span>
     <span class='ocr_line' id='line_1_36' title="bbox 262 3704 1366 3773; baseline 0 -18"><span class='ocrx_word' id='word_1_311' title='bbox 262 3704 352 3770; x_wconf 85' lang='lat' dir='ltr'><strong>homo,</strong></span> <span class='ocrx_word' id='word_1_312' title='bbox 372 3705 434 3772; x_wconf 89' lang='lat' dir='ltr'><strong>quid</strong></span> <span class='ocrx_word' id='word_1_313' title='bbox 454 3704 504 3755; x_wconf 92' lang='lat' dir='ltr'><strong><em>hoc</em></strong></span> <span class='ocrx_word' id='word_1_314' title='bbox 526 3704 615 3755; x_wconf 86' lang='lat' dir='ltr'><strong>fecisti</strong></span> <span class='ocrx_word' id='word_1_315' title='bbox 636 3711 663 3754; x_wconf 89' lang='lat' dir='ltr'><strong>et</strong></span> <span class='ocrx_word' id='word_1_316' title='bbox 680 3718 729 3769; x_wconf 89' lang='lat' dir='ltr'><strong><em>pro</em></strong></span> <span class='ocrx_word' id='word_1_317' title='bbox 749 3717 815 3770; x_wconf 86' lang='lat' dir='ltr'><strong>pace</strong></span> <span class='ocrx_word' id='word_1_318' title='bbox 836 3714 862 3756; x_wconf 89' lang='lat' dir='ltr'><strong><em>ct</em></strong></span> <span class='ocrx_word' id='word_1_319' title='bbox 881 3705 985 3758; x_wconf 86' lang='lat' dir='ltr'><strong>fortuna</strong></span> <span class='ocrx_word' id='word_1_320' title='bbox 1004 3706 1052 3759; x_wconf 87' lang='lat' dir='ltr'><strong>tihi</strong></span> <span class='ocrx_word' id='word_1_321' title='bbox 1071 3722 1086 3757; x_wconf 93' lang='lat' dir='ltr'><strong>a</strong></span> <span class='ocrx_word' id='word_1_322' title='bbox 1103 3706 1182 3758; x_wconf 92' lang='lat' dir='ltr'><strong>nobis</strong></span> <span class='ocrx_word' id='word_1_323' title='bbox 1205 3706 1278 3770; x_wconf 87' lang='lat' dir='ltr'><strong>data,</strong></span> <span class='ocrx_word' id='word_1_324' title='bbox 1310 3720 1366 3773; x_wconf 86' lang='lat' dir='ltr'><strong><em>qna</em></strong></span> 
     </span>
     <span class='ocr_line' id='line_1_37' title="bbox 260 3774 1366 3844; baseline 0.002 -17"><span class='ocrx_word' id='word_1_325' title='bbox 260 3791 316 3828; x_wconf 92' lang='lat' dir='ltr'><strong><em>non</em></strong></span> <span class='ocrx_word' id='word_1_326' title='bbox 335 3791 394 3827; x_wconf 90' lang='lat' dir='ltr'><strong>eras</strong></span> <span class='ocrx_word' id='word_1_327' title='bbox 413 3776 523 3844; x_wconf 73' lang='lat' dir='ltr'><strong>dignus,</strong></span> <span class='ocrx_word' id='word_1_328' title='bbox 542 3790 656 3842; x_wconf 80' lang='lat' dir='ltr'><strong>pugnam</strong></span> <span class='ocrx_word' id='word_1_329' title='bbox 675 3775 812 3843; x_wconf 83' lang='lat' dir='ltr'><strong>amplexus</strong></span> <span class='ocrx_word' id='word_1_330' title='bbox 838 3792 866 3830; x_wconf 91' lang='lat' dir='ltr'><strong><em>es</em></strong></span> <span class='ocrx_word' id='word_1_331' title='bbox 893 3785 919 3828; x_wconf 91' lang='lat' dir='ltr'><strong>et</strong></span> <span class='ocrx_word' id='word_1_332' title='bbox 945 3779 1069 3844; x_wconf 84' lang='lat' dir='ltr'><strong>profusus</strong></span> <span class='ocrx_word' id='word_1_333' title='bbox 1097 3794 1155 3830; x_wconf 85' lang='lat' dir='ltr'><strong>eras</strong></span> <span class='ocrx_word' id='word_1_334' title='bbox 1182 3779 1210 3828; x_wconf 92' lang='lat' dir='ltr'><strong><em>in</em></strong></span> <span class='ocrx_word' id='word_1_335' title='bbox 1235 3774 1366 3829; x_wconf 81' lang='lat' dir='ltr'><strong>caedibus</strong></span> 
     </span>
     <span class='ocr_line' id='line_1_38' title="bbox 254 3846 1368 3912; baseline -0.001 -11.989"><span class='ocrx_word' id='word_1_336' title='bbox 254 3846 494 3912; x_wconf 82' lang='lat' dir='ltr'><strong>.Gbristianorum.</strong></span> <span class='ocrx_word' id='word_1_337' title='bbox 505 3862 539 3897; x_wconf 87' lang='lat' dir='ltr'><strong><em>an</em></strong></span> <span class='ocrx_word' id='word_1_338' title='bbox 556 3847 698 3898; x_wconf 84' lang='lat' dir='ltr'><strong>nesciebas</strong></span> <span class='ocrx_word' id='word_1_339' title='bbox 716 3856 745 3897; x_wconf 92' lang='lat' dir='ltr'><strong>te</strong></span> <span class='ocrx_word' id='word_1_340' title='bbox 765 3864 825 3899; x_wconf 87' lang='lat' dir='ltr'><strong>csse</strong></span> <span class='ocrx_word' id='word_1_341' title='bbox 844 3847 991 3912; x_wconf 87' lang='lat' dir='ltr'><strong>mortalem,</strong></span> <span class='ocrx_word' id='word_1_342' title='bbox 1011 3851 1053 3899; x_wconf 87' lang='lat' dir='ltr'><strong><em>cui</em></strong></span> <span class='ocrx_word' id='word_1_343' title='bbox 1064 3851 1183 3901; x_wconf 90' lang='lat' dir='ltr'><strong>rationes</strong></span> <span class='ocrx_word' id='word_1_344' title='bbox 1195 3856 1284 3901; x_wconf 87' lang='lat' dir='ltr'><strong>essent</strong></span> <span class='ocrx_word' id='word_1_345' title='bbox 1296 3848 1368 3899; x_wconf 84' lang='lat' dir='ltr'><strong>red-</strong></span> 
     </span>
    </p>

    <p class='ocr_par' dir='ltr' id='par_1_9' title="bbox 260 3917 1371 4060">
     <span class='ocr_line' id='line_1_39' title="bbox 260 3917 1371 3986; baseline -0.001 -16"><span class='ocrx_word' id='word_1_346' title='bbox 260 3919 363 3971; x_wconf 85' lang='lat' dir='ltr'><strong>dendae</strong></span> <span class='ocrx_word' id='word_1_347' title='bbox 382 3919 471 3969; x_wconf 89' lang='lat' dir='ltr'><strong>caedis</strong></span> <span class='ocrx_word' id='word_1_348' title='bbox 491 3920 658 3970; x_wconf 89' lang='lat' dir='ltr'><strong>occisorum.</strong></span> <span class='ocrx_word' id='word_1_349' title='bbox 679 3917 744 3968; x_wconf 87' lang='lat' dir='ltr'><strong>milri</strong></span> <span class='ocrx_word' id='word_1_350' title='bbox 766 3919 835 3970; x_wconf 87' lang='lat' dir='ltr'><strong>enim</strong></span> <span class='ocrx_word' id='word_1_351' title='bbox 854 3920 973 3986; x_wconf 89' lang='lat' dir='ltr'><strong>potentia</strong></span> <span class='ocrx_word' id='word_1_352' title='bbox 998 3920 1125 3973; x_wconf 85' lang='lat' dir='ltr'><strong>divinitus</strong></span> <span class='ocrx_word' id='word_1_353' title='bbox 1144 3919 1243 3972; x_wconf 83' lang='lat' dir='ltr'><strong>tributa</strong></span> <span class='ocrx_word' id='word_1_354' title='bbox 1273 3927 1319 3971; x_wconf 89' lang='lat' dir='ltr'><strong><em>est</em></strong></span> <span class='ocrx_word' id='word_1_355' title='bbox 1341 3928 1371 3969; x_wconf 87' lang='lat' dir='ltr'><strong>et</strong></span> 
     </span>
     <span class='ocr_line' id='line_1_40' title="bbox 260 3990 1371 4060; baseline 0 -19"><span class='ocrx_word' id='word_1_356' title='bbox 260 3990 371 4042; x_wconf 76' lang='lat' dir='ltr'><strong>divinas</strong></span> <span class='ocrx_word' id='word_1_357' title='bbox 392 3991 453 4040; x_wconf 87' lang='lat' dir='ltr'><strong>voci</strong></span> <span class='ocrx_word' id='word_1_358' title='bbox 473 4003 565 4041; x_wconf 86' lang='lat' dir='ltr'><strong>omnes</strong></span> <span class='ocrx_word' id='word_1_359' title='bbox 587 3990 633 4057; x_wconf 89' lang='lat' dir='ltr'><strong><em>qui</em></strong></span> <span class='ocrx_word' id='word_1_360' title='bbox 651 3991 679 4039; x_wconf 92' lang='lat' dir='ltr'><strong><em>in</em></strong></span> <span class='ocrx_word' id='word_1_361' title='bbox 698 3992 774 4057; x_wconf 85' lang='lat' dir='ltr'><strong>regia</strong></span> <span class='ocrx_word' id='word_1_362' title='bbox 794 3999 868 4042; x_wconf 86' lang='lat' dir='ltr'><strong>erant</strong></span> <span class='ocrx_word' id='word_1_363' title='bbox 885 3999 1010 4056; x_wconf 87' lang='lat' dir='ltr'><strong>parentes</strong></span> <span class='ocrx_word' id='word_1_364' title='bbox 1029 3992 1088 4043; x_wconf 89' lang='lat' dir='ltr'><strong>sine</strong></span> <span class='ocrx_word' id='word_1_365' title='bbox 1106 3993 1236 4060; x_wconf 81' lang='lat' dir='ltr'><strong>sanguine</strong></span> <span class='ocrx_word' id='word_1_366' title='bbox 1263 3996 1290 4039; x_wconf 87' lang='lat' dir='ltr'><strong>et</strong></span> <span class='ocrx_word' id='word_1_367' title='bbox 1312 4006 1371 4057; x_wconf 85' lang='lat' dir='ltr'><strong>pe-</strong></span> 
     </span>
    </p>

    <p class='ocr_par' dir='ltr' id='par_1_10' title="bbox 259 4059 1372 4147">
     <span class='ocr_line' id='line_1_41' title="bbox 259 4059 1372 4147; baseline 0.001 -36"><span class='ocrx_word' id='word_1_368' title='bbox 259 4061 355 4115; x_wconf 81' lang='lat' dir='ltr'><strong>riculis</strong></span> <span class='ocrx_word' id='word_1_369' title='bbox 374 4061 451 4129; x_wconf 79' lang='lat' dir='ltr'><strong>regie</strong></span> <span class='ocrx_word' id='word_1_370' title='bbox 469 4059 540 4110; x_wconf 91' lang='lat' dir='ltr'><strong>bono</strong></span> <span class='ocrx_word' id='word_1_371' title='bbox 559 4062 647 4111; x_wconf 84' lang='lat' dir='ltr'><strong>animo</strong></span> <span class='ocrx_word' id='word_1_372' title='bbox 667 4069 695 4111; x_wconf 90' lang='lat' dir='ltr'><strong>et</strong></span> <span class='ocrx_word' id='word_1_373' title='bbox 714 4062 819 4129; x_wconf 85' lang='lat' dir='ltr'><strong>gaudiis</strong></span> <span class='ocrx_word' id='word_1_374' title='bbox 837 4076 879 4113; x_wconf 82' lang='lat' dir='ltr'><strong><em>sne</em></strong></span> <span class='ocrx_word' id='word_1_375' title='bbox 898 4063 926 4113; x_wconf 87' lang='lat' dir='ltr'><strong><em>in</em></strong></span> <span class='ocrx_word' id='word_1_376' title='bbox 947 4063 1049 4131; x_wconf 78' lang='lat' dir='ltr'><strong>regiam</strong></span> <span class='ocrx_word' id='word_1_377' title='bbox 1068 4071 1242 4147; x_wconf 64' lang='lat' dir='ltr'><strong>merserunt,</strong></span> <span class='ocrx_word' id='word_1_378' title='bbox 1261 4075 1372 4128; x_wconf 83' lang='lat' dir='ltr'><strong>prose.</strong></span> 
     </span>
    </p>

    <p class='ocr_par' dir='ltr' id='par_1_11' title="bbox 255 4129 1374 4273">
     <span class='ocr_line' id='line_1_42' title="bbox 260 4129 1373 4207; baseline 0 -23"><span class='ocrx_word' id='word_1_379' title='bbox 260 4140 373 4198; x_wconf 75' lang='lat' dir='ltr'><strong>quentes</strong></span> <span class='ocrx_word' id='word_1_380' title='bbox 392 4148 450 4183; x_wconf 88' lang='lat' dir='ltr'><strong><em>cnm</em></strong></span> <span class='ocrx_word' id='word_1_381' title='bbox 470 4129 557 4184; x_wconf 87' lang='lat' dir='ltr'><strong>classe</strong></span> <span class='ocrx_word' id='word_1_382' title='bbox 574 4139 631 4183; x_wconf 88' lang='lat' dir='ltr'><strong>tota</strong></span> <span class='ocrx_word' id='word_1_383' title='bbox 650 4132 862 4185; x_wconf 88' lang='lat' dir='ltr'><strong>etescendentes</strong></span> <span class='ocrx_word' id='word_1_384' title='bbox 881 4141 978 4185; x_wconf 70' lang='lat' dir='ltr'><strong>metam</strong></span> <span class='ocrx_word' id='word_1_385' title='bbox 989 4136 1069 4188; x_wconf 85' lang='lat' dir='ltr'><strong>maris</strong></span> <span class='ocrx_word' id='word_1_386' title='bbox 1086 4136 1306 4207; x_wconf 74' lang='lat' dir='ltr'><strong>navigationem.</strong></span> <span class='ocrx_word' id='word_1_387' title='bbox 1323 4142 1373 4186; x_wconf 86' lang='lat' dir='ltr'><strong><em>at.</em></strong></span> 
     </span>
     <span class='ocr_line' id='line_1_43' title="bbox 255 4202 1374 4273; baseline 0.004 -19"><span class='ocrx_word' id='word_1_388' title='bbox 255 4216 314 4269; x_wconf 69' lang='lat' dir='ltr'><strong><em>qna</em></strong></span> <span class='ocrx_word' id='word_1_389' title='bbox 332 4205 436 4271; x_wconf 77' lang='lat' dir='ltr'><strong>regium</strong></span> <span class='ocrx_word' id='word_1_390' title='bbox 454 4202 574 4256; x_wconf 81' lang='lat' dir='ltr'><strong>diadema</strong></span> <span class='ocrx_word' id='word_1_391' title='bbox 593 4216 609 4253; x_wconf 83' lang='lat' dir='ltr'><strong>o</strong></span> <span class='ocrx_word' id='word_1_392' title='bbox 627 4202 719 4259; x_wconf 76' lang='lat' dir='ltr'><strong>divina</strong></span> <span class='ocrx_word' id='word_1_393' title='bbox 736 4206 824 4273; x_wconf 75' lang='lat' dir='ltr'><strong>grstia</strong></span> <span class='ocrx_word' id='word_1_394' title='bbox 843 4205 1021 4262; x_wconf 72' lang='lat' dir='ltr'><strong>adiudicatum</strong></span> <span class='ocrx_word' id='word_1_395' title='bbox 1040 4213 1083 4261; x_wconf 84' lang='lat' dir='ltr'><strong><em>est</em></strong></span> <span class='ocrx_word' id='word_1_396' title='bbox 1097 4206 1178 4260; x_wconf 78' lang='lat' dir='ltr'><strong>nihi:</strong></span> <span class='ocrx_word' id='word_1_397' title='bbox 1200 4214 1227 4259; x_wconf 91' lang='lat' dir='ltr'><strong>et</strong></span> <span class='ocrx_word' id='word_1_398' title='bbox 1247 4206 1293 4258; x_wconf 83' lang='lat' dir='ltr'><strong>dei</strong></span> <span class='ocrx_word' id='word_1_399' title='bbox 1322 4207 1374 4259; x_wconf 84' lang='lat' dir='ltr'><strong><em>in-</em></strong></span> 
     </span>
    </p>
   </div>
   <div class='ocr_carea' id='block_1_5' title="bbox 0 0 1442 4734">
    <p class='ocr_par' dir='ltr' id='par_1_12' title="bbox 0 0 1442 4734">
     <span class='ocr_line' id='line_1_44' title="bbox 0 0 1442 4734; baseline 0 0"><span class='ocrx_word' id='word_1_400' title='bbox 0 0 1442 4734; x_wconf 95' lang='lat' dir='ltr'><strong><em> </em></strong></span> 
     </span>
    </p>
   </div>
  </div>
 </body>
</html>
