2875 4734
204 187 291 265 ‘ouo
372 300 376 309 Ι
482 175 484 180 ’
522 185 1029 265 monumemtum

210 362 370 485 βαριλέως
383 359 582 446 χρηστότητα
597 359 791 444 συνεκρότει,
813 361 912 425 ταῦτα
933 384 976 446 τῳ
963 354 1073 447 ’λόγρι
1094 352 1321 461 παραδιδόναι

211 459 268 527 και
285 458 412 545 μνήμης
436 461 602 539 α’ξιοόν’
564 485 621 525 ουκ
645 462 781 537 ἀνάξιον.

315 563 378 645 Τῆς
393 560 463 645 γὰρ
495 565 599 645 κοινῆς
625 561 768 646 γλώσσης
799 564 1058 647 ολπαρεσκομένης
1079 530 1156 646 πρὸς
1181 585 1239 644 την
1258 565 1324 626 τοῦ

205 656 477 746 βασιλεύοντος’
455 665 612 747 αγνωσιάν
634 688 687 727 και
711 660 963 748 αι’κυβέρνητον”
944 686 1090 745 επαρσιν,
1112 687 1165 726 και
1162 662 1227 725 δι’
1250 658 1320 725 αὐ-

205 766 262 847 τῆς
282 760 524 847 πανταχόθεν’
508 771 693 849 επισυρρεῖν
714 764 751 828 τόι
774 764 861 828 δειναὶ
884 762 1163 849 διαλεγομένης,ε
1138 788 1180 838 ως
1202 758 1318 829 έκατέ-
1297 782 1347 833 -5

207 868 315 951 ρωθεν
334 860 394 947 τὴν
414 866 567 946 βασιλίδα
598 868 662 929 τῶν
683 862 805 929 πόλεων
837 868 1064 949 περιηχεῖσθαι
1083 873 1152 939 ταῖς
1174 868 1237 927 τῶν
1258 888 1316 929 σι-

208 966 315 1052 δήρων
339 957 453 1050 αὖγαῖς
484 963 540 1029 καί
563 976 687 1047 τομαῖς,
707 965 764 1030 καί
783 968 828 1051 τῇ
848 965 958 1029 σπόνει
990 966 1050 1029 ταῖν
1072 966 1253 1048 ἀναγκαίων
1274 966 1313 1030 τό

207 1074 355 1133 πλεῖστον
372 1070 470 1153 μέρος
488 1069 523 1131 τό
549 1070 605 1150 ζῆν
636 1066 898 1152 α’πσρρὴγνυσδαι
931 1070 1043 1151 (τριαῖν
1063 1063 1125 1152 γόρ
1151 1064 1315 1149 νομισμά-

152 1248 155 1253 ·
207 1167 306 1234 τωνό
329 1168 386 1231 τοῦ
417 1172 508 1233 σίτου
536 1169 688 1249 μέδιμνος
722 1164 950 1254 ἐπιπράσκετο,
983 1166 1038 1233 καί
1057 1169 1124 1231 ταῖν
1145 1159 1313 1232 θανόντων

209 1268 268 1333 σόκ
293 1262 332 1352 ἢν
363 1270 513 1355 εόχέρεια
535 1267 615 1354 πρός
645 1268 678 1333 τό
701 1265 920 1354 θάπτεσθαι),
941 1272 1100 1351 συνῆλθον
1122 1266 1166 1342 είς
1188 1268 1361 1337 ταότόνλθ

208 1366 239 1433 οἱ
259 1372 316 1454 τῆς
346 1370 571 1456 ἀρχιερατικῆς
594 1369 684 1448 α’ξιάς
712 1370 756 1456 τῷ
785 1368 987 1451 όρχιποίμενι
1020 1366 1137 1431 τοότων
1170 1367 1225 1431 καί
1245 1394 1313 1433 τια-

207 1470 345 1558 τριόρχη
373 1474 510 1556 Κοσμᾷ,
531 1474 586 1535 καί
605 1472 681 1553 περί
700 1468 763 1533 τεόν
790 1465 966 1532 ἐνεστώτων
988 1464 1031 1543 σός
1056 1466 1089 1532 τὸ
1113 1466 1196 1544 εἰκός
1219 1470 1311 1549 ε’βου-
1363 1467 1368 1475 ’

207 1572 363 1652 λεόοντο,
389 1572 445 1636 καί
471 1574 514 1656 τῷ
539 1565 732 1655 Βοισνειότη
766 1566 822 1652 την
852 1570 1026 1654 νικητήριον
1061 1571 1172 1655 ψῆφον
1192 1570 1246 1633 ἐπί
1264 1572 1310 1655 τῷ

40 1657 46 1663 ’
114 1749 117 1755 ¹
208 1661 322 1751 ἄρχειν
340 1674 516 1750 βασιλικῶς
527 1674 769 1755 προσετίθεσαν,
793 1672 833 1732 ου’
853 1671 1019 1753 προδήλως
1033 1674 1140 1750 μέντοι
1152 1673 1208 1734 καί
1228 1692 1312 1751 προ-

207 1772 309 1849 πεεοῖς
333 1768 388 1835 διδ
413 1767 449 1860 τό
471 1772 505 1836 έκ
518 1774 576 1835 τοῦ
597 1772 821 1851 βασιλεύοντος
841 1773 921 1851 δέος,
943 1770 1012 1834 ἀλλ’
1035 1775 1069 1834 εἰι
1090 1774 1310 1890 συλλογιρμιόν
1323 1789 1359 1841 15

206 1875 262 1935 καί
289 1873 421 1952 λογικῶν
451 1874 663 1955 παραδόσεων
693 1896 746 1935 και
771 1867 898 1953 τρόπων
921 1868 1065 1935 ἐπιεικῶν
1078 1871 1310 1953 ,συναγόντων

102 2040 111 2046 ,
208 1974 255 2047 εἷς
276 1994 333 2055 την
354 1968 463 2061 αότην
480 1968 604 2035 ἔννοιόν
627 1995 661 2035 τε
683 1996 736 2036 και
756 1969 907 2055 ’ξόρρσιαν
925 1969 958 2034 τό
982 1974 1208 2056 προτιθέμενον
1228 1970 1310 2051 βοό-

207 2076 320 2152 λευμα.
370 2060 415 2145 εἷς
446 2072 482 2134 δὲ
508 2096 572 2135 των
598 2063 705 2135 ἄλλων
729 2068 843 2153 γνιόσει
867 2073 1031 2156 διαφέρων
1061 2095 1113 2135 και
1136 2067 1308 2157 λογιότητι,
1378 2123 1404 2161 .·

193 2174 264 2235 arco*
283 2167 318 2238 τὸ
341 2169 613 2256 παρρησιαστικόν
638 2177 824 2255 κεκτημένος
846 2170 881 2235 ἐκ
903 2172 1041 2257 φύσεως,
1063 2169 1118 2255 τη“ν
1139 2175 1310 2259 προεδρίαν

205 2274 265 2353 μέν
287 2270 371 2356 ἔχων
405 2277 462 2357 τῆς
490 2274 545 2338 τοῦ
569 2272 698 2337 Ἰκονίου
719 2277 891 2359 καθολικῆς
923 2276 1106 2359 ἐκκλησίας,
1127 2274 1309 2340 Ἀσκάλωνα
1318 2300 1355 2354 20
1421 2324 1422 2333 ι

123 2406 128 2414 ·
208 2374 245 2436 δέ
267 2376 405 2457 πατρίδα
434 2375 488 2457 τῆς
513 2377 663 2458 Φοινίκης
684 2374 811 2456 αὐχῶν,
834 2373 888 2438 καί
917 2372 1004 2457 παρὰ
1026 2378 1088 2439 τῶν
1118 2366 1245 2439 ἄνωθεν
1266 2376 1309 2451 σός
1421 2358 1422 2369 ¹

128 2554 137 2559 -
207 2475 365 2559 κορωνίδα
383 2479 567 2558 κεκτημένος
589 2471 624 2537 τό
647 2475 790 2559 εόσεβές,
811 2472 1001 2559 τρανότερόν
1021 2498 1053 2539 ιε
1076 2474 1132 2539 καί
1149 2477 1308 2539 διαλεκτι-

207 2575 345 2662 κιότερον
364 2577 407 2663 τῷ
428 2579 644 2665 βουλευτηρίῳ
673 2573 739 2661 τήν,
759 2578 877 2641 οἰκειάν
906 2576 1032 2662 γνώμην
1054 2574 1307 2661 ε’νσημηνόμενος

208 2900 321 2941 cuneum
340 2892 368 2939 et
385 2887 603 2972 intempestivum
621 2894 702 2954 puto:
723 2902 792 2956 quae
811 2894 898 2939 autem
915 2886 1002 2955 palam
1016 2890 1156 2955 tyrannice
1174 2890 1270 2959 agebat
1283 2899 1308 2944 et

206 2959 356 3014 violentius
374 2976 451 3029 quam
471 2976 505 3011 ex
521 2961 597 3028 regis
617 2960 718 3011 virtute
746 2958 872 3028 parabat,
898 2960 965 3011 baec
983 2963 1130 3013 narrationi
1153 2964 1257 3015 tradere
1283 2970 1308 3013 et

206 3034 334 3085 memoria
353 3032 463 3100 dignare
481 3046 536 3083 non
555 3038 596 3083 est
624 3032 770 3099 iudignum.

309 3104 375 3157 Cum
394 3105 464 3155 enim
484 3104 629 3156 communis
648 3118 735 3155 sermo
750 3120 832 3171 aegre
850 3104 934 3154 ferret
952 3105 1025 3171 regis
1043 3104 1202 3169 imperitiam
1215 3112 1241 3154 et
1258 3120 1306 3153 an.

213 3176 323 3243 cipitem
340 3174 512 3226 insolentiam
532 3182 559 3224 et
578 3175 753 3227 contenderet
772 3192 804 3226 ea
821 3176 988 3243 undiquef
958 3174 1070 3226 affluere
1088 3173 1166 3239 mala,
1187 3175 1307 3259 utrinque

209 3247 333 3315 reginam
351 3246 456 3297 urbium
476 3246 659 3313 circumstrepi
680 3246 745 3299 ferri
759 3246 847 3297 radiis
868 3254 894 3297 et
918 3244 1092 3323 vulneribus,
1113 3254 1192 3314 atque
1219 3248 1308 3312 inopia

211 3332 314 3369 rerum
320 3317 534 3369 necessariarum
552 3320 690 3369 maximam
718 3326 821 3386 partem
839 3318 921 3368 vitam
947 3310 1089 3382 amittere,
1117 3318 1213 3387 (tribus
1241 3318 1309 3368 enim

209 3388 314 3441 usibus
331 3389 434 3440 modius
454 3388 579 3440 frumenti
599 3389 734 3442 emebatur
755 3398 781 3441 et
798 3397 961 3440 mortuorum
980 3404 1034 3440 uon
1055 3398 1124 3440 erat
1115 3387 1240 3440 facultas
1260 3405 1306 3439 se.

209 3458 423 3529 poliendorum),
442 3470 628 3512 convenerunt
646 3463 674 3511 in
693 3462 805 3512 eundem
832 3463 925 3511 locum
945 3462 990 3527 qui
1015 3474 1173 3513 summorum
1199 3460 1307 3528 pontifi-

210 3547 270 3583 cum
293 3532 424 3599 dignitate
447 3540 522 3584 erant
539 3534 668 3598 praediti,
690 3534 723 3585 ad
742 3548 869 3586 summum
888 3532 982 3583 borum
1009 3541 1142 3599 pastorem
1169 3540 1195 3583 et
1225 3532 1307 3597 patri-

208 3602 315 3654 archam
325 3602 456 3687 Cosmum,
477 3603 549 3654 etde
567 3603 726 3656 instantibus
747 3613 775 3655 ut
795 3620 843 3687 par
862 3612 919 3655 erat
938 3603 1136 3655 deliberabant·
1158 3612 1237 3671 atque
1255 3602 1308 3654 Βο-

207 3675 327 3725 taniatue
345 3676 473 3727 evincens
488 3676 649 3743 suffragium
667 3678 730 3743 quia
750 3676 827 3741 regie
846 3675 993 3741 imperabat
1010 3675 1147 3738 dederunt,
1161 3690 1250 3741 neque
1268 3682 1306 3723 tn.

208 3760 270 3796 men
289 3743 377 3811 palam
396 3753 424 3795 et
442 3760 572 3812 praeceps
591 3754 701 3812 propter
719 3749 792 3815 regis
811 3756 926 3798 metum:
944 3747 991 3798 sed
1012 3762 1045 3797 ex
1063 3744 1306 3798 ratiocinationibus

210 3824 238 3867 et
255 3817 372 3867 rationis
393 3817 635 3883 comparationibus
654 3826 681 3868 et
696 3819 781 3871 modis
800 3820 903 3883 aequis,
922 3820 967 3886 qui
987 3819 1014 3867 in
1034 3810 1143 3868 eandem
1153 3817 1307 3869 sententiam

210 3894 239 3938 et
259 3901 420 3939 consensum
442 3897 554 3956 agerent
573 3890 738 3955 propositum
759 3888 907 3940 consilium.
944 3904 1012 3940 unus
1031 3897 1119 3939 autem
1132 3889 1228 3940 ceteris
1246 3902 1306 3953 pru-

209 3957 302 4011 aientia
323 3959 462 4011 excelleus
485 3967 513 4009 et
533 3962 638 4010 ratione
657 3967 685 4011 et
702 3960 854 4012 libertatem
873 3961 977 4011 dicendi
995 3968 1088 4021 nactus
1108 3968 1220 4023 natura,
1236 3957 1307 4025 priu-

207 4030 326 4097 cipatum
345 4031 448 4083 babens
466 4029 618 4081 catholicae
635 4031 721 4083 Iconii
742 4031 884 4099 ecclesiae,
904 4030 1039 4082 Ascalone
1056 4029 1308 4083 autemeoenioiae

205 4102 293 4168 petria
309 4101 431 4171 glorians
451 4108 479 4153 et
497 4116 515 4154 ο
530 4102 678 4155 maioribus
696 4110 821 4172 tanquam
840 4116 966 4157 coronam
984 4102 1095 4171 adeptus
1121 4103 1263 4170 pietatem,
1285 4105 1309 4151 et
