2875 4734
542 213 750 278 ureuonu.
1145 195 1200 278 ts

96 391 217 442 αοττως
236 367 337 450 πδλης
359 369 509 451 δρομαῖος
531 368 678 454 ἐξήλασε,
712 373 767 434 καί
788 371 912 442 καθιείς
941 365 1055 433 ἑαυτὸν
1073 371 1119 447 τίς
1138 367 1200 452 μλ-

77 481 172 542 ’σοος
195 466 271 544 τοδς
292 471 468 552 ἐναντίους,
494 472 556 551 πῦρ
586 493 619 532 τε
640 473 682 587 roi
704 469 840 550 στόματι
869 471 926 532 τοῦ
948 461 1075 594 οἴγγους
1084 469 1229 534 boone-i·
1249 476 1300 531 176
1316 491 1340 530 τ.

97 575 216 653 ρείσας,
238 571 333 632 τοῦτο
355 572 514 650 συντρίβει
537 593 616 653 προς
637 568 672 634 τὸ
693 567 878 687 μἠχοὶνημα.
921 569 976 634 καί
998 568 1111 634 ου”τικα
1133 573 1198 653 πῦρ

98 671 245 752 διαρθὲν
279 692 365 733 απαν
399 669 521 752 δξὲληξε
549 673 604 734 καί
623 671 874 753 κατενεμήαατο·
925 668 1117 770 αυνήρτηυρο
1137 669 1198 755 γοὶρ

75 771 187 855 tentet
217 773 273 832 καί
293 793 364 834 τινα
395 769 523 852 πέπλα,
554 768 610 847 τοὶς
643 770 704 834 ἀπὸ
730 767 794 835 των
825 775 939 853 τιιχιόν
959 771 1201 853 οἶαοτιιχιζοντα

99 865 285 952 προσβολάς.
308 894 359 933 ιιαι
382 871 569 950 παλίνορσος
592 867 761 947 ὄΛατῖνος
783 869 861 954 πρὸς
882 870 917 935 το“
937 864 1019 936 ἇστυ
1038 872 1202 954 γενόμενος

68 969 217 1052 α’θιγιγς
240 966 383 1052 ἕρρυσθη
414 973 467 1053 τῆς
498 974 560 1038 τῶν
583 974 734 1037 ἐναντίων
754 969 865 1054 χειρὸς
896 996 948 1036 και
944 973 1200 1048 καταδιώξεως.

100 1071 136 1134 ἔτι
156 1067 268 1135 τούτου
290 1071 525 1155 δυσχεράνας“
511 1099 527 1136 ο
548 1072 746 1190 πολεμὴτωρ,
767 1096 821 1135 και
817 1071 955 1156 πολλην
969 1071 1122 1155 ιδὴθειαν
1139 1095 1203 1135 των

100 1179 169 1235 κατ’
200 1170 295 1236 αδτὸν
323 1169 528 1288 κατεγνωκοδς
563 1165 609 1236 δτι
641 1173 702 1236 τιδν
721 1173 887 1251 Ῥωμαίων
907 1172 1081 1254 ἀνανδρίαν
1101 1197 1203 1248 κατα-

56 1285 91 1338 1o
101 1272 297 1356 ψηφίζονται
320 1269 475 1336 τοσούτων
498 1263 595 1336 ὄντων
615 1269 671 1354 τήν
693 1268 819 1354 οἷρετὴν,
848 1265 996 1348 ιδθδς
975 1296 1056 1354 αρας
1079 1277 1202 1340 ἐκεῖθεν
1265 1258 1267 1265 ¹

101 1369 241 1463 ‘mii'
245 1373 329 1437 ἰδίαν
351 1368 798 1454 μετεστρατοπεδεύσατον
741 1372 807 1454 γῆν.

205 1464 254 1537 Ἐν
282 1472 380 1560 rosires
416 1476 460 1560 τῷ
496 1470 559 1536 ἔτει
581 1472 605 1558 Ιὃ
627 1468 793 1554 Ῥωμαίων
823 1477 1019 1556 κατέστρεψε
1052 1474 1204 1555 flectione

103 1575 341 1648 Κωνσταντίνος
370 1563 462 1646 οὗτος
488 1568 504 1634 ὃ
527 1574 732 1658 Μονομιίχος,
760 1571 792 1637 ἐν
815 1572 1003 1657 ἰδιοκτήτοις
1032 1571 1127 1648 οἴκοις
1149 1577 1207 1638 καί·

101 1671 147 1754 μὴ
169 1679 234 1745 τοϊς
258 1669 440 1756 α’ναιιτὸροις
463 1675 743 1758 διαζευχδτίςτῆς
765 1677 884 1757 ψυχῆς,
906 1678 961 1737 καί
982 1672 1023 1760 τῷ
1043 1680 1118 1755 παρ’
1140 1675 1204 1739 ου’-

46 1776 160 1836 ,15τοῦ
183 1773 384 1855 οἷνεγερθὲντι
418 1777 482 1860 ναῷ
506 1772 559 1837 τόν
582 1774 691 1858 νινρδν
714 1779 947 1855 καταθέμενος,
968 1774 1047 1858 α’νὴρ
1079 1782 1203 1840 πολιτι-

100 1870 157 1948 κὸς
178 1873 232 1938 καί
250 1878 358 1956 γένους
389 1875 545 1955 ἐπισήμου
566 1875 742 1956 γενόμενος,
770 1875 990 1958 δωρηματικός
1011 1899 1045 1939 τε
1065 1880 1121 1941 καί
1141 1880 1203 1956 βα·
1259 1907 1267 1959 3¹

100 1975 230 2047 σιλιιιοῖς
261 1974 435 2057 εὐεργετεῖν
464 1972 693 2061 ἐπιστάμενος,
721 1979 899 2062 φροντίζων
928 1979 987 2058 μὲν
1014 1976 1151 2041 καίτιδν
1171 1979 1205 2040 ίν

98 2078 250 2154 πολέμοις
266 2073 512 2159 προτερημάτων
533 2073 588 2138 καί
608 2079 713 2151 τοῖς
698 2078 849 2152 εναντίοις
877 2101 920 2151 ως
941 2076 1012 2142 ι’νόν
1034 2077 1205 2142 ἀντικαθι-

100 2172 267 2255 στδμινος,
291 2178 409 2239 πλείονι
438 2171 512 2241 δὲ
494 2179 575 2296 ροπῇ
596 2179 651 2259 τῆς
669 2179 795 2262 τρυφῆς
823 2175 1044 2260 ἀντεχόμενος,
1067 2202 1120 2241 και
1141 2201 1204 2241 των

55 2276 300 2360 ἳθᾶφροδισίων
331 2271 389 2357 μή
406 2277 610 2359 ἀπεχόμενος
669 2274 760 2357 ἔμελε
789 2280 818 2340 δ’
849 2276 1003 2363 αδτιοιιαι
1024 2277 1204 2399 {ostiensis

102 2377 159 2440 καί
178 2401 240 2440 των
259 2379 293 2439 ἐν
315 2381 422 2457 μίμοις
443 2379 641 2459 γολοιασμων
671 2379 726 2440 κατ’
754 2379 810 2458 τῆς
840 2374 1008 2460 ἐπικαίρου
1026 2375 1202 2460 ῥαστώνης,

101 2497 155 2538 και
152 2466 262 2551 '‘eig
244 2503 262 2561 η
286 2476 399 2561 Cossus)
424 2475 515 2561 ψυχὴ
540 2481 747 2558 συνίζευκταί
765 2501 798 2543 τι
825 2481 880 2541 καί
900 2475 1138 2562 αυνερρίζωται.
1164 2481 1204 2541 ου’

175 2651 199 2705 6.
217 2653 437 2724 παλίιιοροιςῦ.
583 2654 625 2709 15.
654 2655 842 2729 αναγιρπέντι
867 2657 896 2710 c.
916 2657 1035 2708 correxit
1060 2657 1202 2724 interpres.

101 2815 261 2900 prudentiae
280 2816 384 2870 inflavit
408 2826 435 2869 et
459 2819 573 2885 capiens
594 2819 638 2871 hic
667 2835 714 2873 vas
739 2820 848 2889 aliquod
867 2821 938 2888 quod
956 2821 1027 2873 intus
1046 2820 1130 2873 ferret
1143 2821 1202 2874 iic-
1250 2811 1254 2831 '

101 2886 184 2938 dici
176 2889 246 2955 ignis
265 2897 426 2955 apparatum,
448 2906 481 2941 ex
499 2891 573 2942 urbis
591 2898 668 2957 porta
686 2893 782 2943 cursim
803 2907 928 2959 egressus
949 2900 1035 2944 estet
1054 2907 1084 2944 se
1102 2893 1203 2942 immit-

101 2966 163 3008 tens
182 2959 210 3009 in
230 2960 331 3011 medios
352 2960 442 3013 hostes
457 2970 483 3014 et
503 2963 591 3030 ignerir
607 2964 647 3013 ori
667 2965 739 3015 vasis
757 2963 891 3026 iniieiens,
910 2961 979 3014 inuno
999 2963 1103 3016 tricet
1096 2977 1124 3012 ιιι
1144 2978 1202 3012 rna.

102 3028 210 3080 chinum
233 3038 259 3080 et
277 3031 363 3084 statim
393 3035 462 3100 ignis
482 3049 610 3086 accensus
630 3035 714 3084 omnis
734 3034 814 3085 desiit
835 3041 861 3084 et
886 3033 1041 3085 distributus
1061 3040 1118 3094 σοις
1138 3032 1203 3083 alli-

102 3107 166 3169 gata
196 3101 265 3152 enirn
293 3103 318 3152 ei
345 3111 420 3154 erant
439 3106 517 3155 etiam
536 3097 665 3158 nonnulis
682 3103 818 3172 tegulae
841 3105 923 3155 muris
941 3105 1061 3155 arcentiu
1079 3103 1203 3169 impetus,

103 3181 131 3222 et
150 3188 275 3224 reversus
295 3173 402 3226 Latinus
422 3177 454 3227 ad
472 3176 563 3228 urbem
582 3178 697 3228 intactus
718 3184 824 3242 ereptus
844 3184 884 3227 est
902 3173 1016 3226 hostium
1036 3173 1156 3226 munibus
1177 3181 1205 3224 et

101 3245 294 3312 persecutioni.
334 3245 402 3296 hauc
431 3262 486 3297 rem
498 3246 618 3298 smoleste
638 3248 728 3298 ferens
746 3246 862 3299 bellator
881 3255 908 3297 et
920 3246 1028 3297 multam
1043 3245 1213 3312 simplicitas

100 3324 157 3368 tem
177 3319 284 3368 suorum
301 3321 483 3384 cognoscens,
504 3319 575 3385 quod
593 3318 752 3370 Graecorum
771 3319 903 3386 ignaviam
928 3325 1070 3369 censerent
1087 3331 1146 3373 cum
1164 3324 1205 3368 tot

102 3394 195 3438 essent
206 3388 342 3450 virtutem,
361 3389 448 3438 statim
460 3390 596 3454 proiectus
610 3390 716 3441 indeed
730 3405 803 3442 suam
817 3397 904 3441 castra
916 3389 1078 3456 transposuit
1096 3397 1202 3439 terram.

202 3475 259 3526 Hoc
278 3489 350 3525 anno
372 3475 531 3528 Graecorum
551 3476 617 3527 obiit
643 3493 691 3528 rex
719 3477 906 3530 Constantinus
935 3477 979 3527 hic
1006 3475 1203 3540 monomachus,

100 3547 130 3596 in
149 3547 266 3612 propriis
285 3546 406 3597 domibus
423 3563 512 3615 neque
533 3563 598 3598 vero
617 3550 644 3598 in
663 3549 740 3615 regia
758 3549 859 3600 divisus
887 3548 920 3599 ab
938 3549 1024 3599 anima
1043 3557 1071 3600 et
1087 3548 1115 3597 in
1134 3554 1203 3596 tem.

100 3616 149 3683 plo
170 3631 186 3666 a
204 3631 234 3667 se
253 3618 374 3668 restituto
401 3619 515 3670 cadaver
535 3619 688 3683 deponens,
718 3622 759 3670 vir
785 3620 904 3671 civilium
929 3620 1031 3685 peritus
1052 3626 1131 3669 etex
1152 3631 1203 3683 ge.

100 3703 170 3738 nere
190 3687 285 3751 nobili,
307 3689 339 3740 ad
361 3689 509 3741 donandum
526 3697 643 3756 promtus
672 3697 698 3740 ct
715 3691 792 3757 regie
809 3691 941 3742 beneficia
961 3688 1084 3741 conferre
1105 3688 1202 3751 sciens,
1262 3740 1267 3745 ,

101 3772 199 3810 curans
218 3759 323 3809 etiam
316 3776 343 3810 in
363 3760 443 3812 bellis
462 3761 590 3812 victorias
614 3768 640 3810 et
660 3760 779 3811 hostibus
799 3777 875 3829 quem
895 3768 1034 3827 possetne
1053 3773 1202 3826 opponens,
1288 3809 1292 3814 .

99 3829 204 3895 maiore
222 3837 310 3880 autern
328 3832 504 3882 inclinatione
525 3829 650 3882 mollitiei
669 3831 787 3893 deditus,
806 3847 895 3897 neque
913 3831 992 3882 rebus
1010 3831 1135 3884 venereis
1152 3829 1203 3880 ab·

100 3889 214 3952 stinens.
237 3915 316 3951 curae
338 3911 425 3954 autem
444 3904 469 3954 ei
491 3910 565 3955 erant
586 3903 664 3952 ctiam
683 3903 736 3952 ioci
756 3908 783 3950 et
799 3901 912 3952 ridicula
932 3904 1069 3955 mimorum
1091 3910 1117 3951 et
1132 3908 1202 3959 tern-

100 3971 209 4038 pestiva
237 3971 360 4024 remissio
399 3981 426 4024 et
459 3974 554 4040 quibus
584 3974 676 4027 virtuti
708 3972 797 4022 anima
820 3973 969 4034 tconiuneta
987 3979 1042 4025 est
1075 3981 1101 4022 et
1128 3968 1204 4036 quasi

99 4042 198 4106 insitu
225 4043 273 4095 aed
294 4044 373 4094 etiam
391 4058 462 4097 nova
481 4044 603 4097 aedificia
630 4046 659 4095 in
678 4044 761 4095 variis
779 4043 848 4093 iocis
874 4043 948 4108 iecit,
967 4052 993 4094 et
1010 4042 1204 4100 restitutiones,

101 4114 244 4176 continuas
270 4129 373 4181 ponens
404 4117 432 4168 in
460 4117 501 4169 his
521 4131 616 4180 curus,
645 4114 758 4168 novavit
775 4113 888 4167 multas:
918 4116 990 4182 quod
1009 4123 1097 4166 autem
1116 4110 1205 4162 omniu
