<?xml version="1.0" encoding="UTF-8"?>
<!DOCTYPE html PUBLIC "-//W3C//DTD XHTML 1.0 Transitional//EN"
    "http://www.w3.org/TR/xhtml1/DTD/xhtml1-transitional.dtd">
<html xmlns="http://www.w3.org/1999/xhtml" xml:lang="en" lang="en">
 <head>
  <title>
</title>
<meta http-equiv="Content-Type" content="text/html;charset=utf-8" />
  <meta name='ocr-system' content='tesseract 3.04.00' />
  <meta name='ocr-capabilities' content='ocr_page ocr_carea ocr_par ocr_line ocrx_word'/>
</head>
<body>
  <div class='ocr_page' id='page_1' title='image "./corpusscriptoru05theogoog/corpusscriptoru05theogoog_0119.png"; bbox 0 0 2875 4734; ppageno 0'>
   <div class='ocr_carea' id='block_1_1' title="bbox 596 209 1253 284">
    <p class='ocr_par' dir='ltr' id='par_1_1' title="bbox 596 209 1253 284">
     <span class='ocr_line' id='line_1_1' title="bbox 596 209 1253 284; baseline 0.006 -4"><span class='ocrx_word' id='word_1_1' title='bbox 596 209 805 281; x_wconf 76' lang='lat' dir='ltr'><strong>ntssoats.</strong></span> <span class='ocrx_word' id='word_1_2' title='bbox 1096 239 1099 243; x_wconf 88' lang='lat'><em>·</em></span> <span class='ocrx_word' id='word_1_3' title='bbox 1130 233 1134 238; x_wconf 73' lang='grc'><em>’</em></span> <span class='ocrx_word' id='word_1_4' title='bbox 1199 209 1253 284; x_wconf 72' lang='grc'><strong>89</strong></span> 
     </span>
    </p>
   </div>
   <div class='ocr_carea' id='block_1_2' title="bbox 112 371 1293 2690">
    <p class='ocr_par' dir='ltr' id='par_1_2' title="bbox 112 371 1293 2690">
     <span class='ocr_line' id='line_1_2' title="bbox 150 371 1254 466; baseline 0.006 -27"><span class='ocrx_word' id='word_1_5' title='bbox 150 381 215 451; x_wconf 87' lang='grc' dir='ltr'><strong><em>τοῖς</em></strong></span> <span class='ocrx_word' id='word_1_6' title='bbox 238 371 354 466; x_wconf 81' lang='grc' dir='ltr'><strong><em>κοιλοις</em></strong></span> <span class='ocrx_word' id='word_1_7' title='bbox 375 376 430 460; x_wconf 73' lang='grc' dir='ltr'><strong>τῆς</strong></span> <span class='ocrx_word' id='word_1_8' title='bbox 452 376 510 460; x_wconf 79' lang='grc' dir='ltr'><strong><em>γη“ς</em></strong></span> <span class='ocrx_word' id='word_1_9' title='bbox 530 372 681 460; x_wconf 70' lang='grc' dir='ltr'><strong><em>κινήσεως</em></strong></span> <span class='ocrx_word' id='word_1_10' title='bbox 704 378 759 441; x_wconf 87' lang='grc' dir='ltr'><strong><em>καί</em></strong></span> <span class='ocrx_word' id='word_1_11' title='bbox 770 379 824 460; x_wconf 78' lang='grc' dir='ltr'><strong>τῆς</strong></span> <span class='ocrx_word' id='word_1_12' title='bbox 844 378 908 442; x_wconf 88' lang='grc' dir='ltr'><strong><em>τών</em></strong></span> <span class='ocrx_word' id='word_1_13' title='bbox 930 379 1054 461; x_wconf 76' lang='grc' dir='ltr'><strong><em>α’νόμοιν</em></strong></span> <span class='ocrx_word' id='word_1_14' title='bbox 1073 383 1109 446; x_wconf 91' lang='grc' dir='ltr'><strong>ε’ν</strong></span> <span class='ocrx_word' id='word_1_15' title='bbox 1130 381 1254 459; x_wconf 78' lang='grc' dir='ltr'><strong><em>τούτοις</em></strong></span> 
     </span>
     <span class='ocr_line' id='line_1_3' title="bbox 153 461 1256 565; baseline 0.006 -25"><span class='ocrx_word' id='word_1_16' title='bbox 153 473 305 560; x_wconf 76' lang='grc' dir='ltr'><strong>δινήσεως</strong></span> <span class='ocrx_word' id='word_1_17' title='bbox 325 472 340 541; x_wconf 88' lang='grc' dir='ltr'><strong><em>ό</em></strong></span> <span class='ocrx_word' id='word_1_18' title='bbox 364 475 473 552; x_wconf 95' lang='grc' dir='ltr'><strong><em>κλόνος</em></strong></span> <span class='ocrx_word' id='word_1_19' title='bbox 495 477 707 560; x_wconf 72' lang='grc' dir='ltr'><strong>προσγίνεται,</strong></span> <span class='ocrx_word' id='word_1_20' title='bbox 732 480 964 562; x_wconf 67' lang='grc' dir='ltr'><strong><em>ἀνατέτραπται</em></strong></span> <span class='ocrx_word' id='word_1_21' title='bbox 993 479 1029 544; x_wconf 93' lang='grc' dir='ltr'><strong>τό</strong></span> <span class='ocrx_word' id='word_1_22' title='bbox 1054 461 1256 565; x_wconf 43' lang='grc' dir='ltr'><strong><em>ε’ννόημαίεί</em></strong></span> 
     </span>
     <span class='ocr_line' id='line_1_4' title="bbox 152 573 1255 669; baseline 0.009 -30"><span class='ocrx_word' id='word_1_23' title='bbox 152 574 213 662; x_wconf 86' lang='grc' dir='ltr'><strong>γόρ</strong></span> <span class='ocrx_word' id='word_1_24' title='bbox 238 579 273 640; x_wconf 81' lang='grc' dir='ltr'><strong>ἐκ</strong></span> <span class='ocrx_word' id='word_1_25' title='bbox 292 573 391 663; x_wconf 90' lang='grc' dir='ltr'><strong><em>μόνης</em></strong></span> <span class='ocrx_word' id='word_1_26' title='bbox 412 581 467 661; x_wconf 79' lang='grc' dir='ltr'><strong>τῆς</strong></span> <span class='ocrx_word' id='word_1_27' title='bbox 488 579 561 660; x_wconf 91' lang='grc' dir='ltr'><strong><em>βίας</em></strong></span> <span class='ocrx_word' id='word_1_28' title='bbox 583 578 701 660; x_wconf 86' lang='grc' dir='ltr'><strong><em>αότών,</em></strong></span> <span class='ocrx_word' id='word_1_29' title='bbox 722 575 899 644; x_wconf 83' lang='grc' dir='ltr'><strong><em>όπόταν“ε’ν</em></strong></span> <span class='ocrx_word' id='word_1_30' title='bbox 916 588 981 656; x_wconf 88' lang='grc' dir='ltr'><strong><em>τοῖς</em></strong></span> <span class='ocrx_word' id='word_1_31' title='bbox 1003 581 1175 664; x_wconf 79' lang='grc' dir='ltr'><strong><em>κοιλώμασι</em></strong></span> <span class='ocrx_word' id='word_1_32' title='bbox 1198 585 1255 669; x_wconf 80' lang='grc' dir='ltr'><strong>τῆς</strong></span> 
     </span>
     <span class='ocr_line' id='line_1_5' title="bbox 153 680 1255 766; baseline 0.007 -26"><span class='ocrx_word' id='word_1_33' title='bbox 153 681 210 760; x_wconf 81' lang='grc' dir='ltr'><strong>γῆς</strong></span> <span class='ocrx_word' id='word_1_34' title='bbox 231 681 468 761; x_wconf 83' lang='grc' dir='ltr'><strong><em>περιελιχθεῖεν</em></strong></span> <span class='ocrx_word' id='word_1_35' title='bbox 489 683 545 745; x_wconf 89' lang='grc' dir='ltr'><strong><em>καί</em></strong></span> <span class='ocrx_word' id='word_1_36' title='bbox 557 680 724 745; x_wconf 87' lang='grc' dir='ltr'><strong><em>διόπνοιαν</em></strong></span> <span class='ocrx_word' id='word_1_37' title='bbox 742 684 1022 766; x_wconf 76' lang='grc' dir='ltr'><strong><em>συμπεπιλημένην</em></strong></span> <span class='ocrx_word' id='word_1_38' title='bbox 1041 681 1175 764; x_wconf 77' lang='grc' dir='ltr'><strong><em>λάβοιεν,</em></strong></span> <span class='ocrx_word' id='word_1_39' title='bbox 1194 707 1255 751; x_wconf 82' lang='grc' dir='ltr'><strong><em>κα-</em></strong></span> 
     </span>
     <span class='ocr_line' id='line_1_6' title="bbox 127 768 1261 866; baseline 0.002 -20"><span class='ocrx_word' id='word_1_40' title='bbox 127 774 221 854; x_wconf 84' lang='grc' dir='ltr'><strong><em>5θώς</em></strong></span> <span class='ocrx_word' id='word_1_41' title='bbox 247 768 337 842; x_wconf 78' lang='grc' dir='ltr'><strong><em>οὗτοι</em></strong></span> <span class='ocrx_word' id='word_1_42' title='bbox 361 780 471 863; x_wconf 85' lang='grc' dir='ltr'><strong><em>φασίν,</em></strong></span> <span class='ocrx_word' id='word_1_43' title='bbox 498 778 720 864; x_wconf 80' lang='grc' dir='ltr'><strong><em>ἧσυγιιίνησις</em></strong></span> <span class='ocrx_word' id='word_1_44' title='bbox 747 782 909 862; x_wconf 75' lang='grc' dir='ltr'><strong><em>ἐκτελοῖτο,</em></strong></span> <span class='ocrx_word' id='word_1_45' title='bbox 931 777 991 846; x_wconf 83' lang='grc' dir='ltr'><strong><em>κόν</em></strong></span> <span class='ocrx_word' id='word_1_46' title='bbox 1016 783 1150 862; x_wconf 80' lang='grc' dir='ltr'><strong><em>α’παξίαν</em></strong></span> <span class='ocrx_word' id='word_1_47' title='bbox 1171 775 1261 866; x_wconf 79' lang='grc' dir='ltr'><strong><em>εἶχεν</em></strong></span> 
     </span>
     <span class='ocr_line' id='line_1_7' title="bbox 156 873 1256 965; baseline 0.006 -24"><span class='ocrx_word' id='word_1_48' title='bbox 156 876 173 941; x_wconf 87' lang='grc' dir='ltr'><strong><em>ό</em></strong></span> <span class='ocrx_word' id='word_1_49' title='bbox 191 873 298 952; x_wconf 88' lang='grc' dir='ltr'><strong><em>κλόνος</em></strong></span> <span class='ocrx_word' id='word_1_50' title='bbox 321 882 376 942; x_wconf 85' lang='grc' dir='ltr'><strong><em>καί</em></strong></span> <span class='ocrx_word' id='word_1_51' title='bbox 393 878 474 962; x_wconf 80' lang='grc' dir='ltr'><strong><em>ὀυ’χί</em></strong></span> <span class='ocrx_word' id='word_1_52' title='bbox 498 886 596 965; x_wconf 81' lang='grc' dir='ltr'><strong><em>μέχρι</em></strong></span> <span class='ocrx_word' id='word_1_53' title='bbox 622 880 774 956; x_wconf 77' lang='grc' dir='ltr'><strong><em>πτώσεως</em></strong></span> <span class='ocrx_word' id='word_1_54' title='bbox 796 880 1024 947; x_wconf 83' lang='grc' dir='ltr'><strong><em>όκατατετώτου</em></strong></span> <span class='ocrx_word' id='word_1_55' title='bbox 1046 878 1104 965; x_wconf 78' lang='grc' dir='ltr'><strong><em>την</em></strong></span> <span class='ocrx_word' id='word_1_56' title='bbox 1125 874 1256 948; x_wconf 71' lang='grc' dir='ltr'><strong><em>ἄπλετον</em></strong></span> 
     </span>
     <span class='ocr_line' id='line_1_8' title="bbox 155 974 1255 1072; baseline 0.008 -30"><span class='ocrx_word' id='word_1_57' title='bbox 155 976 265 1064; x_wconf 85' lang='grc' dir='ltr'><strong><em>ἔληγεν</em></strong></span> <span class='ocrx_word' id='word_1_58' title='bbox 287 974 398 1066; x_wconf 82' lang='grc' dir='ltr'><strong><em>όρμήν,</em></strong></span> <span class='ocrx_word' id='word_1_59' title='bbox 420 981 473 1047; x_wconf 77' lang='grc' dir='ltr'><strong>ἵνα</strong></span> <span class='ocrx_word' id='word_1_60' title='bbox 496 980 539 1068; x_wconf 72' lang='grc' dir='ltr'><strong>μὴ</strong></span> <span class='ocrx_word' id='word_1_61' title='bbox 564 982 597 1047; x_wconf 85' lang='grc' dir='ltr'><strong>τό</strong></span> <span class='ocrx_word' id='word_1_62' title='bbox 621 982 685 1046; x_wconf 83' lang='grc' dir='ltr'><strong><em>πᾶν</em></strong></span> <span class='ocrx_word' id='word_1_63' title='bbox 706 981 819 1048; x_wconf 90' lang='grc' dir='ltr'><strong><em>αότίιια</em></strong></span> <span class='ocrx_word' id='word_1_64' title='bbox 843 986 1018 1072; x_wconf 78' lang='grc' dir='ltr'><strong><em>καταποθῇ.</em></strong></span> <span class='ocrx_word' id='word_1_65' title='bbox 1062 985 1120 1048; x_wconf 87' lang='grc' dir='ltr'><strong>νόν</strong></span> <span class='ocrx_word' id='word_1_66' title='bbox 1143 985 1180 1048; x_wconf 79' lang='grc' dir='ltr'><strong>δὲ</strong></span> <span class='ocrx_word' id='word_1_67' title='bbox 1199 979 1255 1051; x_wconf 85' lang='grc' dir='ltr'><strong>διό</strong></span> 
     </span>
     <span class='ocr_line' id='line_1_9' title="bbox 155 1077 1256 1169; baseline 0.004 -23"><span class='ocrx_word' id='word_1_68' title='bbox 155 1084 212 1165; x_wconf 84' lang='grc' dir='ltr'><strong>τῆς</strong></span> <span class='ocrx_word' id='word_1_69' title='bbox 234 1077 389 1167; x_wconf 74' lang='grc' dir='ltr'><strong><em>τοσαύτης</em></strong></span> <span class='ocrx_word' id='word_1_70' title='bbox 411 1083 466 1146; x_wconf 90' lang='grc' dir='ltr'><strong><em>καί</em></strong></span> <span class='ocrx_word' id='word_1_71' title='bbox 485 1085 668 1167; x_wconf 79' lang='grc' dir='ltr'><strong><em>συμμέτρου</em></strong></span> <span class='ocrx_word' id='word_1_72' title='bbox 690 1081 931 1168; x_wconf 81' lang='grc' dir='ltr'><strong><em>παρακινησεας</em></strong></span> <span class='ocrx_word' id='word_1_73' title='bbox 954 1085 1113 1152; x_wconf 75' lang='grc' dir='ltr'><strong><em>δείκνυται</em></strong></span> <span class='ocrx_word' id='word_1_74' title='bbox 1136 1088 1256 1169; x_wconf 58' lang='grc' dir='ltr'><strong><em>θεοσηις</em></strong></span> 
     </span>
     <span class='ocr_line' id='line_1_10' title="bbox 153 1177 1255 1266; baseline 0.003 -20"><span class='ocrx_word' id='word_1_75' title='bbox 153 1183 231 1264; x_wconf 91' lang='grc' dir='ltr'><strong><em>μίας</em></strong></span> <span class='ocrx_word' id='word_1_76' title='bbox 251 1177 343 1264; x_wconf 80' lang='grc' dir='ltr'><strong><em>ἔργον</em></strong></span> <span class='ocrx_word' id='word_1_77' title='bbox 378 1182 394 1245; x_wconf 88' lang='grc' dir='ltr'><strong><em>ό</em></strong></span> <span class='ocrx_word' id='word_1_78' title='bbox 430 1183 552 1266; x_wconf 80' lang='grc' dir='ltr'><strong><em>κλόνος,</em></strong></span> <span class='ocrx_word' id='word_1_79' title='bbox 586 1185 630 1258; x_wconf 88' lang='grc' dir='ltr'><strong>είς</strong></span> <span class='ocrx_word' id='word_1_80' title='bbox 653 1183 830 1266; x_wconf 76' lang='grc' dir='ltr'><strong><em>α’ναστολην</em></strong></span> <span class='ocrx_word' id='word_1_81' title='bbox 851 1183 906 1250; x_wconf 84' lang='grc' dir='ltr'><strong><em>καί</em></strong></span> <span class='ocrx_word' id='word_1_82' title='bbox 925 1187 1091 1252; x_wconf 74' lang='grc' dir='ltr'><strong><em>παίδευσιν</em></strong></span> <span class='ocrx_word' id='word_1_83' title='bbox 1112 1187 1173 1252; x_wconf 82' lang='grc' dir='ltr'><strong><em>τών</em></strong></span> <span class='ocrx_word' id='word_1_84' title='bbox 1195 1185 1255 1250; x_wconf 81' lang='grc' dir='ltr'><strong><em>οἰν-</em></strong></span> 
     </span>
     <span class='ocr_line' id='line_1_11' title="bbox 112 1271 1257 1371; baseline 0 -21"><span class='ocrx_word' id='word_1_85' title='bbox 112 1284 328 1365; x_wconf 84' lang='grc' dir='ltr'><strong><em>1οθριοπίνιον</em></strong></span> <span class='ocrx_word' id='word_1_86' title='bbox 357 1271 482 1366; x_wconf 85' lang='grc' dir='ltr'><strong><em>όρμών,</em></strong></span> <span class='ocrx_word' id='word_1_87' title='bbox 512 1281 564 1347; x_wconf 85' lang='grc' dir='ltr'><strong><em>καί</em></strong></span> <span class='ocrx_word' id='word_1_88' title='bbox 594 1285 649 1368; x_wconf 77' lang='grc' dir='ltr'><strong>τῆς</strong></span> <span class='ocrx_word' id='word_1_89' title='bbox 679 1287 770 1359; x_wconf 88' lang='grc' dir='ltr'><strong><em>θειάς</em></strong></span> <span class='ocrx_word' id='word_1_90' title='bbox 791 1284 988 1362; x_wconf 79' lang='grc' dir='ltr'><strong><em>ἀνεξικακίας</em></strong></span> <span class='ocrx_word' id='word_1_91' title='bbox 1017 1287 1037 1371; x_wconf 82' lang='grc' dir='ltr'><em>ἦ</em></span> <span class='ocrx_word' id='word_1_92' title='bbox 1068 1283 1257 1371; x_wconf 74' lang='grc' dir='ltr'><strong><em>ἐπιτίμησις,</em></strong></span> 
     </span>
     <span class='ocr_line' id='line_1_12' title="bbox 155 1372 1257 1472; baseline 0.001 -22"><span class='ocrx_word' id='word_1_93' title='bbox 155 1385 208 1469; x_wconf 77' lang='grc' dir='ltr'><strong>ἐφ’</strong></span> <span class='ocrx_word' id='word_1_94' title='bbox 233 1372 257 1470; x_wconf 79' lang='grc' dir='ltr'><em>ᾧ</em></span> <span class='ocrx_word' id='word_1_95' title='bbox 278 1380 322 1466; x_wconf 78' lang='grc' dir='ltr'><em>μή</em></span> <span class='ocrx_word' id='word_1_96' title='bbox 343 1373 445 1469; x_wconf 80' lang='grc' dir='ltr'><strong><em>όρδην</em></strong></span> <span class='ocrx_word' id='word_1_97' title='bbox 479 1383 657 1449; x_wconf 74' lang='grc' dir='ltr'><strong><em>ἀπολέσθαι</em></strong></span> <span class='ocrx_word' id='word_1_98' title='bbox 683 1383 718 1450; x_wconf 83' lang='grc' dir='ltr'><strong>τό</strong></span> <span class='ocrx_word' id='word_1_99' title='bbox 747 1388 853 1468; x_wconf 81' lang='grc' dir='ltr'><strong><em>γένος,</em></strong></span> <span class='ocrx_word' id='word_1_100' title='bbox 877 1383 946 1448; x_wconf 76' lang='lat' dir='ltr'><strong>dtt&#39;</strong></span> <span class='ocrx_word' id='word_1_101' title='bbox 969 1386 1157 1471; x_wconf 75' lang='grc' dir='ltr'><strong><em>ἐπιπρέψαι</em></strong></span> <span class='ocrx_word' id='word_1_102' title='bbox 1178 1385 1257 1472; x_wconf 84' lang='grc' dir='ltr'><strong><em>πρὸς</em></strong></span> 
     </span>
     <span class='ocr_line' id='line_1_13' title="bbox 155 1469 1256 1569; baseline 0.003 -20"><span class='ocrx_word' id='word_1_103' title='bbox 155 1482 193 1549; x_wconf 86' lang='grc' dir='ltr'><strong>τό</strong></span> <span class='ocrx_word' id='word_1_104' title='bbox 218 1469 373 1563; x_wconf 66' lang='grc' dir='ltr'><strong><em>βελτίονα.</em></strong></span> <span class='ocrx_word' id='word_1_105' title='bbox 415 1482 448 1550; x_wconf 85' lang='grc' dir='ltr'><strong>τό</strong></span> <span class='ocrx_word' id='word_1_106' title='bbox 475 1487 504 1548; x_wconf 90' lang='grc' dir='ltr'><strong>δ’</strong></span> <span class='ocrx_word' id='word_1_107' title='bbox 525 1487 558 1565; x_wconf 79' lang='grc' dir='ltr'><strong>ἐξ</strong></span> <span class='ocrx_word' id='word_1_108' title='bbox 580 1483 744 1561; x_wconf 81' lang='grc' dir='ltr'><strong><em>ἐπιπνοίας</em></strong></span> <span class='ocrx_word' id='word_1_109' title='bbox 767 1488 935 1567; x_wconf 85' lang='grc' dir='ltr'><strong><em>α’νεμιαίας</em></strong></span> <span class='ocrx_word' id='word_1_110' title='bbox 954 1483 1016 1551; x_wconf 81' lang='grc' dir='ltr'><strong><em>εἴτε</em></strong></span> <span class='ocrx_word' id='word_1_111' title='bbox 1040 1484 1104 1569; x_wconf 78' lang='grc' dir='ltr'><strong><em>μην</em></strong></span> <span class='ocrx_word' id='word_1_112' title='bbox 1127 1480 1256 1552; x_wconf 82' lang='grc' dir='ltr'><strong><em>όδώτοον</em></strong></span> 
     </span>
     <span class='ocr_line' id='line_1_14' title="bbox 156 1578 1258 1670; baseline 0.003 -24"><span class='ocrx_word' id='word_1_113' title='bbox 156 1580 306 1668; x_wconf 80' lang='grc' dir='ltr'><strong><em>κινήσεως</em></strong></span> <span class='ocrx_word' id='word_1_114' title='bbox 327 1588 472 1666; x_wconf 86' lang='grc' dir='ltr'><strong><em>γίνεσθαι</em></strong></span> <span class='ocrx_word' id='word_1_115' title='bbox 494 1587 549 1651; x_wconf 91' lang='grc' dir='ltr'><strong><em>τόν</em></strong></span> <span class='ocrx_word' id='word_1_116' title='bbox 569 1585 700 1670; x_wconf 85' lang='grc' dir='ltr'><strong><em>σεισμόν</em></strong></span> <span class='ocrx_word' id='word_1_117' title='bbox 724 1585 783 1650; x_wconf 88' lang='grc' dir='ltr'><strong>οόκ</strong></span> <span class='ocrx_word' id='word_1_118' title='bbox 804 1578 936 1670; x_wconf 86' lang='grc' dir='ltr'><strong><em>όκαιρον</em></strong></span> <span class='ocrx_word' id='word_1_119' title='bbox 966 1587 1035 1651; x_wconf 89' lang='grc' dir='ltr'><strong><em>οόδ’</em></strong></span> <span class='ocrx_word' id='word_1_120' title='bbox 1065 1582 1148 1652; x_wconf 87' lang='grc' dir='ltr'><strong><em>αότό</em></strong></span> <span class='ocrx_word' id='word_1_121' title='bbox 1177 1582 1258 1670; x_wconf 83' lang='grc' dir='ltr'><strong><em>πρός</em></strong></span> 
     </span>
     <span class='ocr_line' id='line_1_15' title="bbox 156 1678 1258 1774; baseline 0.004 -26"><span class='ocrx_word' id='word_1_122' title='bbox 156 1680 296 1768; x_wconf 74' lang='grc' dir='ltr'><strong><em>φυσικὴν</em></strong></span> <span class='ocrx_word' id='word_1_123' title='bbox 314 1689 581 1774; x_wconf 82' lang='grc' dir='ltr'><strong><em>συγκατασκευην.</em></strong></span> <span class='ocrx_word' id='word_1_124' title='bbox 614 1688 778 1771; x_wconf 77' lang='grc' dir='ltr'><strong><em>ἐνδέχεται</em></strong></span> <span class='ocrx_word' id='word_1_125' title='bbox 797 1688 858 1773; x_wconf 87' lang='grc' dir='ltr'><strong>γόρ</strong></span> <span class='ocrx_word' id='word_1_126' title='bbox 879 1691 973 1752; x_wconf 81' lang='grc' dir='ltr'><strong><em>τοῦτο</em></strong></span> <span class='ocrx_word' id='word_1_127' title='bbox 986 1691 1042 1754; x_wconf 89' lang='grc' dir='ltr'><strong><em>καί</em></strong></span> <span class='ocrx_word' id='word_1_128' title='bbox 1062 1686 1164 1754; x_wconf 86' lang='grc' dir='ltr'><strong><em>πόνο·</em></strong></span> <span class='ocrx_word' id='word_1_129' title='bbox 1186 1678 1258 1752; x_wconf 73' lang='lat' dir='ltr'><strong>‹t‘tt&#39;</strong></span> 
     </span>
     <span class='ocr_line' id='line_1_16' title="bbox 113 1784 1259 1874; baseline 0.002 -22"><span class='ocrx_word' id='word_1_130' title='bbox 113 1798 147 1852; x_wconf 82' lang='grc'><strong>15</strong></span> <span class='ocrx_word' id='word_1_131' title='bbox 157 1784 214 1849; x_wconf 83' lang='grc' dir='ltr'><strong>οόκ</strong></span> <span class='ocrx_word' id='word_1_132' title='bbox 238 1785 424 1868; x_wconf 84' lang='grc' dir='ltr'><strong><em>αότομότως</em></strong></span> <span class='ocrx_word' id='word_1_133' title='bbox 453 1789 472 1871; x_wconf 83' lang='grc' dir='ltr'><strong><em>ἡ</em></strong></span> <span class='ocrx_word' id='word_1_134' title='bbox 500 1787 714 1874; x_wconf 86' lang='grc' dir='ltr'><strong><em>ε’πισκίρτησις</em></strong></span> <span class='ocrx_word' id='word_1_135' title='bbox 747 1792 852 1874; x_wconf 77' lang='grc' dir='ltr'><strong><em>(τοῦτο</em></strong></span> <span class='ocrx_word' id='word_1_136' title='bbox 880 1786 941 1872; x_wconf 89' lang='grc' dir='ltr'><strong>γόρ</strong></span> <span class='ocrx_word' id='word_1_137' title='bbox 970 1790 1038 1854; x_wconf 87' lang='grc' dir='ltr'><strong><em>ε’σπι</em></strong></span> <span class='ocrx_word' id='word_1_138' title='bbox 1061 1787 1097 1854; x_wconf 89' lang='grc' dir='ltr'><strong>τό</strong></span> <span class='ocrx_word' id='word_1_139' title='bbox 1120 1793 1259 1874; x_wconf 77' lang='grc' dir='ltr'><strong>α’νατρε··Ι</strong></span> 
     </span>
     <span class='ocr_line' id='line_1_17' title="bbox 157 1885 1259 1979; baseline 0.004 -25"><span class='ocrx_word' id='word_1_140' title='bbox 157 1885 292 1971; x_wconf 88' lang='grc' dir='ltr'><strong><em>πόμενον</em></strong></span> <span class='ocrx_word' id='word_1_141' title='bbox 312 1892 388 1974; x_wconf 87' lang='grc' dir='ltr'><strong><em>παρ’</em></strong></span> <span class='ocrx_word' id='word_1_142' title='bbox 410 1891 527 1979; x_wconf 80' lang='grc' dir='ltr'><strong><em>ἧμών),</em></strong></span> <span class='ocrx_word' id='word_1_143' title='bbox 553 1893 623 1957; x_wconf 77' lang='grc' dir='ltr'><strong><em>ἀλλ’</em></strong></span> <span class='ocrx_word' id='word_1_144' title='bbox 644 1893 678 1956; x_wconf 86' lang='grc' dir='ltr'><strong>εἰι</strong></span> <span class='ocrx_word' id='word_1_145' title='bbox 700 1893 791 1955; x_wconf 88' lang='grc' dir='ltr'><strong><em>θείου</em></strong></span> <span class='ocrx_word' id='word_1_146' title='bbox 813 1891 1022 1975; x_wconf 76' lang='grc' dir='ltr'><strong><em>βουλήματος,</em></strong></span> <span class='ocrx_word' id='word_1_147' title='bbox 1043 1886 1089 1957; x_wconf 86' lang='grc' dir='ltr'><strong>ότι</strong></span> <span class='ocrx_word' id='word_1_148' title='bbox 1110 1888 1154 1974; x_wconf 77' lang='grc' dir='ltr'><strong>μη</strong></span> <span class='ocrx_word' id='word_1_149' title='bbox 1177 1891 1259 1971; x_wconf 78' lang='grc' dir='ltr'><strong><em>ἀμί-</em></strong></span> 
     </span>
     <span class='ocr_line' id='line_1_18' title="bbox 157 1987 1293 2078; baseline 0.002 -22"><span class='ocrx_word' id='word_1_150' title='bbox 157 2015 220 2066; x_wconf 88' lang='grc' dir='ltr'><strong>σως</strong></span> <span class='ocrx_word' id='word_1_151' title='bbox 241 1989 276 2053; x_wconf 91' lang='grc' dir='ltr'><strong>τό</strong></span> <span class='ocrx_word' id='word_1_152' title='bbox 301 1994 389 2056; x_wconf 86' lang='grc' dir='ltr'><strong><em>θεῖον</em></strong></span> <span class='ocrx_word' id='word_1_153' title='bbox 409 1990 449 2057; x_wconf 85' lang='grc' dir='ltr'><strong>τό</strong></span> <span class='ocrx_word' id='word_1_154' title='bbox 471 1997 547 2078; x_wconf 87' lang='grc' dir='ltr'><strong><em>περί</em></strong></span> <span class='ocrx_word' id='word_1_155' title='bbox 565 1990 621 2078; x_wconf 79' lang='grc' dir='ltr'><strong><em>την</em></strong></span> <span class='ocrx_word' id='word_1_156' title='bbox 641 1992 750 2078; x_wconf 90' lang='grc' dir='ltr'><strong><em>γηίνην</em></strong></span> <span class='ocrx_word' id='word_1_157' title='bbox 766 1990 865 2078; x_wconf 82' lang='grc' dir='ltr'><strong><em>φόσιν</em></strong></span> <span class='ocrx_word' id='word_1_158' title='bbox 887 1995 1052 2075; x_wconf 84' lang='grc' dir='ltr'><strong><em>οἰκονομεῖ.</em></strong></span> <span class='ocrx_word' id='word_1_159' title='bbox 1095 1987 1177 2058; x_wconf 82' lang='grc' dir='ltr'><strong><em>οδτω</em></strong></span> <span class='ocrx_word' id='word_1_160' title='bbox 1195 1991 1257 2078; x_wconf 78' lang='grc' dir='ltr'><strong><em>γ’όρ</em></strong></span> <span class='ocrx_word' id='word_1_161' title='bbox 1289 1991 1293 1994; x_wconf 61' lang='grc'><strong><em>’</em></strong></span> 
     </span>
     <span class='ocr_line' id='line_1_19' title="bbox 158 2091 1285 2186; baseline 0.004 -31"><span class='ocrx_word' id='word_1_162' title='bbox 158 2093 213 2156; x_wconf 81' lang='grc' dir='ltr'><strong><em>καί</em></strong></span> <span class='ocrx_word' id='word_1_163' title='bbox 235 2091 332 2156; x_wconf 71' lang='lat' dir='ltr'><strong>deest</strong></span> <span class='ocrx_word' id='word_1_164' title='bbox 355 2093 374 2179; x_wconf 80' lang='grc' dir='ltr'><strong><em>ἧ</em></strong></span> <span class='ocrx_word' id='word_1_165' title='bbox 398 2096 503 2182; x_wconf 83' lang='grc' dir='ltr'><strong><em>νεφών</em></strong></span> <span class='ocrx_word' id='word_1_166' title='bbox 531 2100 723 2181; x_wconf 84' lang='grc' dir='ltr'><strong><em>σομπιλησις</em></strong></span> <span class='ocrx_word' id='word_1_167' title='bbox 743 2092 806 2175; x_wconf 72' lang='lat' dir='ltr'><strong>{sai</strong></span> <span class='ocrx_word' id='word_1_168' title='bbox 829 2096 963 2179; x_wconf 81' lang='grc' dir='ltr'><strong><em>βροντῆς</em></strong></span> <span class='ocrx_word' id='word_1_169' title='bbox 992 2096 1013 2180; x_wconf 78' lang='grc' dir='ltr'><em>ἦ</em></span> <span class='ocrx_word' id='word_1_170' title='bbox 1036 2095 1157 2161; x_wconf 80' lang='grc' dir='ltr'><strong><em>εοότιον</em></strong></span> <span class='ocrx_word' id='word_1_171' title='bbox 1178 2091 1285 2186; x_wconf 30' lang='grc' dir='ltr'><strong><em>συγ-Ι</em></strong></span> 
     </span>
     <span class='ocr_line' id='line_1_20' title="bbox 160 2196 1259 2284; baseline 0.003 -28"><span class='ocrx_word' id='word_1_172' title='bbox 160 2207 289 2275; x_wconf 82' lang='grc' dir='ltr'><strong><em>κρουσις</em></strong></span> <span class='ocrx_word' id='word_1_173' title='bbox 316 2197 371 2260; x_wconf 88' lang='grc' dir='ltr'><strong><em>καί</em></strong></span> <span class='ocrx_word' id='word_1_174' title='bbox 390 2197 554 2282; x_wconf 72' lang='grc' dir='ltr'><strong><em>ἀστραπῆς</em></strong></span> <span class='ocrx_word' id='word_1_175' title='bbox 584 2196 636 2260; x_wconf 86' lang='grc' dir='ltr'><strong>ε’πί</strong></span> <span class='ocrx_word' id='word_1_176' title='bbox 677 2197 775 2284; x_wconf 83' lang='grc' dir='ltr'><strong><em>ταότη</em></strong></span> <span class='ocrx_word' id='word_1_177' title='bbox 801 2200 965 2279; x_wconf 89' lang='grc' dir='ltr'><strong><em>παραίτιοι</em></strong></span> <span class='ocrx_word' id='word_1_178' title='bbox 993 2196 1259 2282; x_wconf 84' lang='grc' dir='ltr'><strong><em>καταφαίνονται·</em></strong></span> 
     </span>
     <span class='ocr_line' id='line_1_21' title="bbox 114 2291 1261 2382; baseline 0.004 -26"><span class='ocrx_word' id='word_1_179' title='bbox 114 2291 240 2366; x_wconf 62' lang='lat' dir='ltr'><strong>podii&amp;</strong></span> <span class='ocrx_word' id='word_1_180' title='bbox 261 2292 379 2376; x_wconf 86' lang='grc' dir='ltr'><strong><em>πόπᾶν</em></strong></span> <span class='ocrx_word' id='word_1_181' title='bbox 400 2298 454 2382; x_wconf 83' lang='grc' dir='ltr'><strong>τῆς</strong></span> <span class='ocrx_word' id='word_1_182' title='bbox 476 2301 569 2372; x_wconf 84' lang='grc' dir='ltr'><strong><em>θείας</em></strong></span> <span class='ocrx_word' id='word_1_183' title='bbox 589 2298 715 2380; x_wconf 91' lang='grc' dir='ltr'><strong><em>γνώμης</em></strong></span> <span class='ocrx_word' id='word_1_184' title='bbox 730 2292 809 2360; x_wconf 87' lang='grc' dir='ltr'><strong><em>κατό</em></strong></span> <span class='ocrx_word' id='word_1_185' title='bbox 833 2294 907 2370; x_wconf 84' lang='grc' dir='ltr'><strong>τούς</strong></span> <span class='ocrx_word' id='word_1_186' title='bbox 928 2297 1144 2379; x_wconf 86' lang='grc' dir='ltr'><strong><em>εόσεβοόντας</em></strong></span> <span class='ocrx_word' id='word_1_187' title='bbox 1165 2293 1261 2381; x_wconf 72' lang='grc' dir='ltr'><strong><em>ἐξηρ-</em></strong></span> 
     </span>
     <span class='ocr_line' id='line_1_22' title="bbox 160 2420 262 2479; baseline 0.01 -20"><span class='ocrx_word' id='word_1_188' title='bbox 160 2420 262 2479; x_wconf 86' lang='grc' dir='ltr'><strong><em>τηται.</em></strong></span> 
     </span>
     <span class='ocr_line' id='line_1_23' title="bbox 260 2494 1261 2584; baseline 0 -20"><span class='ocrx_word' id='word_1_189' title='bbox 260 2499 305 2564; x_wconf 85' lang='grc' dir='ltr'><strong><em>Ἐν</em></strong></span> <span class='ocrx_word' id='word_1_190' title='bbox 335 2500 371 2563; x_wconf 82' lang='grc' dir='ltr'><strong>δὲ</strong></span> <span class='ocrx_word' id='word_1_191' title='bbox 395 2507 459 2576; x_wconf 86' lang='grc' dir='ltr'><strong><em>τοῖς</em></strong></span> <span class='ocrx_word' id='word_1_192' title='bbox 489 2502 724 2575; x_wconf 81' lang='grc' dir='ltr'><strong><em>Μακεδονικοῖς</em></strong></span> <span class='ocrx_word' id='word_1_193' title='bbox 749 2502 879 2584; x_wconf 73' lang='grc' dir='ltr'><strong><em>μέρεσιν</em></strong></span> <span class='ocrx_word' id='word_1_194' title='bbox 912 2494 947 2565; x_wconf 76' lang='grc' dir='ltr'><strong><em>αἱ</em></strong></span> <span class='ocrx_word' id='word_1_195' title='bbox 979 2497 1133 2582; x_wconf 80' lang='grc' dir='ltr'><strong><em>παράλιοι</em></strong></span> <span class='ocrx_word' id='word_1_196' title='bbox 1154 2499 1261 2575; x_wconf 87' lang='grc' dir='ltr'><strong><em>πόλεις</em></strong></span> 
     </span>
     <span class='ocr_line' id='line_1_24' title="bbox 161 2591 1260 2690; baseline 0.001 -26"><span class='ocrx_word' id='word_1_197' title='bbox 161 2601 227 2665; x_wconf 90' lang='grc' dir='ltr'><strong><em>κατ’</em></strong></span> <span class='ocrx_word' id='word_1_198' title='bbox 248 2601 367 2690; x_wconf 76' lang='grc' dir='ltr'><strong><em>ἐκείνην</em></strong></span> <span class='ocrx_word' id='word_1_199' title='bbox 397 2596 452 2684; x_wconf 70' lang='grc' dir='ltr'><strong><em>την</em></strong></span> <span class='ocrx_word' id='word_1_200' title='bbox 473 2600 573 2666; x_wconf 90' lang='grc' dir='ltr'><strong><em>νόκτα</em></strong></span> <span class='ocrx_word' id='word_1_201' title='bbox 593 2602 713 2685; x_wconf 80' lang='grc' dir='ltr'><strong><em>μᾶλλον</em></strong></span> <span class='ocrx_word' id='word_1_202' title='bbox 741 2604 803 2666; x_wconf 85' lang='grc' dir='ltr'><strong><em>τών</em></strong></span> <span class='ocrx_word' id='word_1_203' title='bbox 832 2591 936 2690; x_wconf 74' lang='grc' dir='ltr'><strong><em>ἄλλων</em></strong></span> <span class='ocrx_word' id='word_1_204' title='bbox 957 2594 1147 2685; x_wconf 87' lang='grc' dir='ltr'><strong><em>πεπόνθασι,</em></strong></span> <span class='ocrx_word' id='word_1_205' title='bbox 1167 2599 1260 2667; x_wconf 83' lang='grc' dir='ltr'><strong><em>Ῥαι-</em></strong></span> 
     </span>
    </p>
   </div>
   <div class='ocr_carea' id='block_1_3' title="bbox 236 2721 444 2831">
    <p class='ocr_par' dir='ltr' id='par_1_3' title="bbox 236 2721 444 2831">
     <span class='ocr_line' id='line_1_25' title="bbox 236 2721 444 2831; baseline 0.005 -19"><span class='ocrx_word' id='word_1_206' title='bbox 236 2759 277 2822; x_wconf 80' lang='grc'><strong>18.</strong></span> <span class='ocrx_word' id='word_1_207' title='bbox 297 2721 393 2831; x_wconf 63' lang='lat' dir='ltr'><strong>»fisci</strong></span> <span class='ocrx_word' id='word_1_208' title='bbox 413 2759 444 2816; x_wconf 79' lang='lat'><strong>0.</strong></span> 
     </span>
    </p>
   </div>
   <div class='ocr_carea' id='block_1_4' title="bbox 78 2907 1340 4190">
    <p class='ocr_par' dir='ltr' id='par_1_4' title="bbox 78 2907 1340 4190">
     <span class='ocr_line' id='line_1_26' title="bbox 164 2907 1259 2977; baseline -0.005 -15"><span class='ocrx_word' id='word_1_209' title='bbox 164 2922 244 2962; x_wconf 86' lang='lat' dir='ltr'><strong>sensu</strong></span> <span class='ocrx_word' id='word_1_210' title='bbox 262 2922 346 2976; x_wconf 90' lang='lat' dir='ltr'><strong>aquae</strong></span> <span class='ocrx_word' id='word_1_211' title='bbox 365 2907 393 2960; x_wconf 89' lang='lat' dir='ltr'><strong>in</strong></span> <span class='ocrx_word' id='word_1_212' title='bbox 410 2915 498 2960; x_wconf 89' lang='lat' dir='ltr'><strong>tarrae</strong></span> <span class='ocrx_word' id='word_1_213' title='bbox 515 2909 648 2977; x_wconf 74' lang='lat' dir='ltr'><strong>specubus</strong></span> <span class='ocrx_word' id='word_1_214' title='bbox 667 2917 740 2962; x_wconf 89' lang='lat' dir='ltr'><strong>motu</strong></span> <span class='ocrx_word' id='word_1_215' title='bbox 760 2917 787 2960; x_wconf 86' lang='lat' dir='ltr'><strong>et</strong></span> <span class='ocrx_word' id='word_1_216' title='bbox 805 2916 946 2961; x_wconf 87' lang='lat' dir='ltr'><strong>ventorum</strong></span> <span class='ocrx_word' id='word_1_217' title='bbox 965 2909 992 2959; x_wconf 93' lang='lat' dir='ltr'><strong>in</strong></span> <span class='ocrx_word' id='word_1_218' title='bbox 1010 2907 1052 2959; x_wconf 92' lang='lat' dir='ltr'><strong>his</strong></span> <span class='ocrx_word' id='word_1_219' title='bbox 1070 2907 1176 2960; x_wconf 88' lang='lat' dir='ltr'><strong>turbine</strong></span> <span class='ocrx_word' id='word_1_220' title='bbox 1195 2924 1259 2961; x_wconf 87' lang='lat' dir='ltr'><strong>eru.</strong></span> 
     </span>
     <span class='ocr_line' id='line_1_27' title="bbox 164 2977 1259 3050; baseline 0 -20"><span class='ocrx_word' id='word_1_221' title='bbox 164 2981 282 3048; x_wconf 90' lang='lat' dir='ltr'><strong>ptionem</strong></span> <span class='ocrx_word' id='word_1_222' title='bbox 301 2981 369 3044; x_wconf 86' lang='lat' dir='ltr'><strong>lieri,</strong></span> <span class='ocrx_word' id='word_1_223' title='bbox 390 2996 512 3034; x_wconf 85' lang='lat' dir='ltr'><strong>eversum</strong></span> <span class='ocrx_word' id='word_1_224' title='bbox 532 2989 573 3034; x_wconf 86' lang='lat' dir='ltr'><strong>est</strong></span> <span class='ocrx_word' id='word_1_225' title='bbox 588 2983 746 3050; x_wconf 82' lang='lat' dir='ltr'><strong>cogitatum.</strong></span> <span class='ocrx_word' id='word_1_226' title='bbox 783 2981 885 3032; x_wconf 87' lang='lat' dir='ltr'><strong>namsi</strong></span> <span class='ocrx_word' id='word_1_227' title='bbox 904 2977 963 3031; x_wconf 89' lang='lat' dir='ltr'><strong>sola</strong></span> <span class='ocrx_word' id='word_1_228' title='bbox 983 2981 1011 3030; x_wconf 87' lang='lat' dir='ltr'><strong>vi</strong></span> <span class='ocrx_word' id='word_1_229' title='bbox 1031 2993 1133 3041; x_wconf 87' lang='lat' dir='ltr'><strong>eorum,</strong></span> <span class='ocrx_word' id='word_1_230' title='bbox 1154 2994 1213 3030; x_wconf 86' lang='lat' dir='ltr'><strong>cnm</strong></span> <span class='ocrx_word' id='word_1_231' title='bbox 1231 2981 1259 3030; x_wconf 93' lang='lat' dir='ltr'><strong>in</strong></span> 
     </span>
     <span class='ocr_line' id='line_1_28' title="bbox 164 3049 1261 3121; baseline -0.004 -17"><span class='ocrx_word' id='word_1_232' title='bbox 164 3051 295 3118; x_wconf 81' lang='lat' dir='ltr'><strong>specubus</strong></span> <span class='ocrx_word' id='word_1_233' title='bbox 314 3060 400 3104; x_wconf 85' lang='lat' dir='ltr'><strong>terrae</strong></span> <span class='ocrx_word' id='word_1_234' title='bbox 418 3061 608 3121; x_wconf 74' lang='lat' dir='ltr'><strong>torquerentur</strong></span> <span class='ocrx_word' id='word_1_235' title='bbox 629 3062 655 3105; x_wconf 89' lang='lat' dir='ltr'><strong>et</strong></span> <span class='ocrx_word' id='word_1_236' title='bbox 671 3053 805 3120; x_wconf 55' lang='lat' dir='ltr'><strong>,spiritum</strong></span> <span class='ocrx_word' id='word_1_237' title='bbox 824 3065 1004 3116; x_wconf 89' lang='lat' dir='ltr'><strong>compressum</strong></span> <span class='ocrx_word' id='word_1_238' title='bbox 1023 3056 1158 3116; x_wconf 88' lang='lat' dir='ltr'><strong>caperent,</strong></span> <span class='ocrx_word' id='word_1_239' title='bbox 1177 3058 1207 3100; x_wconf 92' lang='lat' dir='ltr'><strong>nt</strong></span> <span class='ocrx_word' id='word_1_240' title='bbox 1233 3049 1261 3100; x_wconf 88' lang='lat' dir='ltr'><strong>bi</strong></span> 
     </span>
     <span class='ocr_line' id='line_1_29' title="bbox 165 3119 1262 3187; baseline -0.004 -13"><span class='ocrx_word' id='word_1_241' title='bbox 165 3124 269 3186; x_wconf 88' lang='lat' dir='ltr'><strong>dicunt,</strong></span> <span class='ocrx_word' id='word_1_242' title='bbox 290 3133 375 3179; x_wconf 89' lang='lat' dir='ltr'><strong>motus</strong></span> <span class='ocrx_word' id='word_1_243' title='bbox 396 3123 564 3187; x_wconf 87' lang='lat' dir='ltr'><strong>efficeretur,</strong></span> <span class='ocrx_word' id='word_1_244' title='bbox 592 3132 664 3175; x_wconf 89' lang='lat' dir='ltr'><strong>certe</strong></span> <span class='ocrx_word' id='word_1_245' title='bbox 686 3124 871 3176; x_wconf 84' lang='lat' dir='ltr'><strong>confusionem</strong></span> <span class='ocrx_word' id='word_1_246' title='bbox 894 3120 1006 3172; x_wconf 90' lang='lat' dir='ltr'><strong>haberet</strong></span> <span class='ocrx_word' id='word_1_247' title='bbox 1025 3119 1145 3186; x_wconf 77' lang='lat' dir='ltr'><strong>eruptio,</strong></span> <span class='ocrx_word' id='word_1_248' title='bbox 1172 3135 1262 3187; x_wconf 89' lang='lat' dir='ltr'><strong>neque</strong></span> 
     </span>
     <span class='ocr_line' id='line_1_30' title="bbox 164 3191 1262 3261; baseline -0.004 -15"><span class='ocrx_word' id='word_1_249' title='bbox 164 3195 197 3246; x_wconf 95' lang='lat' dir='ltr'><strong>ad</strong></span> <span class='ocrx_word' id='word_1_250' title='bbox 216 3209 305 3245; x_wconf 91' lang='lat' dir='ltr'><strong>casum</strong></span> <span class='ocrx_word' id='word_1_251' title='bbox 323 3193 494 3246; x_wconf 78' lang='lat' dir='ltr'><strong>infallibilem</strong></span> <span class='ocrx_word' id='word_1_252' title='bbox 514 3195 650 3261; x_wconf 85' lang='lat' dir='ltr'><strong>ingentem</strong></span> <span class='ocrx_word' id='word_1_253' title='bbox 670 3197 759 3247; x_wconf 82' lang='lat' dir='ltr'><strong>finiret</strong></span> <span class='ocrx_word' id='word_1_254' title='bbox 778 3196 920 3260; x_wconf 90' lang='lat' dir='ltr'><strong>impetum,</strong></span> <span class='ocrx_word' id='word_1_255' title='bbox 945 3192 1009 3260; x_wconf 89' lang='lat' dir='ltr'><strong>quin</strong></span> <span class='ocrx_word' id='word_1_256' title='bbox 1028 3191 1181 3242; x_wconf 85' lang='lat' dir='ltr'><strong>universum</strong></span> <span class='ocrx_word' id='word_1_257' title='bbox 1205 3193 1262 3243; x_wconf 82' lang='lat' dir='ltr'><strong>&#39;sta-</strong></span> 
     </span>
     <span class='ocr_line' id='line_1_31' title="bbox 78 3261 1263 3333; baseline -0.003 -17"><span class='ocrx_word' id='word_1_258' title='bbox 78 3274 85 3290; x_wconf 68' lang='lat'>‘</span> <span class='ocrx_word' id='word_1_259' title='bbox 164 3267 210 3316; x_wconf 91' lang='lat' dir='ltr'><strong>tim</strong></span> <span class='ocrx_word' id='word_1_260' title='bbox 230 3265 391 3316; x_wconf 75' lang='lat' dir='ltr'><strong>sorberetur.</strong></span> <span class='ocrx_word' id='word_1_261' title='bbox 430 3279 501 3314; x_wconf 90' lang='lat' dir='ltr'><strong>nunc</strong></span> <span class='ocrx_word' id='word_1_262' title='bbox 520 3273 607 3316; x_wconf 91' lang='lat' dir='ltr'><strong>autem</strong></span> <span class='ocrx_word' id='word_1_263' title='bbox 625 3273 698 3317; x_wconf 87' lang='lat' dir='ltr'><strong>tanto</strong></span> <span class='ocrx_word' id='word_1_264' title='bbox 717 3275 744 3318; x_wconf 91' lang='lat' dir='ltr'><strong>et</strong></span> <span class='ocrx_word' id='word_1_265' title='bbox 762 3263 869 3333; x_wconf 91' lang='lat' dir='ltr'><strong>aequali</strong></span> <span class='ocrx_word' id='word_1_266' title='bbox 889 3271 962 3316; x_wconf 88' lang='lat' dir='ltr'><strong>motu</strong></span> <span class='ocrx_word' id='word_1_267' title='bbox 981 3261 1131 3315; x_wconf 87' lang='lat' dir='ltr'><strong>declaratur</strong></span> <span class='ocrx_word' id='word_1_268' title='bbox 1156 3263 1263 3317; x_wconf 87' lang='lat' dir='ltr'><strong>divinae</strong></span> 
     </span>
     <span class='ocr_line' id='line_1_32' title="bbox 165 3334 1263 3404; baseline -0.005 -15"><span class='ocrx_word' id='word_1_269' title='bbox 165 3337 370 3404; x_wconf 81' lang='lat' dir='ltr'><strong>significationis</strong></span> <span class='ocrx_word' id='word_1_270' title='bbox 390 3335 488 3386; x_wconf 84' lang='lat' dir='ltr'><strong>lactum</strong></span> <span class='ocrx_word' id='word_1_271' title='bbox 509 3337 612 3402; x_wconf 86' lang='lat' dir='ltr'><strong>eruptio</strong></span> <span class='ocrx_word' id='word_1_272' title='bbox 632 3338 664 3388; x_wconf 86' lang='lat' dir='ltr'><strong>sd</strong></span> <span class='ocrx_word' id='word_1_273' title='bbox 688 3339 872 3390; x_wconf 85' lang='lat' dir='ltr'><strong>remissionem</strong></span> <span class='ocrx_word' id='word_1_274' title='bbox 898 3344 925 3387; x_wconf 88' lang='lat' dir='ltr'><strong>et</strong></span> <span class='ocrx_word' id='word_1_275' title='bbox 956 3335 1138 3387; x_wconf 78' lang='lat' dir='ltr'><strong>educationem</strong></span> <span class='ocrx_word' id='word_1_276' title='bbox 1169 3334 1263 3385; x_wconf 82' lang='lat' dir='ltr'><strong>bume-</strong></span> 
     </span>
     <span class='ocr_line' id='line_1_33' title="bbox 164 3405 1265 3476; baseline -0.004 -17"><span class='ocrx_word' id='word_1_277' title='bbox 164 3423 258 3459; x_wconf 91' lang='lat' dir='ltr'><strong>norum</strong></span> <span class='ocrx_word' id='word_1_278' title='bbox 278 3407 485 3473; x_wconf 87' lang='lat' dir='ltr'><strong>propositorum,</strong></span> <span class='ocrx_word' id='word_1_279' title='bbox 501 3414 528 3456; x_wconf 90' lang='lat' dir='ltr'><strong>et</strong></span> <span class='ocrx_word' id='word_1_280' title='bbox 545 3407 652 3458; x_wconf 86' lang='lat' dir='ltr'><strong>divinae</strong></span> <span class='ocrx_word' id='word_1_281' title='bbox 671 3409 853 3476; x_wconf 81' lang='lat' dir='ltr'><strong>indulgentiae</strong></span> <span class='ocrx_word' id='word_1_282' title='bbox 871 3421 968 3474; x_wconf 89' lang='lat' dir='ltr'><strong>poena,</strong></span> <span class='ocrx_word' id='word_1_283' title='bbox 981 3420 1016 3457; x_wconf 89' lang='lat' dir='ltr'><strong>ne</strong></span> <span class='ocrx_word' id='word_1_284' title='bbox 1036 3405 1152 3459; x_wconf 85' lang='lat' dir='ltr'><strong>[unditus</strong></span> <span class='ocrx_word' id='word_1_285' title='bbox 1171 3412 1265 3470; x_wconf 87' lang='lat' dir='ltr'><strong>pereat</strong></span> 
     </span>
     <span class='ocr_line' id='line_1_34' title="bbox 165 3477 1263 3548; baseline -0.005 -18"><span class='ocrx_word' id='word_1_286' title='bbox 165 3495 260 3548; x_wconf 82' lang='lat' dir='ltr'><strong>genus,</strong></span> <span class='ocrx_word' id='word_1_287' title='bbox 280 3479 327 3529; x_wconf 89' lang='lat' dir='ltr'><strong>sed</strong></span> <span class='ocrx_word' id='word_1_288' title='bbox 349 3485 378 3529; x_wconf 89' lang='lat' dir='ltr'><strong>ut</strong></span> <span class='ocrx_word' id='word_1_289' title='bbox 396 3477 423 3528; x_wconf 91' lang='lat' dir='ltr'><strong>id</strong></span> <span class='ocrx_word' id='word_1_290' title='bbox 441 3478 563 3530; x_wconf 86' lang='lat' dir='ltr'><strong>advertat</strong></span> <span class='ocrx_word' id='word_1_291' title='bbox 583 3477 747 3531; x_wconf 88' lang='lat' dir='ltr'><strong>melioribus.</strong></span> <span class='ocrx_word' id='word_1_292' title='bbox 785 3480 857 3547; x_wconf 90' lang='lat' dir='ltr'><strong>quod</strong></span> <span class='ocrx_word' id='word_1_293' title='bbox 873 3487 962 3530; x_wconf 89' lang='lat' dir='ltr'><strong>autem</strong></span> <span class='ocrx_word' id='word_1_294' title='bbox 982 3479 1263 3544; x_wconf 84' lang='lat' dir='ltr'><strong>espirituventorum,</strong></span> 
     </span>
     <span class='ocr_line' id='line_1_35' title="bbox 165 3547 1263 3617; baseline -0.008 -13"><span class='ocrx_word' id='word_1_295' title='bbox 165 3553 225 3604; x_wconf 88' lang='lat' dir='ltr'><strong>sive</strong></span> <span class='ocrx_word' id='word_1_296' title='bbox 245 3550 324 3599; x_wconf 85' lang='lat' dir='ltr'><strong>etiam</strong></span> <span class='ocrx_word' id='word_1_297' title='bbox 343 3564 468 3617; x_wconf 88' lang='lat' dir='ltr'><strong>aquarum</strong></span> <span class='ocrx_word' id='word_1_298' title='bbox 489 3556 561 3600; x_wconf 92' lang='lat' dir='ltr'><strong>motu</strong></span> <span class='ocrx_word' id='word_1_299' title='bbox 583 3549 682 3600; x_wconf 87' lang='lat' dir='ltr'><strong>oriatur</strong></span> <span class='ocrx_word' id='word_1_300' title='bbox 699 3558 787 3601; x_wconf 86' lang='lat' dir='ltr'><strong>terrae</strong></span> <span class='ocrx_word' id='word_1_301' title='bbox 806 3550 963 3612; x_wconf 79' lang='lat' dir='ltr'><strong>concussio,</strong></span> <span class='ocrx_word' id='word_1_302' title='bbox 979 3550 1042 3600; x_wconf 79' lang='lat' dir='ltr'><strong>&#39;non</strong></span> <span class='ocrx_word' id='word_1_303' title='bbox 1061 3557 1103 3600; x_wconf 90' lang='lat' dir='ltr'><strong>est</strong></span> <span class='ocrx_word' id='word_1_304' title='bbox 1127 3547 1263 3611; x_wconf 90' lang='lat' dir='ltr'><strong>ineptum,</strong></span> 
     </span>
     <span class='ocr_line' id='line_1_36' title="bbox 164 3617 1263 3688; baseline -0.008 -15"><span class='ocrx_word' id='word_1_305' title='bbox 164 3635 255 3686; x_wconf 89' lang='lat' dir='ltr'><strong>neque</strong></span> <span class='ocrx_word' id='word_1_306' title='bbox 275 3620 360 3684; x_wconf 89' lang='lat' dir='ltr'><strong>ipsum</strong></span> <span class='ocrx_word' id='word_1_307' title='bbox 381 3621 451 3688; x_wconf 88' lang='lat' dir='ltr'><strong>quod</strong></span> <span class='ocrx_word' id='word_1_308' title='bbox 469 3622 564 3672; x_wconf 87' lang='lat' dir='ltr'><strong>attinet</strong></span> <span class='ocrx_word' id='word_1_309' title='bbox 582 3620 731 3671; x_wconf 86' lang='lat' dir='ltr'><strong>naturalem</strong></span> <span class='ocrx_word' id='word_1_310' title='bbox 751 3630 914 3688; x_wconf 84' lang='lat' dir='ltr'><strong>apparatum.</strong></span> <span class='ocrx_word' id='word_1_311' title='bbox 952 3621 1011 3671; x_wconf 89' lang='lat' dir='ltr'><strong>lieri</strong></span> <span class='ocrx_word' id='word_1_312' title='bbox 1032 3619 1102 3670; x_wconf 88' lang='lat' dir='ltr'><strong>enim</strong></span> <span class='ocrx_word' id='word_1_313' title='bbox 1128 3617 1180 3667; x_wconf 89' lang='lat' dir='ltr'><strong>boc</strong></span> <span class='ocrx_word' id='word_1_314' title='bbox 1211 3631 1263 3682; x_wconf 92' lang='lat' dir='ltr'><strong>po.</strong></span> 
     </span>
     <span class='ocr_line' id='line_1_37' title="bbox 165 3689 1265 3758; baseline -0.005 -14"><span class='ocrx_word' id='word_1_315' title='bbox 165 3700 219 3744; x_wconf 87' lang='lat' dir='ltr'><strong>test</strong></span> <span class='ocrx_word' id='word_1_316' title='bbox 238 3692 355 3756; x_wconf 88' lang='lat' dir='ltr'><strong>omnino,</strong></span> <span class='ocrx_word' id='word_1_317' title='bbox 375 3693 421 3744; x_wconf 92' lang='lat' dir='ltr'><strong>sed</strong></span> <span class='ocrx_word' id='word_1_318' title='bbox 439 3707 494 3743; x_wconf 90' lang='lat' dir='ltr'><strong>non</strong></span> <span class='ocrx_word' id='word_1_319' title='bbox 512 3701 613 3742; x_wconf 86' lang='lat' dir='ltr'><strong>temere</strong></span> <span class='ocrx_word' id='word_1_320' title='bbox 633 3692 662 3742; x_wconf 88' lang='lat' dir='ltr'><strong>lit</strong></span> <span class='ocrx_word' id='word_1_321' title='bbox 681 3695 801 3758; x_wconf 86' lang='lat' dir='ltr'><strong>eruptio:</strong></span> <span class='ocrx_word' id='word_1_322' title='bbox 821 3689 873 3742; x_wconf 88' lang='lat' dir='ltr'><strong>hcc</strong></span> <span class='ocrx_word' id='word_1_323' title='bbox 892 3692 962 3742; x_wconf 91' lang='lat' dir='ltr'><strong>enim</strong></span> <span class='ocrx_word' id='word_1_324' title='bbox 982 3690 1050 3742; x_wconf 91' lang='lat' dir='ltr'><strong>illud</strong></span> <span class='ocrx_word' id='word_1_325' title='bbox 1069 3699 1131 3753; x_wconf 86' lang='lat' dir='ltr'><strong>est,</strong></span> <span class='ocrx_word' id='word_1_326' title='bbox 1157 3689 1229 3756; x_wconf 90' lang='lat' dir='ltr'><strong>quod</strong></span> <span class='ocrx_word' id='word_1_327' title='bbox 1249 3704 1265 3738; x_wconf 89' lang='lat' dir='ltr'><strong>a</strong></span> 
     </span>
     <span class='ocr_line' id='line_1_38' title="bbox 165 3761 1264 3825; baseline -0.005 -10"><span class='ocrx_word' id='word_1_328' title='bbox 165 3763 243 3815; x_wconf 89' lang='lat' dir='ltr'><strong>nobis</strong></span> <span class='ocrx_word' id='word_1_329' title='bbox 262 3761 410 3814; x_wconf 77' lang='lat' dir='ltr'><strong>refutaturr</strong></span> <span class='ocrx_word' id='word_1_330' title='bbox 431 3764 476 3814; x_wconf 91' lang='lat' dir='ltr'><strong>sed</strong></span> <span class='ocrx_word' id='word_1_331' title='bbox 496 3764 586 3814; x_wconf 90' lang='lat' dir='ltr'><strong>divina</strong></span> <span class='ocrx_word' id='word_1_332' title='bbox 603 3762 754 3825; x_wconf 82' lang='lat' dir='ltr'><strong>voluntate,</strong></span> <span class='ocrx_word' id='word_1_333' title='bbox 772 3763 824 3814; x_wconf 88' lang='lat' dir='ltr'><strong>nisi</strong></span> <span class='ocrx_word' id='word_1_334' title='bbox 843 3763 902 3813; x_wconf 93' lang='lat' dir='ltr'><strong>sine</strong></span> <span class='ocrx_word' id='word_1_335' title='bbox 914 3763 1002 3814; x_wconf 90' lang='lat' dir='ltr'><strong>medio</strong></span> <span class='ocrx_word' id='word_1_336' title='bbox 1022 3778 1120 3819; x_wconf 89' lang='lat' dir='ltr'><strong>numen</strong></span> <span class='ocrx_word' id='word_1_337' title='bbox 1145 3761 1264 3814; x_wconf 90' lang='lat' dir='ltr'><strong>divinum</strong></span> 
     </span>
     <span class='ocr_line' id='line_1_39' title="bbox 165 3832 1264 3887; baseline -0.006 0"><span class='ocrx_word' id='word_1_338' title='bbox 165 3843 299 3887; x_wconf 88' lang='lat' dir='ltr'><strong>terrenam</strong></span> <span class='ocrx_word' id='word_1_339' title='bbox 318 3842 437 3885; x_wconf 89' lang='lat' dir='ltr'><strong>naturam</strong></span> <span class='ocrx_word' id='word_1_340' title='bbox 457 3835 637 3886; x_wconf 86' lang='lat' dir='ltr'><strong>administrat:</strong></span> <span class='ocrx_word' id='word_1_341' title='bbox 657 3833 694 3883; x_wconf 83' lang='lat' dir='ltr'><strong>ita</strong></span> <span class='ocrx_word' id='word_1_342' title='bbox 716 3834 786 3884; x_wconf 88' lang='lat' dir='ltr'><strong>enim</strong></span> <span class='ocrx_word' id='word_1_343' title='bbox 806 3832 884 3882; x_wconf 90' lang='lat' dir='ltr'><strong>etiam</strong></span> <span class='ocrx_word' id='word_1_344' title='bbox 902 3833 993 3887; x_wconf 87' lang='lat' dir='ltr'><strong>imbris</strong></span> <span class='ocrx_word' id='word_1_345' title='bbox 1013 3843 1040 3886; x_wconf 87' lang='lat' dir='ltr'><strong>et</strong></span> <span class='ocrx_word' id='word_1_346' title='bbox 1057 3834 1167 3886; x_wconf 91' lang='lat' dir='ltr'><strong>nubium</strong></span> <span class='ocrx_word' id='word_1_347' title='bbox 1188 3847 1264 3881; x_wconf 89' lang='lat' dir='ltr'><strong>com.</strong></span> 
     </span>
     <span class='ocr_line' id='line_1_40' title="bbox 165 3901 1264 3972; baseline -0.006 -15"><span class='ocrx_word' id='word_1_348' title='bbox 165 3906 270 3972; x_wconf 88' lang='lat' dir='ltr'><strong>pressio</strong></span> <span class='ocrx_word' id='word_1_349' title='bbox 298 3913 324 3955; x_wconf 89' lang='lat' dir='ltr'><strong>et</strong></span> <span class='ocrx_word' id='word_1_350' title='bbox 348 3907 461 3957; x_wconf 89' lang='lat' dir='ltr'><strong>tonitrus</strong></span> <span class='ocrx_word' id='word_1_351' title='bbox 487 3905 580 3957; x_wconf 88' lang='lat' dir='ltr'><strong>borum</strong></span> <span class='ocrx_word' id='word_1_352' title='bbox 600 3903 766 3970; x_wconf 89' lang='lat' dir='ltr'><strong>compulsio,</strong></span> <span class='ocrx_word' id='word_1_353' title='bbox 794 3909 820 3952; x_wconf 89' lang='lat' dir='ltr'><strong>et</strong></span> <span class='ocrx_word' id='word_1_354' title='bbox 839 3901 953 3968; x_wconf 80' lang='lat' dir='ltr'><strong>fulguris</strong></span> <span class='ocrx_word' id='word_1_355' title='bbox 972 3908 999 3957; x_wconf 93' lang='lat' dir='ltr'><strong>in</strong></span> <span class='ocrx_word' id='word_1_356' title='bbox 1021 3906 1071 3957; x_wconf 87' lang='lat' dir='ltr'><strong>bac</strong></span> <span class='ocrx_word' id='word_1_357' title='bbox 1090 3921 1120 3956; x_wconf 91' lang='lat' dir='ltr'><strong>re</strong></span> <span class='ocrx_word' id='word_1_358' title='bbox 1139 3911 1264 3953; x_wconf 88' lang='lat' dir='ltr'><strong>auctores</strong></span> 
     </span>
     <span class='ocr_line' id='line_1_41' title="bbox 165 3973 1263 4043; baseline -0.009 -13"><span class='ocrx_word' id='word_1_359' title='bbox 165 3985 310 4043; x_wconf 86' lang='lat' dir='ltr'><strong>apparent:</strong></span> <span class='ocrx_word' id='word_1_360' title='bbox 330 3976 376 4028; x_wconf 89' lang='lat' dir='ltr'><strong>sed</strong></span> <span class='ocrx_word' id='word_1_361' title='bbox 395 3984 477 4028; x_wconf 84' lang='lat' dir='ltr'><strong>totum</strong></span> <span class='ocrx_word' id='word_1_362' title='bbox 496 3979 602 4031; x_wconf 87' lang='lat' dir='ltr'><strong>divinae</strong></span> <span class='ocrx_word' id='word_1_363' title='bbox 622 3975 773 4028; x_wconf 83' lang='lat' dir='ltr'><strong>sententiae</strong></span> <span class='ocrx_word' id='word_1_364' title='bbox 792 3973 935 4024; x_wconf 86' lang='lat' dir='ltr'><strong>secundum</strong></span> <span class='ocrx_word' id='word_1_365' title='bbox 954 3977 1012 4041; x_wconf 91' lang='lat' dir='ltr'><strong>pios</strong></span> <span class='ocrx_word' id='word_1_366' title='bbox 1031 3978 1201 4027; x_wconf 88' lang='lat' dir='ltr'><strong>coniunctum</strong></span> <span class='ocrx_word' id='word_1_367' title='bbox 1213 3980 1263 4023; x_wconf 89' lang='lat' dir='ltr'><strong>est.</strong></span> 
     </span>
     <span class='ocr_line' id='line_1_42' title="bbox 180 4042 1340 4117; baseline -0.007 -17"><span class='ocrx_word' id='word_1_368' title='bbox 180 4064 186 4076; x_wconf 95' lang='lat'><strong>·</strong></span> <span class='ocrx_word' id='word_1_369' title='bbox 269 4048 299 4099; x_wconf 95' lang='lat' dir='ltr'><strong>ln</strong></span> <span class='ocrx_word' id='word_1_370' title='bbox 318 4049 497 4102; x_wconf 85' lang='lat' dir='ltr'><strong>Macedonicis</strong></span> <span class='ocrx_word' id='word_1_371' title='bbox 517 4057 604 4100; x_wconf 90' lang='lat' dir='ltr'><strong>autem</strong></span> <span class='ocrx_word' id='word_1_372' title='bbox 625 4046 745 4117; x_wconf 88' lang='lat' dir='ltr'><strong>partibus</strong></span> <span class='ocrx_word' id='word_1_373' title='bbox 764 4045 911 4097; x_wconf 85' lang='lat' dir='ltr'><strong>maritimae</strong></span> <span class='ocrx_word' id='word_1_374' title='bbox 930 4045 1009 4098; x_wconf 85' lang='lat' dir='ltr'><strong>urbes</strong></span> <span class='ocrx_word' id='word_1_375' title='bbox 1027 4047 1076 4098; x_wconf 92' lang='lat' dir='ltr'><strong>illa</strong></span> <span class='ocrx_word' id='word_1_376' title='bbox 1094 4051 1174 4094; x_wconf 91' lang='lat' dir='ltr'><strong>nocte</strong></span> <span class='ocrx_word' id='word_1_377' title='bbox 1204 4042 1264 4110; x_wconf 88' lang='lat' dir='ltr'><strong>plns</strong></span> <span class='ocrx_word' id='word_1_378' title='bbox 1335 4045 1340 4064; x_wconf 78' lang='lat'>¹</span> 
     </span>
     <span class='ocr_line' id='line_1_43' title="bbox 168 4114 1264 4190; baseline -0.003 -21"><span class='ocrx_word' id='word_1_379' title='bbox 168 4118 266 4173; x_wconf 84' lang='lat' dir='ltr'><strong>ceteris</strong></span> <span class='ocrx_word' id='word_1_380' title='bbox 286 4135 381 4190; x_wconf 86' lang='lat' dir='ltr'><strong>passae</strong></span> <span class='ocrx_word' id='word_1_381' title='bbox 400 4128 470 4186; x_wconf 83' lang='lat' dir='ltr'><strong>sunt,</strong></span> <span class='ocrx_word' id='word_1_382' title='bbox 489 4120 641 4175; x_wconf 82' lang='lat' dir='ltr'><strong>Rnidcstum</strong></span> <span class='ocrx_word' id='word_1_383' title='bbox 661 4119 721 4172; x_wconf 93' lang='lat' dir='ltr'><strong>dico</strong></span> <span class='ocrx_word' id='word_1_384' title='bbox 740 4126 767 4170; x_wconf 88' lang='lat' dir='ltr'><strong>et</strong></span> <span class='ocrx_word' id='word_1_385' title='bbox 785 4117 894 4173; x_wconf 82' lang='lat' dir='ltr'><strong>Panium</strong></span> <span class='ocrx_word' id='word_1_386' title='bbox 914 4124 940 4169; x_wconf 90' lang='lat' dir='ltr'><strong>et</strong></span> <span class='ocrx_word' id='word_1_387' title='bbox 957 4119 1044 4184; x_wconf 90' lang='lat' dir='ltr'><strong>ipsum</strong></span> <span class='ocrx_word' id='word_1_388' title='bbox 1059 4114 1264 4184; x_wconf 67' lang='lat' dir='ltr'><strong>llyriophytnm</strong></span> 
     </span>
    </p>
   </div>
   <div class='ocr_carea' id='block_1_5' title="bbox 0 0 1452 4734">
    <p class='ocr_par' dir='ltr' id='par_1_5' title="bbox 0 0 1452 4734">
     <span class='ocr_line' id='line_1_44' title="bbox 0 0 1452 4734; baseline 0 0"><span class='ocrx_word' id='word_1_389' title='bbox 0 0 1452 4734; x_wconf 95' lang='lat' dir='ltr'><strong> </strong></span> 
     </span>
    </p>
   </div>
  </div>
 </body>
</html>
