2875 4734
225 263 300 342 284
467 267 472 277 ‘
516 272 733 345 urcaaams
769 270 1029 346 adulatoria

225 442 291 523 μοῦ
312 437 514 505 διασείεσθαι
532 438 608 515 τούς
629 436 820 523 ἀνθρώπους
851 445 907 507 καί
927 440 1087 527 άνοιφελὲς
1110 442 1217 518 αάτοῖς
1238 444 1335 507 τίθε-

227 546 308 607 σθαι
326 536 361 605 τό
386 544 441 625 τῆς
463 543 648 623 ἐλευθερίας
669 540 839 624 διάταγμα.
890 534 961 631 ᾔδει
981 538 1042 625 γάρ
1066 546 1157 607 τοῦτο
1180 539 1215 606 τό
1237 540 1334 628 ἔργον
1408 584 1411 589 -

188 652 190 656 ’
229 645 284 707 ἐπί
303 643 360 705 τοῦ
374 639 483 707 Δαῦκα
505 640 641 717 πολλοῦς
665 638 946 726 όιαλοιβησάμενον
968 640 1094 727 κοίτην
1112 643 1244 727 μερικη“ν
1266 646 1333 708 τοῦν

227 740 352 826 χρόνων
383 745 571 825 ἐλευθερίαν
610 743 821 826 άνελεόθερον
853 752 917 833 τοϊς
946 750 1071 819 πολλοῖς
1104 744 1331 826 ἐργασάμενον.

227 841 357 926 ἔστησεν
379 835 438 906 σόν
460 846 607 908 ἐντεῦθεν
630 847 709 909 πάσι
730 854 794 921 τοῖς
817 834 1071 926 πολιτευομένοις
1100 846 1156 908 καί
1178 852 1333 935 πανταχῇ
1341 853 1357 905 5

226 946 284 1027 γῆς
305 947 484 1009 κατοικοῦσι
502 944 671 1025 Ῥωμαίοις
700 945 755 1011 τόν
778 946 878 1031 φόβον
898 951 959 1010 τῶν
986 944 1189 1029 ὄφλημάτοιν,
1212 948 1332 1031 καὶτῷ

228 1034 296 1107 iun
326 1045 517 1124 ἐλευθέρους
547 1045 661 1111 τοῦτον
692 1046 709 1108 ὅ
740 1044 892 1127 βασιλεῦς
922 1048 976 1109 καί
1004 1036 1331 1124 πολίταςῬοιμαίων

228 1140 415 1226 εἰργάσατο,
438 1137 475 1207 οῦ
495 1148 638 1227 χρυσοῦν
660 1147 828 1211 δακτύλιον
859 1149 966 1222 ου’τοῖς
987 1143 1164 1229 παρασχών
1189 1140 1210 1227 ἢ
1231 1144 1329 1230 ῥάπι-

227 1268 296 1323 σμα
318 1240 396 1309 κατά
417 1244 550 1332 κόρρης,
573 1245 616 1330 ὥς
646 1257 711 1323 τοῖς
741 1249 1021 1331 ἐλευθερουμένοις
1044 1244 1077 1311 τό
1102 1244 1242 1327 πρόσθεν
1263 1248 1330 1327 ε’γί-

227 1365 312 1423 reto,
345 1343 425 1409 α’λλά
455 1351 582 1429 χρυσοῦ
613 1346 714 1435 πηγάς
745 1352 800 1413 καί
831 1338 995 1413 ταλάντων
1025 1347 1192 1431 πλημύρας
1220 1346 1329 1421 ου’τοῖς
1341 1363 1374 1416 10

227 1441 510 1528 άποχαριζόμενος,
532 1446 587 1512 καί
607 1446 641 1512 τό
662 1450 722 1512 τοῦ
739 1450 814 1534 πρίν
833 1450 906 1530 βίου
922 1446 1059 1530 άβίωτυν
1079 1439 1231 1529 εῦδαιμον
1252 1444 1329 1509 τοῦ-

226 1568 294 1621 τοις
317 1544 547 1631 καὶμακάριον
567 1552 612 1626 εἰς
633 1548 666 1616 τό
691 1546 762 1632 ἑξῆς
784 1546 1006 1632 ἐργαζόμενος.

300 1712 306 1717 .
330 1642 439 1722 Οῦταις
464 1641 521 1712 οῦν
541 1651 704 1732 εὐσεβείας
726 1652 782 1715 καί
803 1654 971 1737 θεοφιλίας
992 1646 1118 1733 ἔχοντος
1142 1648 1251 1733 adrat,
1274 1651 1331 1713 καί
1427 1688 1428 1693 1

227 1747 392 1829 εὐψυχίας
424 1749 574 1835 μεγίστης
604 1752 660 1814 καί
680 1754 915 1835 μεγαλουργίας
944 1754 1178 1833 άντεχομένου,
1197 1747 1261 1819 ἔδει
1281 1746 1326 1832 μὴ

228 1849 264 1911 ἐκ
288 1847 408 1931 χειρός.
426 1849 537 1931 κυρίου
566 1856 806 1926 πολλαπλασίας
837 1850 894 1927 τάς
923 1851 1105 1945 άντιόόσεις
1125 1854 1252 1933 λαβεῖν,
1274 1852 1331 1915 καί
1341 1870 1372 1923 15

228 1952 325 2031 μέχρι
344 1951 472 2014 ’πολλοῦ
499 1952 573 2027 τοῦς
594 1950 770 2035 τυράννους
789 1948 853 2017 ρκαί
884 1953 1143 2037 τυραννόφρυνας
1172 1950 1227 2015 καί
1248 1944 1329 2017 otti-

228 2073 345 2133 στορας
365 2050 541 2135 άντερίζειν
571 2054 658 2141 αὐτῷ
681 2056 810 2138 καὶτῆς
839 2056 1006 2136 βασιλείας
1034 2054 1253 2137 α’μφισβητεϊν,
1275 2055 1332 2115 καί

230 2172 292 2215 που
313 2152 403 2216 τοῦτο
423 2156 503 2215 θεοῦ
522 2145 560 2236 ἦν
582 2155 640 2217 τοῦ
662 2157 769 2243 δικαίη
793 2152 893 2243 ψήφῳ
915 2153 947 2218 τὸ
970 2156 1033 2217 πᾶν
1055 2152 1252 2225 διιθόνθντθε
1275 2150 1331 2215 καὶ

229 2251 272 2339 τῷ
291 2254 349 2315 τοῦ
372 2250 464 2317 ἐλέου
485 2258 588 2343 μίτρφ
609 2256 876 2341 α’ντιμετροῦντος
899 2253 952 2339 τόν
973 2251 1070 2319 ἔλεον.
1113 2254 1169 2316 οῦκ
1190 2248 1245 2317 οῦν
1260 2253 1327 2315 odd’

229 2350 345 2434 ἧθεία
367 2356 478 2439 ψῆφος
506 2352 563 2436 την
598 2353 763 2440 άπόφασιν
793 2355 981 2441 α’νεβάλετο,
1002 2358 1059 2419 καί
1085 2348 1137 2417 τὸν
1158 2352 1371 2435 Βρυὲννιονεθ
1427 2412 1428 2423 ,

228 2454 438 2531 βασιλειῶντα
469 2450 549 2519 κατά
572 2453 633 2539 ,τὴν
658 2454 880 2540 Μακεδονικήν
912 2458 945 2520 ἐν
976 2452 1255 2539 Ἀόριανουπόλει,
1276 2452 1332 2518 καί
1378 2459 1385 2465 ’

230 2549 289 2633 τήν
312 2555 480 2637 Βριαρὲιος
501 2552 596 2637 ἶσχόν
618 2556 840 2641 άγερωχοῦντα
861 2560 915 2620 καί
936 2552 1192 2639 ἐγκαυχάμενον,
1215 2556 1268 2618 καί
1289 2558 1331 2638 τῷ

228 2654 412 2738 βασιλεῖ-,τά
427 2656 592 2741 δευτερεῖα
613 2661 723 2747 φέρειν
746 2661 801 2737 καί
820 2656 959 2722 ῦπείκειν
980 2652 1025 2740 μὴ
1049 2651 1248 2741 α’νεχόμενον,
1270 2650 1331 2717 dut
1427 2740 1428 2751 η

302 2844 329 2901 9.
348 2851 434 2921 κόρης
451 2848 481 2903 0.
547 2808 551 2812 ¹

193 3097 197 3100 ⁵
230 3033 350 3101 gradum,
369 3039 510 3098 praetcrea
527 3032 674 3099 prohibens
695 3034 740 3099 iis,
754 3033 893 3102 quominus
908 3039 1018 3100 propter
1031 3068 1173 3084 ......
1193 3046 1330 3085 vexaren-

229 3112 273 3156 tur
297 3103 420 3156 homines
444 3105 602 3172 irritumque
628 3106 661 3157 iis
692 3106 849 3158 redderetur
876 3104 1007 3156 libertatis
1035 3104 1184 3155 decretum:
1215 3112 1330 3157 noverat

230 3175 301 3226 enim
316 3175 385 3226 hanc
403 3191 460 3226 rom
479 3176 527 3228 sub
552 3176 626 3226 Duca
654 3176 752 3229 multos
774 3192 887 3228 vexasse
907 3185 933 3228 et
957 3176 1078 3242 partitam
1094 3190 1222 3227 annorum
1240 3174 1328 3227 libcr-

229 3254 311 3298 tatem
329 3246 430 3298 irritam
448 3245 569 3313 plurimis
587 3247 743 3298 reddidisse.
792 3248 897 3299 sedavit
916 3248 997 3315 igitur
1021 3246 1084 3297 inde
1111 3247 1231 3299 omnibus
1257 3244 1329 3299 ciui..

229 3315 278 3366 bus
298 3316 327 3366 ct'
343 3316 442 3383 ubique
461 3305 638 3369 babitantibus
653 3318 778 3369 Romanis
797 3326 894 3385 metum
914 3317 1075 3369 debitorum:
1097 3326 1123 3369 et
1140 3333 1238 3369 revera
1255 3317 1329 3370 libe.

229 3400 274 3438 ros
293 3402 342 3437 rex
361 3395 388 3437 et
406 3388 481 3439 cives
500 3388 632 3440 Romanos
651 3389 775 3452 reddidit,
794 3404 849 3440 non
871 3405 979 3441 aureum
999 3389 1123 3440 annulum
1142 3390 1176 3439 iis
1197 3388 1328 3455 plaebens

230 3457 275 3509 vel
295 3457 447 3525 colaphum,
463 3467 494 3510 ut
511 3458 632 3512 liberatis
651 3468 730 3511 antea
748 3461 853 3523 accidit,
873 3461 921 3511 scd
940 3462 997 3512 auri
1018 3460 1104 3511 fontes
1125 3467 1152 3510 ct
1169 3460 1330 3511 talentorum

229 3528 394 3581 abundantes
412 3531 445 3582 iis
465 3531 580 3596 donans,
607 3539 634 3582 et
657 3532 773 3597 priorem
799 3533 879 3583 vitam
901 3531 1008 3582 minime
1033 3532 1142 3585 vitalem
1159 3530 1269 3599 ‚felicem
1285 3532 1328 3583 bis

230 3609 257 3653 et
274 3602 377 3653 beatam
395 3603 423 3652 in
441 3609 577 3669 posterum
597 3602 721 3653 reddens.

329 3698 373 3751 Sic
399 3699 481 3767 igitur
506 3714 564 3749 cum
590 3700 715 3765 pictatem
747 3711 773 3753 et
801 3700 844 3750 dci
872 3713 988 3750 amorem
1011 3708 1125 3751 teneret.
1144 3700 1166 3751 is
1187 3708 1214 3751 ot
1236 3700 1330 3750 virtuti

229 3770 358 3820 maximae
378 3777 405 3819 et
428 3770 643 3838 magnificentiae
661 3771 795 3837 studeret,
824 3771 963 3838 oportebat
989 3787 1046 3821 eum
1070 3786 1124 3822 non
1147 3787 1258 3823 emanu
1278 3772 1329 3822 do.

229 3841 294 3891 miui
313 3839 475 3907 multiplices
500 3843 659 3893 mutationes
679 3844 823 3909 accipere,
855 3851 881 3893 et
900 3842 945 3893 diu
964 3850 1091 3907 tyrannos
1113 3838 1143 3893 et'
1156 3852 1331 3909 tyrannorum

191 3912 207 3930 “
230 3909 347 3963 asseclas
366 3919 392 3961 et
411 3912 542 3965 scelestos
557 3914 704 3965 adversarii
724 3918 748 3964 ei
765 3924 791 3966 et
808 3916 841 3965 de
861 3927 945 3980 regno
959 3921 1079 3964 certare:
1102 3921 1181 3981 atque
1197 3913 1331 3981 quomodo
1427 3954 1428 3961 ,

229 3983 280 4034 boc
300 3982 343 4032 dci
363 3991 434 4045 erat,
453 3986 498 4049 qui
525 3987 596 4036 iusto
625 3985 751 4052 suffragio
781 3987 908 4037 universa
936 3984 1067 4051 gubernat
1087 3993 1113 4034 et
1131 3984 1332 4036 misericordiae

228 4062 313 4105 metro
333 4054 439 4105 metitur
457 4055 681 4107 misericordiam:
700 4071 752 4107 nec
771 4057 860 4109 divina
880 4071 934 4109 vox
959 4071 1115 4121 responsum
1135 4055 1282 4116 differebat,
1305 4064 1333 4105 et

229 4125 404 4189 Bryennium,
426 4127 472 4193 qui
489 4142 601 4193 regnum
628 4127 769 4180 affectabat
789 4126 961 4181 Macedoniae
978 4126 1153 4193 Adrianopoli
1179 4134 1205 4177 ct
1227 4124 1336 4198 Briarei
1427 4106 1428 4175 l

233 4194 315 4247 robur
334 4196 450 4250 iactabat
469 4197 672 4265 ostentabantque
690 4214 780 4269 nequo
798 4201 858 4267 regi
877 4199 1007 4254 socundus
1029 4204 1118 4267 partes
1136 4213 1219 4267 agere
1238 4202 1265 4249 ct
1285 4212 1336 4249 ce.
1427 4232 1428 4267 η
