2875 4734
219 271 307 354 not
375 388 382 391 .
509 269 729 347 menimis
760 270 1020 346 nrrnurornn

219 448 319 534 βάται
338 451 400 513 rute
422 436 523 528 ὅρκων
544 444 599 506 καί
620 443 684 505 τῶν
704 442 873 525 συνθηκῶν
893 440 1124 525 ἐχρημάτισαν.
1168 436 1239 507 ἄλλ’
1264 434 1326 508 ού-

219 573 273 625 τος
308 550 444 635 ἀτρέστῳ
476 548 530 609 καί
556 540 684 626 εύχενεῖ
699 545 742 630 τῷ
767 539 1029 629 φρονήματι,τῇ
1059 546 1132 633 θείρ
1161 541 1262 633 ψήφῳ
1285 543 1325 612 τά

220 650 289 717 κατ’
311 648 409 713 αότόν
433 649 627 729 ἐπιτρέψας,
651 642 767 708 ούδένα
789 642 880 725 λόγον
903 639 1022 709 τούτων
1045 648 1221 733 πεποίηκεν,
1242 643 1325 709 ἄλλά

220 746 394 833 συμβαλών
423 745 483 821 τάς
505 748 667 830 ’πονηρίας
688 745 744 808 καί
764 746 959 819 ἀτασθαλίας
983 746 1104 825 ου’τάν,
1127 743 1180 808 καί
1201 745 1242 823 ὦς
1264 735 1327 809 άλ-
1384 742 1391 755 ’

220 860 284 927 λως
307 850 443 925 Ἀλωέος
463 852 517 912 καί
537 849 725 930 λωβητῆρας
746 842 898 923 εύθύμως
919 841 1041 919 τούτοις
1064 846 1353 928 οἷποσειούμενος,5

164 989 182 998 ,
220 949 337 1035 ἵναμή
368 945 597 1031 καυχήσωνται
620 948 845 1027 συμβαλέσθαι
866 942 968 1033 τούτῳ
995 942 1077 1024 πρός
1102 942 1138 1009 τό
1162 950 1327 1029 προκείμε-

219 1077 273 1119 νον
300 1041 494 1129 σπούδασμα
526 1051 580 1111 καί
613 1045 672 1130 τήν
701 1050 756 1131 τῆς
778 1048 944 1126 βασιλείας
969 1042 1136 1128 άνόβασιν,
1159 1047 1213 1111 καί
1234 1050 1329 1113 αύτοι·

220 1153 279 1227 τοὶς
300 1153 483 1234 εὐεργεσίαις
504 1144 640 1226 α’ναξίως
661 1150 875 1228 κομίσωνται,
899 1147 955 1229 τής
976 1143 1161 1229 ὁδοιπορίας
1182 1148 1333 1232 duringa--

219 1278 283 1318 ται.
328 1250 358 1315 οἱ
379 1253 410 1313 δ’
433 1248 670 1336 ἐφεδρεύοντες,
695 1250 806 1310 πολλοί
828 1244 884 1309 καί
899 1243 1103 1328 πανταχόθεν
1124 1252 1325 1331 συρρέοντες,

222 1338 362 1440 αδρύοντο
390 1357 448 1433 μὲν
479 1350 522 1425 nic
555 1348 690 1428 σκύμνοι
724 1351 778 1412 καί
810 1346 1031 1413 καθυλάκτουν
1063 1347 1107 1423 nic
1138 1347 1249 1428 κύνες,
1279 1352 1325 1427 είς
1338 1366 1370 1418 10

225 1463 336 1539 χεῖρας
371 1454 407 1516 δὲ
434 1451 535 1540 τούτῳ
566 1452 673 1515 ἐλθεῖν
707 1450 763 1512 καί
791 1444 928 1529 πόλεμον
958 1447 1115 1533 συρράξαι
1151 1446 1241 1538 φόβφ
1272 1448 1329 1513 καί

222 1557 321 1643 φρίκη
345 1554 549 1638 συνείχοντο,
584 1553 684 1614 καίτοι
707 1547 855 1622 πολλάκις
884 1552 929 1623 εἰς
951 1548 1044 1614 τούτο
1066 1552 1242 1634 μεταβῆναι
1265 1572 1326 1630 με.

221 1652 458 1734 τακαλούμενοι.
516 1654 586 1714 αλλ’
613 1645 719 1734 οόσπερ
748 1651 801 1713 ἐπί
829 1652 892 1713 τάν
915 1648 1119 1733 Ἰσραηλιτῶν
1140 1652 1327 1733 γέγραπται,

221 1757 276 1838 τῆς
307 1756 449 1836 ἐρυθρᾶς
483 1756 657 1837 τμηθείσης
694 1748 859 1833 θαλάσσης
889 1752 1037 1833 α’βρόχως
1072 1748 1190 1826 αύτούς
1214 1753 1329 1815 διαπι-

225 1855 408 1939 ραιωθήναι
442 1850 492 1916 διό
514 1854 631 1936 ξηροῖς,
662 1852 706 1927 ιύς
727 1856 852 1935 τείχους
873 1854 907 1916 ἐκ
937 1853 1048 1929 δεξιάν
1071 1850 1125 1916 καί
1135 1853 1272 1935 ,τείχους
1293 1853 1329 1932 ἐξ
1340 1870 1372 1922 15

122 1997 127 2003 .
222 1952 393 2036 εύωνύμων
423 1954 593 2035 ἱσταμένου
616 1956 670 2019 τού
692 1950 825 2031 ύδατυς,
859 1948 962 2026 ούτως
995 1954 1134 2017 ἐνταῦθα
1158 1958 1326 2035 τεθαυμα-

222 2050 411 2140 τούργηται·
469 2052 512 2128 ὥς
545 2053 605 2137 γάρ
644 2050 750 2139 ῥεῦμα
786 2051 986 2137 πανταχόθεν
1018 2057 1240 2137 συντρέχοντες
1272 2058 1329 2121 καί

222 2154 502 2238 παρατειχίζοντες
516 2152 624 2238 [edric
644 2152 675 2219 οἱ
696 2156 839 2234 πολέμιοι
868 2158 995 2235 ψαῦσαι
1018 2154 1132 2220 τούτου
1157 2158 1212 2218 καί
1230 2154 1328 2219 πόλε-

221 2281 283 2338 μον
304 2258 469 2339 θαρρῆσαι
501 2255 559 2319 ούκ
582 2254 821 2339 άπετόλμησαν,
850 2258 883 2321 ἐν
907 2254 1059 2337 όμοιιάσει
1082 2256 1117 2321 δὲ
1139 2252 1328 2343 δορυφόρων

224 2357 281 2432 τάς
302 2356 521 2437 παραπομπάς
556 2355 751 2442 ἐπεποίηντο.
795 2352 861 2421 ὅσοι
890 2359 925 2423 δὲ
946 2352 1174 2439 πολεμήσοντες
1197 2348 1372 2439 ήλασαν,νο

224 2450 431 2541 ήπίπτοντες
453 2459 583 2541 οἰκτροῖς
604 2458 660 2540 τήν
682 2457 794 2539 ψυχήν
816 2454 1024 2545 ἐπεβάλοντο,
1052 2450 1146 2540 ι’ήτήν
1168 2446 1264 2539 ἧτταν
1284 2452 1327 2532 οἷς

224 2556 528 2642 ἐξάκαταμαχήτου
550 2557 717 2638 δυνάμεως
739 2558 922 2638 α’νελύμενοι
953 2558 1056 2623 ούκέτι
1078 2560 1234 2642 δευτέρως
1253 2554 1325 2620 ἐπι·
1351 2548 1354 2558 ’

223 2666 344 2742 χειρεϊν
366 2657 570 2739 ἐδοκίμασαν.
629 2660 717 2723 πάσα
750 2659 785 2722 δὲ
810 2655 900 2734 πόλις
930 2655 1142 2745 ἐπερχόμενον
1174 2656 1271 2723 αύτόν
1292 2658 1326 2723 ἐν

295 2816 322 2869 5.
339 2813 479 2877 scissos?
565 2818 609 2872 22.
632 2818 774 2891 δευτέροις
792 2817 822 2873 0.

224 2967 396 3019 iurandorum
416 2971 443 3017 et
459 2966 612 3032 pactionum
630 2966 694 3018 fscti
712 2973 781 3019 sunt.
819 2966 867 3019 'sed
882 2965 928 3018 hic
943 2965 1076 3034 intrepido
1094 2972 1122 3018 et
1136 2964 1222 3018 nobili
1239 2965 1326 3019 animo

225 3039 316 3091 divino
338 3038 466 3105 suffragio
484 3051 528 3089 res
548 3052 609 3090 suas
626 3037 747 3090 tribuens
766 3036 867 3090 nullam
885 3038 1017 3089 rationem
1037 3037 1133 3089 horum
1152 3037 1259 3090 habuit:
1279 3040 1326 3092 sed

224 3110 368 3162 conferens
387 3110 546 3177 pravitatem
565 3116 592 3159 et
609 3109 721 3162 iniurias
741 3125 831 3161 eorum
852 3117 926 3161 etse
944 3109 1029 3161 malos
1048 3110 1179 3161 vinitores
1214 3116 1241 3160 et
1266 3116 1326 3161 tur.

222 3198 271 3249 pes
290 3181 361 3231 bono
381 3182 469 3231 animo
491 3181 651 3244 excussisse,
669 3196 705 3231 nc
731 3181 912 3249 gloriarentur
938 3180 1001 3232 lruic
1027 3181 1173 3232 convenire
1201 3181 1232 3232 ad
1260 3196 1326 3247 pro.

173 3313 177 3317 ι
223 3253 339 3318 positum
357 3253 471 3302 studium
492 3258 518 3300 et
540 3252 726 3303 ascensionem
745 3253 822 3321 regni
842 3260 869 3303 et
879 3252 930 3318 ipsi
948 3251 1081 3303 beneficia
1099 3251 1210 3318 indigne
1228 3266 1326 3318 repor-

224 3328 324 3383 tarent,
345 3322 395 3371 iter
414 3321 527 3386 incipite
546 3321 702 3375 insidiantes
724 3332 822 3386 autern,
843 3324 888 3389 qui
907 3322 983 3373 multi
1004 3329 1078 3373 erant
1090 3322 1245 3389 etuudique
1258 3338 1326 3375 con.

223 3390 351 3455 fluebant,
371 3390 509 3442 ululabant
533 3398 657 3460 tanquam
683 3393 764 3445 catuli
791 3403 818 3445 et
842 3393 975 3445 latrabant
1003 3401 1032 3444 nt
1058 3408 1156 3446 canesr
1184 3395 1326 3459 quominus

225 3470 311 3514 autern
332 3463 364 3513 ad
382 3477 473 3513 manus
495 3462 557 3513 huic
576 3464 701 3515 venirent
722 3473 748 3516 et
765 3464 868 3517 bellum
887 3473 1078 3529 consererent,
1106 3471 1177 3515 metu
1204 3470 1231 3513 et
1259 3463 1326 3515 lior.

224 3548 286 3585 rore
305 3533 499 3597 retinebantur,
517 3532 582 3585 licet
602 3549 684 3602 saepe
702 3536 735 3587 ad
754 3536 806 3587 hoc
825 3537 939 3587 transire
959 3535 1083 3586 excitati:
1103 3534 1197 3587 sedat
1221 3536 1253 3587 de
1279 3534 1326 3585 lu-

227 3605 300 3658 daeis
318 3607 446 3671 scriptum
469 3612 518 3667 est,
537 3606 617 3657 rubro
636 3607 702 3657 mari
722 3606 809 3660 diviso
828 3608 916 3658 siccos
935 3621 988 3666 ecs.
1000 3607 1139 3658 transiisse
1157 3620 1207 3672 per
1225 3605 1326 3659 aridum

225 3692 300 3727 muro
320 3693 336 3727 u
354 3677 448 3727 dextro
469 3683 496 3726 et
514 3692 588 3728 muro
608 3693 624 3727 a
644 3677 753 3730 sinistro
772 3678 892 3729 adstante
912 3692 1008 3745 aquae,
1028 3678 1066 3728 ita
1084 3677 1129 3728 hic
1159 3675 1247 3728 simile
1273 3678 1326 3727 mi-

225 3745 346 3797 raculum
365 3747 463 3798 iactum
484 3755 545 3799 cett
564 3754 593 3799 ut
615 3749 684 3800 enim
703 3748 787 3800 amuis
808 3750 925 3815 undique
946 3755 1137 3800 concurrentes
1158 3756 1185 3799 et
1210 3748 1327 3799 circum.

224 3815 359 3868 vallantes
379 3834 438 3868 eum
458 3817 549 3871 hostes
568 3827 679 3887 tangere
699 3820 770 3872 lruuc
790 3828 816 3871 et
843 3818 944 3870 bellum
969 3819 1059 3870 subire
1083 3833 1137 3869 nou
1164 3826 1226 3889 suut
1252 3819 1326 3870 nusi:

225 3887 400 3940 similitudine
420 3897 507 3940 autem
526 3890 671 3942 satellitum
691 3893 843 3943 comitatum
862 3890 1003 3941 iecerunt:
1023 3891 1177 3957 quicunque
1196 3889 1326 3939 autemad

224 3957 378 4010 bellandum
397 3960 512 4024 proiecti
534 3969 623 4026 erant,
649 3970 695 4013 aut
718 3963 845 4014 cadentes
871 3962 969 4012 misere
994 3961 1076 4012 vitam
1102 3960 1257 4011 amittebant
1281 3966 1328 4013 ant

227 4028 329 4081 cladem
349 4037 379 4079 ut
398 4044 431 4080 ex
450 4030 552 4082 invicta
571 4034 691 4098 potentie
708 4034 830 4101 perpessi
848 4047 903 4084 non
922 4033 974 4083 iam
991 4048 1082 4083 rursus
1102 4032 1213 4100 aggredi
1224 4037 1328 4100 statue-

227 4109 305 4163 runt:
325 4100 405 4153 urbes
425 4109 513 4152 nutem
534 4116 627 4155 omncs
645 4106 832 4157 advenientem
853 4119 913 4155 eum
930 4103 960 4155 in
977 4102 1032 4155 alto
1054 4112 1081 4155 et
1106 4102 1197 4155 divino
1225 4101 1329 4153 lacerto

228 4168 347 4224 libenter
370 4180 397 4223 ct
415 4170 499 4228 mults
518 4187 578 4225 cam
602 4173 683 4228 laude
712 4184 740 4228 et
764 4174 924 4231 elamoribus
954 4174 1132 4246 excipiabent.
1169 4172 1330 4227 mercenarii
