2875 4734
577 219 787 287 nrsnoum.
843 221 857 234 ⁸
1182 214 1227 286 br

131 375 338 458 πειραθέντες
362 376 581 461 ἐλεεινότεροι,
603 383 680 454 πᾶσι
711 389 777 455 τοῖς
804 378 1088 466 φισκοσυνηγόροις
1108 379 1231 446 όποκσ-

130 474 348 556 τοικλινόμενοι
385 478 441 540 καί
466 481 639 563 ψοφοδεεῖς
662 473 775 561 ὄντες,
804 477 859 544 καί
886 477 922 543 τό
944 485 1035 564 ξίφος
1058 481 1231 564 ἠρτημένον

129 580 303 658 μονονουχὶ
322 574 398 642 κατό
420 578 475 660 τῆς
496 570 621 642 ἑαυτῶν
644 582 786 664 κεφαλῆς
807 580 1047 653 ἐποπτεύοντες.
1077 582 1231 663 ἐνέσκηψε

132 676 168 738 δέ
190 672 224 737 τό
248 673 352 740 δεινόν
377 680 431 741 καί
462 668 537 760 άχρι
559 683 622 744 τῶν
650 670 885 765 ῶφοορισμένων
911 688 982 754 τοῖς
1003 680 1104 754 θείοις
1127 689 1233 764 σηκοῖς

105 772 188 848 5καό
209 780 459 862 φροντισεηριόις
478 786 676 864 σιεηρεσιόον,
696 785 863 863 πανταχοῦ
891 785 952 844 τῶν
972 782 1137 863 ἐπαρχιῶν
1158 782 1243 850 δια-,

118 865 305 958 ταγμάτοιν
333 881 545 964 πεμφθέντων
567 883 804 966 άνερευνάσθαι
832 881 907 966 περί
933 883 1054 964 τούτων
1075 885 1131 944 καί
1151 875 1234 944 α’να-

133 975 299 1058 κρίνεσθαι
323 978 397 1053 τούς
415 982 617 1063 θεραπευτάς
648 985 711 1048 τῶν
736 979 849 1065 ἱερῶν,
871 985 926 1047 καί
948 986 1012 1048 τῶν
1031 979 1076 1065 μῆ
1097 980 1234 1064 εόλόγως

102 1137 106 1140 .
134 1076 222 1160 τάχα
255 1079 428 1158 διδομένων
456 1079 514 1164 τῆν
543 1083 633 1148 δόσιν
665 1080 883 1153 ἐκκόπτεσθοι.
935 1085 1006 1147 ἐπεί
1037 1085 1072 1146 δέ
1097 1083 1157 1166 πρό
1180 1084 1235 1164 τῆς

135 1175 284 1263 τοιαύτης
316 1179 444 1266 ἐρεύνης
465 1179 551 1268 ἔφθη
575 1187 617 1271 τῷ
638 1183 744 1270 χρεῶν
772 1181 965 1264 όιβασιλεός
993 1180 1231 1265 λειτσυργῆσας,
1293 1238 1296 1242 .

91 1298 125 1352 10
136 1275 288 1364 ἐκράτησε
309 1277 400 1363 λόγος
421 1277 455 1345 ἐν
476 1277 594 1349 ἅπασιν
617 1279 666 1359 ότι
691 1285 827 1366 ου’ρανία
860 1281 960 1374 πληγῆ
989 1286 1154 1348 τοῦτονέκ
1174 1285 1236 1361 μέ-

135 1401 193 1442 σου
229 1385 396 1464 πεπόνηκε,
431 1384 626 1465 πειροόμενον
658 1384 832 1447 ἀλλοιῶσαι
858 1383 897 1447 τό
926 1385 1030 1458 καλῶς
1065 1374 1237 1465 δεδογμένα

135 1479 216 1564 πρός
239 1479 296 1562 τῆν
320 1481 437 1564 εόσεβῆ
460 1484 654 1567 διανέμησιν.

232 1588 279 1652 Ἐν
302 1590 337 1652 δέ
358 1593 401 1676 τῷ
419 1594 569 1656 τελευτάν
596 1593 763 1676 ἠβουλήθη
795 1594 1020 1678 χειροτονῆσαι
1041 1595 1176 1674 βασιλέα
1197 1594 1237 1655 δι’

138 1686 255 1755 ἑαυτοῦ
275 1692 328 1754 καί
357 1687 458 1778 τούτῳ
486 1689 542 1775 τῆν
564 1692 735 1774 Ῥωμαίων
762 1697 942 1778 ἐγχειρίσαι
973 1692 1087 1776 άρχην,
1110 1692 1165 1755 καί
1184 1689 1238 1756 διά

90 1806 125 1858 15
135 1785 335 1873 γραμμάτων
364 1789 433 1855 τινά
464 1793 667 1876 πρωτεύοντα
690 1799 882 1879 κεκλημένον
910 1798 1009 1879 πολλῆ
1030 1794 1155 1877 σπουδῆ
1176 1815 1237 1873 με-

136 1891 342 1971 τεπέμψατο·
394 1897 581 1982 προέφθασε
621 1896 656 1957 δὲ
685 1893 703 1976 ῆ
733 1895 834 1958 αότοῦ
865 1891 996 1976 τελευτῆ
1023 1893 1082 1975 τῆν
1117 1895 1237 1956 ἐκείνου

138 1992 292 2074 σπουδῆν.
314 1989 406 2077 ἔζησε
426 1994 456 2055 δ’
479 1991 709 2077 όΜονομάχος
730 1996 764 2060 ἐν
785 1997 825 2081 τῇ
845 1993 992 2082 βασιλείᾳ
1013 1993 1149 2078 χρόνους
1172 1991 1239 2056 δῶ-

138 2093 214 2156 δεκα
237 2097 292 2156 καί
311 2094 413 2176 μῆνας
432 2087 520 2158 ἑπτά.

240 2196 311 2256 Καί
331 2191 444 2259 αὐτίκα
467 2198 532 2260 τῶν
556 2195 749 2279 πραγμάτων
769 2194 942 2279 ἐπελάβετο
963 2200 1018 2261 καί
1035 2201 1092 2281 τῆς
1115 2219 1271 2282 μοναρ-ρ,
1294 2220 1370 2280 1054,

91 2296 212 2378 ρρχίας
234 2293 370 2378 αότῆςῆ
402 2303 721 2381 προμνημονευθεῖσα
744 2298 899 2380 Θεοδοόρα
920 2295 1095 2380 Αύγοόστα
1118 2301 1236 2382 (προοι-

137 2399 237 2476 πεβίω
261 2392 323 2478 γάρ
355 2394 373 2478 ῆ
402 2395 517 2482 ταύτης
533 2398 763 2482 αέταδέλφη),
794 2400 849 2460 καί
876 2396 989 2481 μηδενί
1017 2400 1078 2462 τῶν
1110 2398 1237 2479 ἀνδρῶν

137 2497 319 2579 ἐθελῆσυσα
353 2500 572 2582 συζευχθῆναι
608 2497 681 2581 μῆν’
723 2493 826 2571 άλλως
855 2497 1124 2580 συμβασιλεύειν,
1155 2495 1267 2580 αὐτῆς,
1287 2521 1370 2578 1772,

136 2593 219 2683 μόνη
241 2595 293 2660 διό
309 2599 371 2662 τῶν
389 2600 626 2684 θαλαμηπόλων
647 2600 811 2682 εόνσύχων
829 2602 893 2665 τῶν
914 2595 994 2664 όλων
1013 2597 1239 2685 α’ντεποιῆσατο

211 2757 238 2809 ό.
258 2759 475 2831 ἐνακρένασθαε
492 2758 521 2813 0.

139 2921 275 2974 actoribus
294 2921 407 2999 subiecti
427 2931 454 2974 et
472 2923 568 2991 trepidi
588 2931 678 2988 essent
697 2931 724 2977 et
744 2925 861 2996 gladium
881 2939 1036 2993 suspensum
1055 2941 1140 2994 paene
1161 2941 1239 2996 supra

140 3008 189 3045 saa
207 2995 293 3059 capita
312 2997 519 3064 suspicarentur.
558 2997 653 3048 iniecit
673 3005 761 3048 autem
780 2997 927 3065 perieulum
954 3013 1039 3065 usque
1058 2997 1090 3048 ad
1110 3013 1151 3061 ea,
1171 3015 1239 3065 quae

140 3064 271 3115 destinata
298 3074 371 3117 eraut
396 3067 494 3118 divinis
521 3067 627 3133 templis
654 3077 680 3118 et
706 3068 810 3120 horreis
829 3077 1036 3131 commeatuum,
1055 3064 1123 3118 ¹cum
1142 3067 1240 3136 ubique

140 3137 338 3202 provinciarum
350 3139 421 3188 iussa
435 3139 611 3202 mitterentur,
631 3141 696 3191 utin
709 3140 775 3191 haec
788 3141 977 3208 inquireretur,
999 3148 1025 3189 et
1044 3139 1241 3206 interrogarent

141 3208 272 3258 antistites
301 3207 458 3274 templorum
488 3216 514 3258 et
540 3209 572 3259 iis
594 3210 639 3276 qui
666 3225 720 3261 non
740 3209 864 3264 volentes
896 3211 990 3263 statim*
1012 3210 1123 3272 darent,
1143 3209 1239 3260 donum

142 3279 286 3344 eriperent.
334 3294 392 3330 oum
412 3286 499 3329 autem
525 3287 586 3330 ante
603 3279 670 3331 hanc
690 3281 890 3349 inquisitionem
917 3290 1029 3348 repente
1049 3280 1103 3331 sato
1123 3297 1171 3331 rex
1190 3296 1239 3331 oc.

142 3348 286 3413 oumberet,
303 3351 392 3401 extitit
409 3364 495 3400 sermo
515 3351 585 3402 inter
604 3366 710 3415 omnes,
742 3353 887 3404 coelestem
906 3352 1010 3421 plagam
1029 3351 1099 3402 huno
1120 3367 1134 3402 e
1153 3352 1239 3403 medio

141 3419 291 3484 sustulisse,
313 3438 370 3472 cum
391 3429 531 3472 coneretur
552 3429 652 3472 mutare
678 3437 747 3489 quae
766 3424 798 3475 ad
815 3426 884 3490 piam
905 3425 1157 3476 administrationem
1176 3423 1240 3489 pui-

142 3490 206 3542 ohre
226 3501 317 3543 esseut
335 3500 440 3544 statuta.

140 3605 145 3610 ,
242 3562 296 3613 Sub
315 3564 393 3614 finem
413 3559 485 3615 vitae
505 3563 593 3617 voluit
611 3579 704 3616 creare
723 3580 814 3632 regem
833 3581 882 3630 per
901 3583 930 3618 se
949 3568 1007 3632 ipse
1027 3573 1054 3614 et
1072 3563 1134 3614 huic
1154 3563 1239 3616 Grae.

142 3649 234 3685 eorum
252 3634 358 3686 tradere
385 3635 538 3701 imperium,
560 3642 586 3685 et
613 3635 698 3686 literis
719 3638 805 3686 virum
825 3639 954 3703 quendam
972 3635 1120 3703 prinoipem
1139 3648 1240 3685 evoca.

141 3713 196 3756 tum
221 3703 303 3755 multo
329 3721 389 3756 cum
415 3706 502 3756 studio
528 3706 686 3767 arcessivit3
712 3707 854 3756 antevenit
878 3716 965 3758 autem
983 3709 1068 3774 ipsius
1087 3706 1146 3756 iiuis
1166 3705 1240 3756 iilius

141 3777 263 3828 studium.
292 3777 359 3827 vixit
377 3783 464 3828 autem
474 3775 661 3829 Mouomachus
681 3776 708 3826 in
727 3777 840 3843 imperio
853 3792 936 3830 annos
956 3777 1093 3830 duodecim
1114 3784 1140 3827 et
1164 3792 1241 3827 men-

141 3863 184 3898 ses
203 3853 314 3912 septem.
1172 3845 1180 3856 '

239 3934 327 4001 mque
346 3936 432 3986 statim
450 3951 537 3986 rerum
557 3937 639 4002 potita
659 3943 699 3984 est
718 3940 745 3983 et
757 3933 869 3998 imperio
880 3934 936 3999 ipsa
950 3943 1027 3986 antea
1041 3942 1244 3987 commemorata

140 4006 278 4058 Theodora
296 4006 416 4072 Augusta
435 4011 528 4075 (antea
548 4007 616 4058 enim
636 4004 740 4056 obierat
758 4003 836 4053 huius
856 4009 957 4073 soror),
978 4013 1004 4055 et
1022 4006 1089 4057 nulli
1109 4007 1168 4056 viro
1188 4020 1241 4056 vo.

141 4077 200 4128 iens
219 4077 320 4128 nubere
345 4092 433 4144 neque
460 4078 538 4128 aliter
558 4093 616 4128 cum
636 4090 769 4145 quoquam
789 4090 902 4142 regnare
931 4077 988 4142 ipsa
1013 4077 1071 4128 sola
1096 4092 1144 4144 per
1163 4075 1241 4128 cubi.

143 4147 248 4201 eulares
262 4146 400 4199 eunuchos
417 4150 524 4200 summis
543 4149 627 4217 potita
648 4155 688 4200 est
706 4145 835 4216 paullum,
854 4145 950 4198 deiude
970 4148 1093 4201 deferens
1112 4147 1243 4214 nobilium
