2875 4734
510 345 514 351 ·
564 311 790 381 tttstolttl.
839 328 861 333 ’·
928 330 931 335 ·
1167 318 1266 415 της

139 488 235 546 poet,
259 465 313 531 τόν
340 466 578 553 ἀποβεβληκότα
599 471 656 557 τήν
674 478 841 555 βασιλείαν
861 475 916 541 καί
933 477 984 541 σοι’
1003 476 1121 563 ταύτην
1142 485 1239 566 προί.

137 587 254 645 μενον,
274 565 328 631 τόν
351 566 386 630 ἐκ
407 571 605 656 πορφυρίδος
633 571 910 659 ῥακοδυτήσαντα,
944 576 999 642 τόν
1020 581 1065 651 εἰς
1086 583 1155 660 βίον
1177 606 1240 663 μο-

137 667 217 751 νήρη
244 665 522 750 μιταλλαξόμενον
556 673 692 750 καὶτοῖς
721 681 838 760 γηίνοις
867 677 963 743 πᾶσιν
991 670 1237 761 α’ποτοιξιὶμενον,

135 766 192 829 τόν
213 770 334 851 οἷσδενή
356 769 409 833 καί
427 777 616 856 παρειμένον
631 778 687 840 καί
706 774 910 842 α’κεοοοδόνου
930 782 1050 859 μᾶλλον
1064 782 1238 861 θεραπείας

106 864 193 930 5καί
204 871 416 959 ψυχαγωγίας
436 870 649 960 ε’πιδεόμενον,
664 876 716 941 τὸν
729 864 923 961 οἷπειρηκότα
937 887 1001 954 τοῖς
1023 874 1121 959 όλοις,
1138 878 1239 943 oiade-

133 968 248 1031 νοόντα
277 972 332 1032 nat
351 969 625 1059 κακουχούμενον,
653 976 707 1041 τόν
733 978 775 1053 ιδς
809 978 952 1061 κάλαμον
972 981 1238 1063 συντετριμμένον

131 1070 191 1132 καί
218 1060 350 1151 ὄμβροις
379 1072 526 1155 δακρόοον
564 1071 745 1163 ἒκτετηκότα
777 1078 852 1154 τοδς
889 1075 1080 1165 όφθαλμοός
1105 1083 1162 1145 καί
1198 1079 1235 1145 τό

54 1172 59 1181 ’
132 1168 321 1263 πρόσωπον,
365 1172 434 1235 ἀλλ’
466 1175 497 1237 εἰ
524 1174 579 1239 κατ’
608 1182 707 1244 ταῦτα
740 1182 874 1243 τοιαῦτα
904 1182 959 1245 καί
987 1185 1126 1247 τοσαῦτα
1158 1180 1235 1266 πρὸς·

132 1269 503 1356 πειθοόπορακλήσεως,
529 1278 651 1357 μᾶλλον
681 1280 716 1342 δὲ
740 1284 836 1343 πλείω
867 1278 1000 1365 τούτων,
1035 1275 1098 1369 όσφ
1122 1280 1176 1361 καί
1196 1276 1233 1344 τό

87 1379 122 1432 10
132 1370 297 1453 ἄργελικόν
318 1378 429 1457 σχῆμα
449 1382 619 1460 σιωπήροῖς
640 1402 691 1443 σοι
711 1378 906 1462 παρίσταται
927 1378 1005 1464 πρὸς
1026 1380 1234 1465 παράκλησιν,

133 1472 215 1556 cittii
243 1472 283 1539 οδ
318 1473 441 1550 πάντως
472 1482 516 1565 τῷ
543 1481 639 1565 θυμῷ
659 1482 714 1545 καί
734 1482 772 1565 τή
793 1481 949 1567 ἐπιθυμίᾳ
974 1481 1031 1543 τοῦ
1052 1480 1234 1563 βασιλεύειν

62 1606 71 1621 ·
132 1576 292 1656 ἐπιμανῶς
325 1578 381 1640 καί
407 1576 586 1659 α’κορόστως
612 1577 649 1644 τό
680 1587 788 1645 πλεῖον
817 1584 872 1664 τής
903 1580 1004 1665 ῥοπῆς
1033 1580 1233 1661 ε’πιδοόσιιας,

130 1674 210 1758 μήτε
233 1674 266 1741 τό
291 1679 401 1760 σχήμα
429 1675 617 1759 αι’δοόμενος
644 1679 723 1763 μήτε
748 1680 805 1763 τήν
833 1683 984 1769 μήτριήαν
1006 1679 1120 1765 θηλήν,
1143 1672 1181 1762 ἧς
1203 1676 1234 1743 οἱ

131 1775 243 1851 παῖδες
264 1773 385 1841 ἐκείνου
407 1776 462 1841 κατ’
480 1777 532 1841 σοί
552 1779 689 1865 ἀδελφοί
719 1785 830 1855 κοινοῖς
851 1782 1071 1865 μετεσχήκατε.
1116 1772 1231 1861 ὄψεται

87 1876 121 1929 15
132 1876 168 1937 δὲ
188 1874 314 1953 πάντας
337 1878 391 1941 κατ’
411 1879 448 1941 σε’
469 1900 542 1941 ποτε
565 1872 651 1958 όμμα
663 1869 838 1957 τιτανῶδες
859 1885 914 1945 καί
929 1882 1079 1965 κρόνιον,
1100 1882 1154 1943 καί
1173 1878 1231 1953 τός
1249 1876 1251 1885 ’

130 1974 231 2058 ιόχσς
246 1999 297 2040 σοι
318 1975 398 2061 πρός
419 1976 478 2061 τήν
498 1976 612 2059 δμοίοιν
634 1977 833 2065 παραστήσει
853 1977 1021 2064 κακότητα.

226 2074 323 2143 Ἀλλοὶ
352 2079 456 2141 ταῦτα
482 2081 544 2160 μὲν
575 2077 618 2155 ιός
647 2082 681 2143 s’v
701 2082 743 2168 τῷ
774 2082 948 2169 τραγῳδίας
979 2078 1094 2166 τρόφει
1120 2076 1172 2145 διό
1195 2075 1356 2155 τόλ204τ.

128 2177 230 2254 πόθος
246 2180 553 2263 παρεκβατικοότερον
570 2178 703 2266 εἴρηται.
748 2182 1010 2266 ἐπιφοιτήσαντος
1027 2183 1061 2244 δὲ
1076 2172 1132 2246 τοῦ
1147 2205 1231 2264 παμ-

100 2298 108 2316 ·
130 2280 280 2342 κακίστου
308 2275 432 2342 τοότου
452 2282 506 2343 καί
527 2272 669 2346 όνοοιόυ,
686 2278 944 2365 προστάγματος,
967 2282 1113 2365 δεότερος
1135 2279 1230 2345 πόλιν

85 2376 217 2460 λθιίμοόν
236 2377 253 2441 δ
274 2380 349 2461 περί
370 2382 478 2461 ψυχῆς
507 2371 563 2443 καί
582 2377 682 2464 φόβος
704 2370 769 2454 οἷος
794 2381 850 2444 καί
876 2378 984 2456 κλόνος
1008 2366 1235 2463 ιῖπαραμόδήέ

131 2503 184 2555 τος
203 2476 259 2544 τόν
280 2483 314 2544 ἐν
332 2477 495 2556 τοσοότοις
515 2481 668 2563 κατέλαβε
689 2477 924 2565 δυστυχήμασι.
981 2478 1030 2542 διό
1054 2481 1109 2543 καί
1129 2484 1230 2555 λιταῖς

131 2582 492 2655 commutavimus
513 2582 689 2665 α’ρχιερίων
717 2582 920 2662 ἐκυλινδεῖτο,
942 2580 997 2645 κατ’
1018 2578 1075 2664 τήν
1097 2582 1131 2645 ἐκ
1152 2578 1229 2645 τοό-

130 2706 194 2747 των
213 2677 377 2766 βοήθειαν,
399 2676 457 2770 όση
480 2706 529 2759 τις
549 2683 569 2767 ή
592 2682 697 2788 ἰσχύς,
717 2679 798 2765 μετὰ
821 2681 1003 2749 κατωδόνου
1028 2686 1082 2747 καί
1102 2680 1230 2769 ἀφορή-

131 2999 175 3063 sit,
196 2997 242 3065 qui
261 2996 289 3047 in
306 2996 387 3048 vitam
406 2974 551 3050 solita’riam
569 2996 715 3060 transierit,
736 3001 763 3044 et
780 2994 895 3044 terrenis
914 2992 1034 3044 omnibus
1059 3007 1089 3043 sa
1118 2990 1227 3044 abdica.

55 3095 79 3141 ¹·
132 3070 212 3133 verit,
232 3068 277 3136 qui
293 3068 411 3121 inlirntns
431 3076 458 3119 ct
474 3068 586 3119 relictus
607 3066 688 3117 luerit
715 3072 742 3115 et
767 3064 851 3131 magis
878 3062 986 3113 dolores
1010 3060 1129 3111 leniente
1154 3060 1229 3115 cultu
1271 3102 1273 3105 .

132 3141 265 3207 animique
283 3139 464 3192 moderamine
482 3136 637 3202 indiguerit,
656 3135 702 3202 qui
721 3132 881 3201 defatigatus
901 3132 1021 3182 omnibus
1042 3129 1230 3197 ‚aegrotaverit
1319 3174 1327 3190 .

132 3219 159 3262 et
177 3219 288 3263 vexatus
309 3213 359 3274 sit,
379 3210 424 3277 qui
445 3216 474 3258 ut
492 3205 607 3256 calamus
629 3205 768 3257 conlectus
793 3206 827 3257 sit
857 3211 883 3254 et
910 3202 1035 3254 imbribus
1060 3201 1229 3254 lacrimarum

130 3291 278 3335 maceratus
302 3285 331 3333 in
350 3279 437 3330 oculis
464 3284 491 3327 et
518 3289 573 3327 ore.
611 3276 657 3329 sed
677 3276 780 3327 etiamsi
796 3275 863 3327 haec
880 3273 944 3325 talia
963 3282 989 3324 et
1013 3282 1085 3325 tanta
1102 3274 1134 3325 ad
1163 3289 1227 3327 sua-

131 3352 217 3405 delam
235 3349 423 3406 admonitionis
442 3348 502 3399 sive
520 3348 610 3413 potius
632 3348 673 3400 his
691 3348 792 3399 maiora
811 3347 960 3414 pertinent,
984 3345 1141 3411 praesertim
1167 3361 1228 3398 cum

130 3424 236 3478 habitus
255 3422 415 3475 monasticus
434 3420 514 3469 tacite
533 3418 581 3470 tibi
600 3420 686 3471 adstet
703 3419 736 3471 ad
753 3418 975 3471 admonitionem:
994 3417 1041 3469 scd
1064 3425 1093 3468 tu
1118 3418 1226 3469 omnino

129 3499 218 3548 animo
238 3502 265 3546 et
282 3490 420 3558 cupiditati
437 3490 568 3557 regnandi
590 3492 669 3542 avide
694 3499 721 3543 et
745 3492 906 3557 impotenter
932 3489 1072 3556 plurimum
1100 3488 1227 3539 momenti
1251 3538 1255 3543 ,

130 3567 282 3627 tribueres,
309 3577 398 3630 neque
417 3561 533 3613 habitum
554 3564 656 3613 veritus
674 3578 763 3630 neque
790 3571 933 3614 maternam
963 3573 1121 3622 mammam,
1150 3558 1226 3608 cuius

128 3638 180 3691 lilii
199 3636 273 3687 illins
292 3635 384 3702 tuique
403 3632 499 3685 fratres
518 3648 603 3700 aeque
626 3636 770 3700 participes
790 3633 888 3685 fuistis.
926 3630 1027 3682 videbit
1051 3635 1137 3678 autem
1166 3641 1226 3679 om.

128 3711 194 3775 nino
214 3707 293 3757 etiarn
312 3714 338 3757 et
355 3703 497 3771 aliquando
517 3703 610 3756 oculus
628 3706 742 3771 puniens
761 3712 788 3754 et
807 3702 964 3770 perliniens,
985 3707 1011 3749 et
1027 3697 1158 3751 fortunam
1176 3699 1226 3752 tibi

129 3795 178 3849 pro
197 3776 278 3847 simili
299 3778 444 3829 constituet
468 3777 608 3843 pravitate.
1241 3788 1244 3795 ·

230 3864 282 3919 Sed
300 3864 367 3915 haec
387 3865 461 3933 quasi
479 3866 508 3915 in
525 3862 681 3931 tragoediae
700 3862 785 3913 frusto
800 3867 909 3927 propter
928 3857 1046 3910 dolorem
1064 3858 1143 3911 latius
1163 3864 1226 3911 sunt
1257 3884 1263 3894 τ

130 3939 210 3990 dicta.
230 3936 312 3989 allato
332 3944 419 3988 autem
440 3935 559 4001 permalo
572 3934 623 3985 hoc
643 3942 670 3983 et
686 3934 768 3999 impio
789 3932 875 3983 edicto
895 3929 1005 3981 alterum
1024 3947 1115 3982 rursus
1135 3938 1225 3981 certa.

128 4024 189 4061 men
208 4010 281 4062 vitae
301 4014 328 4059 et
345 4016 432 4059 terror
450 4007 545 4073 ingens
565 4013 592 4056 et
610 4003 687 4056 turba
703 4001 874 4054 immutabilis
893 3998 963 4052 hunc
981 4002 1060 4053 tantis
1073 4000 1149 4051 malis
1169 4001 1226 4049 cir.

129 4081 276 4134 cumdatutn
295 4079 409 4130 deiecitz
430 4078 599 4145 quamobrem
620 4077 698 4127 etiarn
721 4072 845 4142 precibus
870 4081 931 4125 ante
956 4073 1038 4139 pedes
1065 4070 1226 4122 summorum

127 4150 164 4201 ibi
183 4151 346 4205 versantium
364 4149 518 4216 pontificum
543 4163 573 4199 se
591 4148 723 4214 proiecit,
750 4154 776 4197 et
796 4144 889 4197 horum
910 4144 1047 4205 auxilium,
1068 4143 1164 4207 quanta
1184 4148 1224 4193 est

128 4222 171 4274 vis
203 4240 262 4274 cum
288 4223 387 4273 misero
412 4227 440 4272 ct
465 4217 630 4271 intolerabili
654 4220 771 4285 impetu,
805 4216 947 4268 invocabat
979 4212 1074 4264 calide.
1114 4212 1224 4269 aderant

168 4318 255 4397 μοι.
274 4318 354 4371 ιτα
373 4314 441 4370 σοι.
1010 4308 1043 4361 ιι
