2875 4734
581 233 788 305 tatsaoutd.
1163 226 1235 303 185

135 394 314 465 Ῥουτίλιον
335 399 533 481 δμεμαθὴκει
553 397 633 483 πρὸς
653 397 711 481 τὴν
743 381 917 481 α’ντιπίραν
938 393 1238 479 στρατοπεδεύσασ-

139 501 208 574 θαι,
228 498 285 581 τὴν
312 499 346 562 ἐκ
378 500 434 581 τῆς
456 502 518 563 τῶν
536 500 758 583 Ἀρμενιακῶν
784 492 904 582 δραντα
928 492 1009 577 μετὰ
1038 498 1155 579 πολλῆς
1178 490 1241 563 ’καί

139 596 303 680 α’γρὺπνου
323 600 378 681 τῆς
398 595 552 676 ἱππασίας
575 598 630 664 καί
656 597 841 674 ε’πιτόσεως.
883 602 1012 677 πέμψας
1044 598 1078 660 δὲ
1111 594 1127 659 ὑ
1154 598 1237 659 Καί·

139 720 202 779 σαρ
224 699 300 779 περί
318 702 493 783 συνθηκῶν·
520 699 609 787 αὑτῷ
628 702 681 763 καί
698 699 843 783 εἰρήνης,
873 697 915 772 οὑς
939 694 1039 781 εἰκός,
1068 690 1236 771 διελίξατορ

111 795 250 871 5οόιιόν
270 795 330 886 ἴσιρ
352 800 387 862 δὲ
409 802 453 887 τῷ
474 800 527 883 τῆς
549 799 646 884 τόχης
669 798 910 881 οἷποτελὲσμοιτί
930 820 962 863 τε
993 799 1047 861 καί
1077 793 1237 879 συγκυρή-

135 921 214 978 ματι
237 895 295 981 τήν
316 893 487 980 πρεσβείαν
507 897 702 987 εἰσήνεγκεν,
726 900 795 965 οὔδ’
817 899 872 966 τ’πί
901 900 1080 985 φιλοτίμοις
1108 894 1238 979 ἐπαγγε·

135 1000 221 1072 λίαις
241 1002 297 1064 καί
315 1001 464 1082 δωρεαῖς,
486 1000 558 1064 ἀλλ’
587 1004 641 1067 ε’πί
664 1002 852 1067 ταπεινώσει
880 998 936 1063 καί
962 999 1132 1085 συμβουλῇ
1155 997 1239 1079 τάχα

135 1098 196 1163 τοῦ
212 1095 257 1182 μή
281 1100 407 1183 οἶπηνιός
428 1100 483 1162 καί
501 1103 650 1181 χαλεπαῖς
682 1104 954 1185 διαχειρισθῆναι.
998 1096 1014 1163 ό
1045 1099 1080 1162 δὲ
1106 1093 1239 1163 Ῥσοσό-

135 1195 291 1278 λιοςόίμα
313 1202 373 1279 μὲν
394 1208 465 1275 ταῖς
491 1202 589 1275 ἰδίαις
611 1200 705 1283 χερσί
727 1204 879 1285 θαρρῶν,
908 1196 977 1281 ἅμα
1005 1202 1039 1264 δὲ
1069 1197 1124 1261 καί
1143 1204 1243 1261 πολε-ν

92 1301 232 1381 γρμικοό
256 1299 457 1384 φρονήματος
493 1300 547 1364 καί
568 1300 785 1385 γενναιότητος
814 1306 914 1366 πνέων
922 1346 933 1379 ,
956 1302 1011 1363 οὑκ
1033 1296 1157 1376 ἐδέξατο
1181 1297 1247 1381 τῆν’

135 1405 304 1485 πρεσβείαν
333 1398 377 1475 οὑς
401 1401 620 1483 α’τιμόζσυσοιν
652 1402 754 1466 αὑτοῦ
776 1400 833 1485 τὴν
855 1399 950 1483 ἶσχόν
969 1404 1024 1465 καί
1046 1400 1239 1463 δπειλοὺοαν

133 1498 189 1564 καί
207 1499 281 1583 οόχί
298 1502 499 1587 δεξιουμένην
531 1500 629 1567 αὑτὸν
651 1501 856 1584 ὑποσχέσεσι.
911 1504 968 1565 καί
987 1498 1156 1565 διδ-τοῦτο
1177 1498 1237 1562 πό.

134 1606 237 1688 λτμος.
255 1601 378 1686 α’μφοίν
399 1599 637 1687 δπτιιηρυκεόθη
660 1610 725 1676 τοῖς
740 1606 880 1683 μέρεσιν.
923 1600 1079 1685 ἐπεχείρει
1099 1602 1159 1682 μὲν
1180 1592 1237 1662 οὑν

135 1698 303 1783 ὑΚαῖσαρ
326 1701 379 1765 διό
403 1705 460 1783 τῆς
477 1702 620 1788 γεφὺρας
644 1706 863 1786 περαιωθῆναι
886 1705 955 1767 κατ’
980 1702 1096 1766 αὑτοῦ·
1140 1721 1236 1764 συνε-

90 1820 125 1872 15
133 1802 266 1882 βοὺλευε
289 1803 320 1862 δ’
341 1800 357 1863 ὑ
380 1802 597 1888 συστράτηγος
621 1796 674 1888 (ἧν
696 1807 726 1867 δ’
752 1794 844 1879 οὑτος
866 1803 1053 1888 Νικηφόρας
1072 1823 1235 1883 κουροπα-

134 1898 229 1986 λα’της
253 1900 269 1964 ό
295 1903 517 1985 Βοταντιότης,
540 1901 620 1986 ιιίηρ
645 1900 677 1981 ἐξ
696 1902 831 1981 ἐνδόξων
860 1902 1025 1985 γενόμενος
1044 1900 1098 1965 καί
1119 1923 1236 1984 προγο.

134 1998 222 2085 νικῆν
256 1999 339 2084 ἔχων
370 2000 426 2086 τὴν
450 2000 681 2087 στρατιωτικὴν
711 2002 932 2087 γενναιότητα,
963 2005 1018 2066 καί
1039 2000 1119 2066 κατὰ
1140 2008 1235 2087 χεῖρα

133 2102 189 2167 καί
208 2105 310 2187 φρένα
332 2098 456 2167 πόντων
477 2104 667 2188 ὑπερφέρων
694 2105 751 2166 καί
779 2103 1021 2186 ὑπερκείμενος,
1054 2105 1108 2167 κατ’
1127 2107 1364 2186 pervertitis

133 2206 330 2287 λαμπρότητι
357 2201 412 2266 καί
440 2208 623 2289 περιουσίας
653 2204 814 2286 όλβιότητι
842 2202 921 2269 κατοὶ
955 2206 1061 2268 πᾶσαν
1080 2197 1234 2281 ἀνατολὴν
1307 2234 1310 2239 ·

88 2302 301 2387 γρτυγχόνων
330 2304 574 2390 ἐπισημότατος)
606 2302 650 2388 μη
692 2306 841 2387 διαβῆναι
878 2302 933 2368 τόν
964 2302 1124 2384 ποταμόν,
1151 2296 1231 2364 ιίλλό

101 2398 104 2401 ’
134 2410 314 2486 περιμεῖναι
343 2405 398 2467 καί
423 2401 457 2467 τό
491 2403 600 2468 λοιπόν
619 2408 678 2469 τοὺ
704 2406 863 2487 στρατοῦ,
895 2401 949 2467 καί
969 2396 991 2488 ἢ
1011 2399 1233 2481 καταμαλόξσι
1275 2426 1284 2477 ᾗ

133 2502 185 2567 τόν
206 2500 369 2587 βόρβαρον
389 2503 600 2587 ὑποσχέσεσιν
622 2508 657 2569 ἑκ
678 2506 733 2588 τῆς
762 2499 974 2587 ὑπερθέσεως,
995 2495 1016 2586 ἢ
1038 2496 1233 2586 περαιούμε-

133 2625 187 2669 νον
207 2606 242 2667 ἐκ
263 2605 318 2687 τῆς
339 2602 484 2691 γεφύρας
504 2606 659 2683 δέξασθαι
682 2601 918 2688 ἀπαράσκευον,
941 2599 962 2687 ἢ
981 2599 1058 2686 μετό
1082 2599 1139 2685 τὴν
1160 2604 1232 2666 ἐπι.

134 2706 252 2788 δημίαν
273 2707 331 2769 τοὺ
357 2707 520 2771 ἐπιλοίπου
541 2706 776 2793 στρατεύματος
796 2704 875 2790 μετό
899 2710 1040 2782 πλειόνσς
1060 2703 1159 2793 ιοότφ
1178 2706 1234 2787 τῆς

205 2858 230 2909 2.
253 2854 381 2927 ι’ίρανταε
398 2857 428 2913 G.

133 3003 387 3071 perterrefactum
406 3020 464 3056 cum
482 3006 564 3059 multa
584 3006 803 3071 atindefatigata
828 3004 963 3070 equitandi
989 3009 1015 3055 ct
1033 3002 1145 3069 impetus
1165 3010 1230 3053 arte.

134 3074 239 3142 legatos
256 3076 361 3127 mittens
381 3075 480 3130 Caesar
497 3078 530 3128 de
548 3075 717 3142 pactionibus
746 3089 805 3124 cum
829 3088 861 3124 eo
882 3083 908 3125 ct
926 3074 959 3124 de
977 3088 1053 3141 pace,
1069 3080 1098 3123 ut
1118 3086 1230 3141 acquum

135 3154 207 3209 erat,
230 3148 302 3213 egit,
319 3164 407 3216 neque
435 3157 522 3198 tamen
540 3150 567 3197 in
587 3148 644 3211 pari
662 3146 784 3197 fortunae
814 3152 912 3196 eventu
941 3152 968 3196 et
986 3158 1049 3195 casu
1067 3143 1230 3212 legationem

133 3216 247 3281 induxit,
264 3234 353 3286 neque
373 3217 513 3285 generosis
531 3217 669 3283 promissis
689 3224 716 3267 et
733 3217 826 3282 donis,
846 3216 893 3271 sed
913 3223 1047 3268 contemtu
1068 3223 1094 3266 et
1115 3213 1228 3266 consilio

133 3295 233 3339 tantum
251 3304 306 3340 non
324 3302 436 3355 asperae
457 3294 483 3336 et
501 3287 619 3338 difficilis
637 3289 814 3340 tractationis.
852 3287 1035 3341 sediluselius
1063 3288 1109 3356 qui
1129 3293 1155 3338 et
1174 3286 1229 3337 suis

133 3358 253 3410 manibus
279 3360 427 3411 confideret
446 3365 472 3407 et
498 3358 623 3409 bellicam
650 3361 840 3428 cogitationem
865 3360 1086 3427 nobilitatemque
1106 3359 1229 3425 spiraret,

132 3443 186 3481 non
205 3433 311 3497 accepit
328 3429 508 3496 legationem,
535 3432 634 3498 quippe
654 3447 723 3501 quae
749 3434 805 3483 eius
825 3432 879 3484 vim
899 3438 1081 3484 contemneret
1102 3437 1129 3480 et
1146 3430 1231 3479 minas

133 3502 217 3551 ferret
235 3515 325 3568 neque
343 3500 548 3566 amplecteretur
568 3518 626 3553 eum
645 3504 797 3569 promissis:
818 3511 897 3572 atque
916 3503 984 3556 hanc
1005 3503 1038 3553 ob
1056 3516 1112 3552 rem
1130 3497 1232 3549 bellum

132 3570 253 3636 utrisque
272 3570 399 3622 indictum
419 3579 459 3623 est
477 3574 605 3640 partibus.
626 3574 749 3626 studebat
766 3576 847 3643 igitur
866 3574 963 3628 Cacsar
982 3580 1063 3640 ponte
1082 3568 1232 3635 transgredi

134 3648 323 3693 contiacum:
346 3643 474 3695 suadebat
493 3654 581 3697 autem
601 3645 709 3714 collega
729 3646 786 3696 eius
810 3647 916 3712 imperii
940 3650 1012 3713 (erat
1031 3642 1074 3693 liic
1094 3637 1231 3705 llicepho-
1318 3656 1321 3665 ¹

132 3727 179 3766 rus
198 3712 366 3779 curopalates
385 3714 548 3782 botaniates,
567 3716 645 3767 homo
663 3717 696 3769 ab
716 3715 864 3769 illustribus
885 3718 1011 3767 oriundus
1030 3718 1057 3763 ar
1075 3712 1150 3780 quasi
1170 3712 1231 3762 avi..

133 3792 185 3835 tam
204 3782 305 3836 habens
322 3785 464 3839 militarem
483 3788 668 3852 nobilitatem,
690 3796 716 3838 et
735 3803 813 3839 manu
834 3795 861 3838 et
879 3787 989 3854 ingenio
1008 3784 1128 3836 omnibus
1149 3798 1231 3849 prae.

133 3862 206 3907 stans
228 3864 254 3906 et
273 3859 410 3923 superior,
431 3870 457 3911 et
475 3861 583 3928 generis
602 3859 746 3926 splendore
776 3866 803 3908 et
818 3872 906 3909 rernm
930 3857 1089 3909 abundantia
1112 3854 1229 3906 inomni

133 3929 238 3978 oriente
259 3926 447 3999 clarissimus),
465 3947 500 3982 ne
523 3930 632 3983 fluvium
651 3931 786 3994 transiret,
814 3931 860 3981 sed
879 3936 1045 3998 exspectaret
1065 3928 1143 3978 etiam
1162 3923 1230 3974 reli-

1 4010 13 4032 *
52 4001 55 4007 ’
133 4012 212 4064 quum
233 4000 388 4064 exercitum,
410 4011 488 4070 atque
507 4012 553 4053 aut
572 4001 706 4053 emolliret
721 4000 858 4052 barbarum
869 4002 1005 4068 promissis
1024 3996 1167 4056 dilatando,
1187 4000 1231 4044 aut

131 4073 326 4137 transgressum
348 4086 381 4122 ex
400 4082 480 4140 ponte
499 4076 638 4140 exciperet
655 4074 821 4139 imparatum,
840 4080 885 4125 aut
903 4072 1113 4141 postadventum
1132 4062 1230 4133 reliqui

133 4141 266 4196 exercitus
286 4142 387 4195 maiore
407 4159 465 4197 cnm
485 4153 612 4214 apparatu
631 4144 693 4197 huic
706 4144 855 4197 obveniret.
879 4140 915 4197 'is
935 4150 1020 4197 autem
1039 4137 1164 4207 neglecto
1178 4132 1229 4189 hoo
