2875 4734
532 188 763 304 'merosus
814 263 818 269 ,
1163 208 1211 276 ιν

209 364 439 453 Ὀρθριιύτιρον
469 369 504 432 δέ
535 365 780 450 προσβαλόντων
806 373 872 442 τοῖς
897 365 1083 452 ἀνακτόροις
1113 392 1213 452 στρα-

108 466 265 532 τιωτικιόν
287 466 414 550 α’νδριόν
432 469 485 531 καί
504 467 654 549 γενναίων
673 466 755 549 μετύ
782 467 890 552 ῥοίζου
922 470 1040 532 πολλοῦ
1061 472 1117 534 καί
1137 455 1223 552 βοῆςΙ

107 565 164 631 καί
182 566 264 650 η’χῆς
284 572 464 650 σαλπίγγων
476 591 510 632 τε
530 567 586 632 καί
604 566 753 650 βακίνων,
774 564 882 650 οόσπερ
904 571 1028 655 τοφοόνι
1047 568 1213 653 βληθείςό

107 662 259 750 βασιλεύς
282 668 325 752 τῷ
350 668 477 756 ἐξαισίῳ
498 670 552 750 τῆς
570 668 724 752 ταραχῆς,
746 671 808 733 ταῖν
829 668 1012 752 ἀνακτόρων
1032 666 1125 743 ἐκδύς
1145 694 1213 755 φν-

80 764 167 850 5γύς
188 758 287 854 ᾤχετο
312 765 493 843 διαπόντιος
516 770 561 842 εἰς
580 766 639 848 την
659 771 716 832 τού
730 770 884 833 Σπουδίου
902 766 1012 853 μονήν,
1032 773 1087 833 καί
1104 792 1213 853 περιε-

105 866 243 948 χόμενος
263 868 326 932 τιύν
356 867 483 932 α’δύτων
510 868 640 952 α’παθης
667 872 856 955 ἐφιλονείκει
884 872 1124 954 σαντηρηθῆναι
1158 872 1214 933 καί

106 965 152 1051 μὴ
181 968 269 1042 δίιιας
293 969 405 1032 δούναι
429 971 489 1033 τού
504 968 807 1052 οἷνοσιοοργήματος.
862 967 931 1033 ἀλλ’
951 971 970 1052 ἦ
993 971 1064 1052 δίκη
1080 969 1137 1053 την
1152 993 1213 1033 κα-

107 1067 239 1152 ταδίκην
261 1069 346 1156 αὕτη]
369 1068 426 1132 ούκ
446 1071 491 1144 εἰς
513 1066 641 1154 μακρόν
659 1067 842 1150 (ἐνεβάλετο.
886 1063 1022 1144 ἅπαντας
1043 1066 1106 1152 γὰρ
1126 1071 1210 1151 βρύ-

105 1191 216 1252 χοντες
236 1174 303 1233 κατ’
337 1171 440 1233 edred
469 1172 640 1253 εἰσηλασαν
670 1171 714 1243 εἰς
746 1167 782 1231 τό
812 1165 915 1252 ἱερόν,
946 1170 1003 1232 καί
1021 1171 1075 1256 βίηι
1098 1170 1211 1235 ταύταν

63 1294 96 1346 10
107 1268 197 1341 ἐκτός
218 1266 405 1346 ἑλκύσαντες
428 1267 545 1358 ἡμιόνῳ
565 1273 627 1335 τῶν
647 1270 873 1355 ιύιελεστέρων
896 1270 951 1332 καί
965 1273 1117 1334 ταπεινῶν
1130 1265 1212 1356 φόρ-

104 1393 157 1434 τον
177 1373 289 1434 τοότον
320 1372 445 1435 τιθέασι
476 1376 721 1452 καταγέλαστον.
780 1368 835 1433 καί
859 1363 939 1452 οἴχρι
967 1371 1023 1432 τού
1053 1372 1210 1453 Σίγματος

105 1467 291 1556 φθάσαντος
303 1468 403 1553 δόγμα
419 1474 625 1555 κατεφοίτησε
637 1473 692 1553 τῆς
704 1467 905 1554 Λόγσόστης,
920 1466 977 1552 την
991 1467 1133 1551 πήρωσιν
1147 1472 1210 1535 τοῖν

106 1569 283 1654 ὀφθαλμῶν
296 1572 397 1636 edred
419 1570 474 1635 καί
488 1573 545 1654 rori
561 1573 787 1656 πατραδέλφοο
802 1566 899 1635 αύτοῦ
912 1574 969 1635 τοῦ
982 1573 1210 1652 νωβελλισίμοα

106 1670 220 1734 αύτίκα
236 1669 489 1753 ἐγκελευόμενον·
512 1671 610 1754 συνῆν
629 1670 692 1754 γὰρ
714 1674 770 1736 καί
791 1662 883 1746 οὗτος
904 1671 1002 1759 edepl,
1028 1667 1210 1752 σύμβουλος

62 1789 96 1840 15
106 1765 175 1851 ἅμα
198 1773 252 1834 κατ’
265 1767 450 1856 συλλήπτωρ
467 1771 522 1836 καί
536 1773 592 1855 τῆς
607 1774 732 1854 οἰκτρᾶς
744 1770 860 1854 ταύτης
872 1773 968 1856 τύχης
984 1769 1132 1848 κοινωνός
1147 1797 1209 1835 κα-

106 1870 306 1952 θισιόμινος.
349 1877 589 1956 κατενεχθέντες
612 1864 669 1936 οόν
690 1877 752 1937 τῶν
772 1868 908 1956 ἡμιόνων
928 1875 1059 1954 οίτίμως,
1084 1873 1209 1938 πόντων

106 1968 262 2054 όροόντων,
285 1968 343 2048 τός
355 1972 462 2092 κόροις
482 1975 545 2037 τιόν
566 1970 746 2058 σ’φθαλμιόν
768 1970 989 2057 έκεντὴθησαν.
1032 1996 1088 2036 και
1107 1997 1209 2036 συνα-

104 2071 302 2152 ποβόλλονσι
325 2072 382 2148 τός
403 2068 495 2156 όιγιις
518 2099 555 2161 τη
542 2076 745 2161 βασιλεία,
767 2077 823 2136 καί
839 2095 996 2160 μοναχικη
985 2074 1209 2156 παραδιδσν-

103 2197 158 2238 ται
176 2175 277 2260 βιοτῇ,
302 2171 441 2260 διήγημα
472 2176 631 2259 γενόμενοι
659 2173 852 2297 σκυθρωπόν
872 2185 940 2250 τοῖς
957 2179 1132 2256 μετέπειτα,
1154 2173 1210 2238 και

60 2289 94 2342 20
105 2295 186 2354 προς
213 2271 249 2337 τό
292 2283 431 2358 κρεῖττον
464 2273 682 2357 ἐπανόρθωσις
712 2299 776 2338 των
797 2274 1007 2358 α’γνωμονειν
1034 2275 1208 2338 ἐθελόντων

104 2371 184 2454 πρός
203 2375 278 2451 τούς
301 2374 575 2460 εύεργετήσαντας.
631 2375 818 2456 ἐβασίλευσε
850 2376 885 2439 δὲ
915 2371 1092 2457 όΜιχαηλ
1114 2363 1208 2447 σότος

104 2477 209 2558 μῆνας
230 2473 349 2556 μόνους
368 2481 466 2542 πέντε.

209 2578 276 2660 Τῆς
290 2578 324 2640 δέ
356 2576 564 2686 δεσποίνης’
549 2602 583 2642 εκ
609 2578 664 2661 τῆς
696 2575 869 2662 ὑπερορίας
896 2536 1132 2695 ἐπανελθούσης
1152 2576 1209 2640 και

104 2700 163 2762 την
183 2679 350 2759 βασιλείαν
372 2661 468 2754 αὖθις
497 2677 737 2763 όναλαβούσης,
768 2680 955 2764 συνέρχεται
987 2677 1087 2763 ταύτῃ
1109 2672 1208 2758 καιῆ

162 2839 203 2890 15.
223 2837 305 2910 τύχης
325 2853 375 2889 om.
389 2837 567 2907 &supplevit
586 2840 664 2892 etiam
681 2840 823 2906 interpres.
900 2838 940 2891 18.
960 2840 1007 2905 τῆς
1022 2840 1166 2911 βασιλείας
1174 2837 1204 2891 (l.
1249 2816 1257 2836 ἐ

204 2977 270 3030 Gum
296 2986 383 3029 autem
409 2993 485 3030 mane
514 2980 723 3048 aggrederentur
751 2979 852 3046 regiam
877 2979 1007 3029 militares
1037 2978 1158 3030 homines
1181 2985 1208 3030 et

105 3049 189 3100 sortes
206 3048 290 3099 multo
311 3065 369 3099 cum
393 3050 505 3100 tumultu
527 3059 554 3101 et
575 3050 692 3102 clamore
717 3059 744 3100 et
767 3050 856 3100 sonitu
881 3050 1001 3099 tubarum
1018 3048 1206 3100 buccinarum.

105 3135 166 3188 que,
186 3121 261 3188 quasi
280 3120 386 3171 turbine
405 3122 472 3172 ictus
491 3136 540 3171 rex
559 3122 685 3172 immensa
702 3120 873 3183 turbatione,
893 3122 969 3187 regia
989 3117 1113 3185 e‘gressus
1132 3119 1206 3187 lugi-

103 3193 175 3242 tivus
193 3207 223 3242 se
245 3193 375 3258 corripuit
391 3200 462 3243 trans
481 3208 553 3243 mure
575 3193 606 3242 ad
617 3192 701 3244 Studii
725 3189 888 3242 domicilium
908 3199 935 3240 et
952 3190 1117 3256 amplectens
1135 3198 1206 3240 tem.

103 3263 176 3328 plum
204 3262 345 3312 incolumis
370 3263 490 3314 studebat
514 3265 616 3314 servari
639 3267 728 3330 neq'ue
756 3277 856 3328 poenas
877 3261 985 3313 solvere
1006 3261 1103 3312 nefarii
1122 3261 1206 3325 laeti3

103 3334 150 3384 sed
169 3335 270 3384 iustitia
288 3348 400 3399 poenum
427 3337 451 3384 ei
476 3349 529 3384 non
549 3334 592 3385 diu
612 3333 730 3395 distulit3
763 3348 854 3385 omnes
884 3335 954 3384 enim
973 3333 1117 3386 frementes
1136 3348 1205 3384 con-

103 3413 142 3454 tra
162 3419 221 3454 eum
240 3405 396 3455 invaserunt
413 3405 557 3470 templum,
579 3413 605 3456 et
628 3406 656 3456 vi
676 3403 747 3454 bunc
767 3414 841 3456 extra
860 3403 995 3455 trahentes
1016 3404 1088 3455 mulo
1110 3421 1143 3456 ex
1159 3407 1205 3456 vi.

103 3475 217 3526 lioribus
236 3482 264 3525 ct
280 3475 418 3526 humilium
438 3490 505 3526 onus
521 3475 590 3527 hune
604 3477 742 3542 imponunt
760 3475 900 3527 ridiculum
919 3484 999 3543 atque
1018 3477 1104 3526 donec
1116 3475 1205 3542 Sigma

102 3555 181 3597 antea
199 3547 413 3610 inustum‘esset‚
432 3547 567 3597 decretum
592 3549 731 3613 praecepit
750 3547 887 3615 Augustae
914 3547 1090 3598 ademtionem
1107 3545 1204 3596 oeulo-

101 3633 158 3668 rum
181 3619 238 3668 eius
258 3626 285 3668 et
303 3618 428 3669 avunculi
442 3619 499 3667 eius
512 3616 672 3670 nobilissimi
687 3619 775 3670 statim
793 3620 966 3684 imperatum3
987 3618 1079 3668 aderat
1096 3617 1206 3666 enimet

102 3688 146 3738 hic
166 3690 192 3738 ei
211 3690 333 3739 conscius
352 3687 429 3739 simul
443 3696 470 3739 et
483 3689 580 3751 socius,
600 3698 626 3740 et
640 3689 718 3740 buius
733 3691 847 3740 miserae
861 3689 982 3739 lortunae
996 3688 1130 3754 particeps
1143 3688 1204 3738 cxi.

102 3768 192 3821 stens;
213 3759 293 3810 delati
312 3761 393 3828 igitur
412 3758 517 3809 emulis
535 3761 647 3826 turpiter
666 3761 789 3811 omnibus
807 3758 987 3825 spectantibus
998 3757 1114 3824 pupillas
1134 3773 1202 3808 ocu.

77 3869 79 3876 .
101 3829 187 3882 lorum
211 3831 334 3896 expuncti
354 3838 422 3893 sunt,
443 3838 469 3880 et
488 3829 565 3880 simul
584 3831 698 3897 perdunt
715 3830 821 3881 luminu'
835 3846 893 3879 cum
906 3843 1000 3899 regno,
1020 3838 1046 3880 et
1064 3829 1204 3881 monachi.
1248 3885 1250 3889 Ι

103 3915 150 3951 cae
168 3901 306 3952 traduntur
319 3903 401 3963 vitae,
423 3899 513 3951 fabula
532 3901 594 3951 ldcti
609 3903 692 3953 tristis
704 3902 828 3966 posteris,
848 3909 875 3951 et
886 3916 965 3952 eausa
982 3901 1083 3967 lastigii
1102 3915 1203 3961 eorum,
1379 3906 1381 3916 ¹

102 3973 146 4038 qui
166 3973 264 4040 ingrati
285 3987 344 4024 esse
372 3970 499 4024 volebant
528 3988 593 4040 erga
617 3971 686 4022 bene
705 3972 739 4022 de
766 3987 796 4023 se
814 3972 932 4024 meritos.
970 3973 1095 4040 regnavit
1116 3853 1395 4062 antem}

100 4042 217 4095 llichael
233 4043 277 4093 hic
296 4058 401 4096 meuses
422 4042 495 4094 solos
514 4045 641 4111 quinque.

202 4113 267 4168 Cum
288 4121 375 4166 autem
399 4114 505 4166 domina
531 4130 565 4166 ex
588 4115 733 4183 peregrina
750 4123 822 4168 terra
847 4115 948 4168 rediret
966 4123 993 4165 et
1009 4125 1120 4180 regnum
1141 4124 1203 4162 rur-

156 4211 239 4266 dlt'el.
259 4209 342 4266 duat.
361 4209 428 4265 llos.
484 4231 492 4242 ⁸
1001 4212 1019 4262 2
