2875 4734
565 277 805 346 maroam
1169 232 1236 348 sti

141 432 291 513 σιλεόσας
310 429 441 521 ὕστερον
458 438 596 522 Μιχαηλ
620 437 655 503 ἐκ
667 442 724 525 τῆς
745 434 920 525 ὑπερορίας
938 439 1126 525 μεταναγιόέ
1147 427 1243 525 salap-

144 535 265 621 γεσίαις
286 537 340 602 καί
360 548 467 622 τιμαῖς
487 539 740 626 κατελάμπρννε
759 546 813 608 καί
832 540 908 626 πρός
929 538 985 627 την
1011 536 1127 608 iactat
1150 543 1242 627 α’νὲρ·
1284 564 1285 567 ’

144 659 246 721 ρωσεν
277 631 414 728 εόνοιαν.
466 632 558 719 οότος
593 633 649 706 σόν
669 643 890 725 γενναιότατος
917 640 997 709 κατά
1019 650 1114 726 χεῖρα
1136 646 1243 725 τελῶν,

144 738 202 830 καί
220 737 458 822 ἀλκιμώτατος,
481 739 569 826 εἴπερ
594 740 855 830 τιςάνθροόπων,
875 744 974 809 δοκοόν
996 744 1050 807 διά
1073 739 1109 807 τό
1134 750 1245 826 πεῖραν

117 841 259 905 5δοόναι
285 843 340 923 τη”ς
370 835 488 906 ἑαυτοῦ
527 842 728 929 δοκιμότητος
759 846 793 907 ἐκ
825 848 885 909 τεόν
917 841 1114 931 φθασάντων
1142 843 1246 907 αότοό

144 938 462 1026 ἀνδραγαθημάτων,
484 942 600 1027 πολλὴν
622 946 765 1021 ἐνέσταξε
793 950 980 1030 προθυμίαν
1003 954 1069 1021 τοῖς
1090 943 1247 1030 στρατιιό·

143 1067 231 1123 ταις,
261 1045 295 1107 ἐν
324 1038 391 1132 οέρρι
418 1042 608 1125 καταλαβών
636 1051 809 1131 πολεμικῆς
839 1045 1019 1122 ἐπιδόσεως.
1069 1044 1123 1110 διά
1142 1043 1245 1111 ταῦτά

145 1164 195 1205 τοι
218 1144 274 1205 καί
294 1136 433 1225 ἄραντος
464 1148 498 1209 ἐκ
522 1148 656 1223 Δοκείας
689 1151 745 1211 τοῦ
766 1150 936 1231 Διογένους
966 1143 1172 1233 ἐπεφάνησαν
1194 1144 1252 1209 καί

145 1240 176 1307 οἱ
197 1242 254 1306 τοῦ
272 1247 429 1324 βασιλέως
445 1242 500 1329 τάς
523 1250 661 1330 σημαίας
683 1246 934 1333 όπερτεταμένας
956 1250 1152 1333 ἐκφέροντες.
1177 1248 1244 1311 ἀλλ’

101 1338 163 1415 ιοό
182 1341 339 1427 Ἀλοάτης
369 1342 491 1409 τοότων
519 1348 750 1431 κατεπαρθείς,
787 1344 923 1421 πολλοός
957 1350 1019 1411 τῶν
1041 1348 1245 1429 στρατιωτῶν

110 1451 113 1457 ’
146 1442 371 1529 σσναγηοχοός,
411 1445 547 1527 πόλεμον
581 1445 707 1523 τοότοις
742 1450 938 1531 προσέμιξεν.
994 1448 1182 1529 ἐρρωμένως
1209 1446 1381 1517 testor-v.

146 1540 399 1639 άντιτοξαμένων
422 1550 543 1632 autor,
578 1550 773 1629 καὶμᾶλλον
794 1550 1063 1669 ἐπιφημισθέντος
1083 1548 1140 1609 τοῦ
1162 1549 1242 1627 Kot-

146 1652 259 1715 σπίνοο
284 1656 431 1732 παρεῖναι
464 1648 519 1713 καί
535 1658 600 1724 τοις
627 1647 786 1733 Φράγγοις
818 1650 856 1733 τῇ
869 1650 1000 1735 πατρίῳ
1022 1649 1244 1729 διαλεχθέντος

147 1750 247 1875 φωνῇ,
270 1747 351 1833 πρός
371 1748 475 1835 φυγήν
495 1747 525 1814 οῖ
547 1753 604 1812 τοῦ
625 1747 781 1819 Ἀλοάτοο
806 1748 945 1823 ότάκτως
975 1771 1142 1873 ωρμησαν·
1186 1745 1244 1870 ἐφ’

98 1844 191 1923 “15ων
212 1852 292 1925 τινές
325 1852 382 1932 μὲν
403 1850 557 1924 οἶκοντιοις
588 1849 768 1933 ἀπέθανον,
790 1847 887 1925 άλοός
918 1850 946 1911 δ’
968 1844 1063 1921 αότός
1084 1846 1157 1922 τοός
1181 1850 1245 1964 σ’φ-

147 1949 292 2031 δαλμοός
322 1945 469 2034 ἐξεκόπη,
497 1950 580 2031 μετὰ
613 1954 767 2034 σκηνικῶν
792 1949 931 2033 σιδηρων
961 1946 1165 2032 περιωδόνως
1187 1946 1244 2022 τάς

147 2049 274 2136 ὁράσεις
309 2037 515 2133 ἀποβαλών,
551 2048 627 2139 όπερ
657 2050 776 2135 πολλὴν
812 2054 900 2136 ἐνῆκε
936 2057 1001 2125 τοῖς
1033 2044 1245 2134 στρατιώταις
1338 2063 1343 2071 “

99 2236 103 2240 ρ
148 2152 240 2215 α’νίαν
272 2148 325 2214 διὰ
347 2148 382 2214 τό
412 2154 469 2215 τοῦ
492 2150 607 2237 α’νδρός
640 2155 795 2237 ἐπίσημον
813 2149 893 2216 κατά
916 2152 1002 2235 μόνος
1029 2148 1084 2215 καί
1102 2146 1247 2233 γενναιό-

144 2274 246 2315 τατον.
1248 2306 1255 2319 .

101 2382 138 2435 ηρ
247 2350 456 2436 Περιάδονος
486 2356 515 2417 δ’
549 2352 566 2417 ό
601 2357 751 2439 Διογένης
782 2354 816 2416 ἐκ
852 2357 906 2436 τῆς
934 2354 1043 2439 φήμης
1071 2348 1246 2435 γενόμενος,

148 2449 235 2535 όμως
259 2451 294 2518 τό
317 2454 427 2519 λοιπόν
462 2449 546 2540 ἄγων
578 2460 698 2539 πλῆθος
723 2457 767 2531 εἰς
790 2453 844 2541 την
866 2455 1092 2520 Καππαδοκῶν
1118 2456 1252 2533 ἐνέβαλε

145 2560 223 2641 γῆν·
267 2554 322 2620 καί
341 2552 385 2631 εἴς
407 2582 436 2620 τι
459 2544 614 2644 φροόριον
633 2553 730 2621 άνιοόν
759 2551 1059 2641 Τνροποιόνοότως
1088 2551 1246 2635 όνομαζό-

146 2655 259 2739 μεόον,
291 2656 345 2720 ἐπί
373 2656 473 2744 λόφου
503 2664 646 2740 κείμενον
672 2657 814 2744 σ’χοροό,
841 2657 1028 2745 ἐκαραδόκει
1062 2654 1097 2721 τό
1120 2656 1243 2738 μέλλοις

147 2755 347 2840 πανταχόθεν
366 2756 622 2842 ,ἐπικαλούμενος
643 2756 839 2846 στρατιώτας
871 2761 916 2837 εἰς
942 2755 997 2845 την
1022 2752 1138 2824 ἑαυτοῦ
1158 2754 1245 2841 δρω-

213 2934 244 2987 b.
264 2914 375 2997 ἐτίναξε
395 2936 424 2991 (l.

148 3104 296 3156 contrarius
324 3103 375 3155 fuit
398 3120 447 3155 rex
465 3101 578 3155 Michael
599 3116 632 3151 ex
650 3100 747 3151 exsilio
775 3099 905 3152 reducens
929 3100 1070 3153 beneflciis
1090 3106 1116 3149 et
1134 3096 1247 3149 honori..
1302 3132 1305 3141 ,

148 3177 197 3227 bus
219 3175 369 3227 illustrabat
394 3176 466 3224 etin
492 3187 565 3222 suam
584 3170 743 3222 restituebat
767 3170 992 3237 benevolentiam.
1031 3172 1075 3221 hic
1095 3172 1177 3238 igitur
1194 3184 1247 3221 no.

147 3245 292 3300 bilissimus
310 3249 339 3298 in
357 3259 449 3295 manus
469 3257 552 3308 opere
573 3250 600 3292 et
618 3242 797 3295 validissimus
816 3245 840 3294 si
860 3246 919 3311 quis
939 3244 1073 3295 hominurn
1092 3244 1166 3295 visus
1185 3244 1248 3310 quia

148 3325 268 3384 spectata
287 3326 344 3369 erat
375 3316 432 3365 eius
458 3314 543 3365 virtus
569 3314 597 3364 in
626 3313 761 3380 prioribus
792 3316 849 3367 eius
868 3316 960 3380 lactis,
984 3315 1092 3368 multam
1121 3315 1249 3367 excitavit

147 3389 313 3442 voluntatem
332 3386 471 3449 militibus,
490 3394 611 3451 tempore
635 3400 681 3438 eos
701 3386 835 3452 accipiens
859 3386 954 3439 bellici
978 3387 1067 3439 studii.
1105 3395 1269 3453 propterea(

124 3462 229 3511 ¹etiam
255 3458 377 3526 proiecto
407 3458 535 3513 cllocea
560 3456 682 3525 Augusto
701 3468 882 3525 apparuerunt
909 3460 988 3511 etiam
1012 3460 1083 3525 regii
1102 3460 1179 3524 signa
1198 3472 1248 3507 ex.

147 3546 231 3598 pausa
254 3526 404 3580 efferentes.
451 3529 498 3580 sed
523 3528 633 3593 Alyates
658 3529 699 3581 his
726 3530 811 3582 elatus
844 3539 982 3598 postquam
1011 3527 1109 3579 multos
1137 3527 1249 3578 rnilitum

149 3602 241 3667 coegit
258 3599 358 3650 bellum
378 3599 418 3652 liis
437 3600 584 3652 admiscuit.
622 3600 728 3652 fortiter
747 3611 834 3653 autem
855 3602 896 3653 his
913 3599 1100 3652 resistentibus
1121 3606 1148 3648 et
1164 3598 1249 3663 magis

148 3672 305 3725 adhortante
315 3672 437 3739 Crispino
451 3680 480 3722 ut
500 3673 625 3722 adessent
645 3679 672 3723 et
693 3688 751 3724 cum
766 3673 874 3724 Francis
891 3672 980 3738 patria
999 3672 1091 3737 lingua
1109 3670 1247 3736 loquente,

147 3747 177 3796 in
202 3744 290 3811 lugam
309 3744 423 3809 Alyatae
450 3743 549 3794 milites
573 3744 633 3794 sine
662 3744 755 3793 ordine
780 3759 809 3795 se
833 3744 1057 3810 praecipitarunt.
1086 3742 1156 3793 iuter
1180 3754 1247 3808 quos

148 3814 272 3883 nonnulli
292 3815 387 3868 iaculis
406 3816 597 3897 ceciderunt,
590 3830 649 3881 ipse
669 3823 761 3896 captus
780 3814 865 3864 oculis
885 3815 1005 3878 privatus
1026 3820 1068 3865 est
1085 3814 1247 3865 iustrumen-
1326 3844 1331 3859 .

150 3888 184 3937 tis
203 3880 312 3938 tentorii
334 3887 429 3936 ferreis
447 3887 543 3937 misere
562 3887 649 3938 visum
668 3886 806 3937 amittens:
826 3886 851 3935 id
871 3884 941 3952 quod
958 3884 1065 3936 multam
1085 3885 1177 3935 iniecit
1194 3882 1246 3930 rui.

149 3957 241 4011 litibus
260 3958 453 4026 aegritudinem
471 3966 581 4025 propter
600 3958 651 4009 viri
677 3956 846 4023 splendorem
864 3957 971 4024 generis
992 3965 1019 4007 ct
1036 3955 1211 4007 nobilitatem.

70 4049 74 4067 '
155 4079 159 4084 -
249 4046 350 4098 Dolore
368 4054 455 4096 autern
473 4048 609 4114 Augustus
629 4060 663 4096 ex
683 4046 753 4096 lama
781 4044 920 4112 impletus,
940 4054 1027 4099 tamen
1045 4043 1176 4107 reliquam
1196 4038 1246 4089 du.

132 4113 215 4179 ὀεντ
238 4117 467 4171 multitudinem
460 4134 487 4171 ru
512 4118 696 4186 Cappadocum
730 4117 823 4169 incidit
846 4126 961 4170 terram:
995 4124 1021 4168 et
1045 4113 1078 4165 ad
1108 4108 1247 4162 castellam

72 4217 123 4276 ‘³2³
147 4190 281 4270 ⁴quoddam
304 4190 451 4246 mceadens
471 4190 637 4259 lyropoeum
657 4191 697 4263 (i.
719 4202 743 4242 ο.
764 4203 869 4247 caseum
889 4190 1021 4261 iaciens)
1039 4184 1199 4237 nominatum
1221 4189 1250 4237 et
1282 4201 1289 4207 ·
