2875 4734
178 161 249 230 132
455 147 674 223 nlcfllltttts
706 94 967 220 λἸΤλῙλΟΤλΕ

169 319 325 396 νοπόλεως
348 318 490 384 ἐλαύνων
512 315 670 402 ἐφαίνετο,
695 318 727 394 ἐξ
748 306 785 399 ἧς
806 311 826 394 ἡ
850 308 930 396 πρός
950 307 985 374 τό
1008 307 1113 372 Χλόατ
1134 299 1271 382 κάθοδος

168 418 223 487 διά
247 422 412 487 στενωπῶν
432 420 620 498 ἐπιγίνεται,
655 418 879 498 μεταστρέψας
909 436 966 495 την
984 410 1110 493 γνάμην
1141 408 1196 470 not
1216 403 1271 481 τός

167 526 306 609 σημαιας
327 523 359 585 ἐν
382 521 530 605 άριστερᾶ
565 515 784 603 ποιησάμενος,
809 509 1085 596 περιπλανώμενον
1105 510 1211 628 α’φηκε
1232 504 1267 570 τό
1334 559 1347 580 ,

165 622 392 708 στρατόπεδον,
413 617 470 702 την
489 617 669 701 ωρισμένην
691 613 836 736 α’ταρπόν
860 618 893 678 ἐν
921 615 1006 700 δεξια
1027 605 1270 695 προερχόμενον,

167 721 226 798 ἕως
248 720 339 807 φη’μη
372 721 598 802 καταλαβοῦσα
633 715 805 800 μετήγαγεν
836 707 915 779 αότό
943 709 1023 793 πρὸς
1052 735 1109 794 την
1128 732 1268 774 ιιαινοτο-
1277 715 1295 767 5

165 824 325 905 μηδεῖσαν
358 843 399 906 την
421 822 557 900 βασιλεῖ.
601 812 800 892 κατελθόντες
823 807 881 878 σόν
902 809 1082 894 ἀποτόμους
1108 807 1195 884 τινάς
1216 811 1271 873 καί

166 919 362 1005 κρημνώδεις
383 913 536 999 όδοός,’
523 941 555 982 εν
583 921 685 998 βαθεῖ
713 909 801 1004 τόπφ
820 911 874 978 τόν
907 914 1043 995 βασιλέα
1066 902 1269 993 κατασκηνιό-

165 1044 268 1101 σαντα
287 1013 421 1104 εόρομεν
441 1020 551 1103 ε’κεισε,
573 1041 630 1102 την
643 1019 771 1101 πρωτην
789 1011 947 1098 βοαλην’
931 1013 985 1076 ειιί
1004 1013 1091 1100 κακῷ
1108 1015 1173 1074 τάν
1190 1005 1270 1074 Ῥω-

165 1120 269 1201 μαίων
295 1119 414 1198 άιιλειός
435 1117 706 1198 άνανεωσάμενον.
765 1116 878 1180 διελών
906 1113 967 1199 γάρ
992 1115 1067 1200 διχῇ
1089 1109 1144 1175 τόν
1167 1135 1269 1194 στρα-

166 1219 240 1302 τόν,
263 1222 427 1305 παρέδωκε
454 1206 487 1284 τό
518 1215 724 1304 ἰσχυρότερον
750 1221 846 1300 μέρος
881 1218 924 1302 τῷ
956 1216 1144 1300 Φιλαρὲτηι,
1178 1212 1314 1294 despero

166 1319 396 1403 στρατιωτικὴν
428 1323 487 1402 μὲν
518 1321 674 1401 αόχοόντι
696 1316 864 1402 περιοπὴν,
892 1318 1029 1401 αἶσχροό
1058 1316 1093 1379 δὲ
1120 1316 1192 1395 βίον
1216 1315 1271 1377 καί
1333 1366 1337 1373 .

168 1421 419 1506 διαβεβλημένου
452 1419 660 1503 τυγχάνοντι,
699 1423 755 1483 καί
780 1421 822 1506 τῷ
848 1415 937 1481 ἔθνει
966 1417 1178 1502 μαχεσαμένην
1211 1417 1270 1495 μὲν

167 1518 354 1606 διαφόρως,
387 1517 420 1582 ἐν
451 1521 571 1592 δὲτοῖς
594 1523 751 1601 μεγίστοις
782 1517 1073 1600 καταπολεμηθέντι
1098 1511 1152 1576 καί
1171 1537 1270 1577 κατα-

165 1621 359 1704 φρονηθέντι
379 1616 421 1691 ὥς
444 1614 477 1681 τό
496 1615 587 1695 εἰκός,
606 1616 645 1678 οό
667 1614 731 1698 μην
752 1617 936 1702 ἀπεχομένην
950 1613 1086 1697 τούτων,
1110 1613 1177 1676 ἀλλ’
1199 1613 1270 1676 ε’πι-

164 1720 305 1800 τρέχονιι
342 1716 400 1800 την
442 1716 612 1800 ἡγεμονίαν
651 1715 703 1782 διά
744 1717 965 1802 φιλοκερδείας
998 1717 1053 1779 καί
1087 1712 1313 1801 φιλοδοξόας15

95 1848 99 1852 ·
165 1812 330 1882 ὑπόθεσιν.

267 1919 338 1983 Καὶ
356 1920 457 1984 ταῦτα
478 1923 537 2001 μὲν
559 1923 670 1984 τοῦτον
691 1914 745 1981 τόν
768 1919 884 2003 τρόπον
902 1916 1124 2037 ἐπράχθησαν,
1147 1919 1209 1981 τάν
1232 1917 1268 1979 δὲ

163 2021 376 2138 βορειοτδρων
402 2021 509 2107 μεροῖν
541 2014 556 2082 6
585 2016 737 2109 βασιλεὺς
760 2015 929 2099 ἐπελάβετο
951 2018 992 2080 δι’
1013 2011 1142 2103 εόρεσιν
1163 2014 1268 2099 χιόνος

163 2115 219 2180 καὶ
241 2116 365 2183 ὑδάτων
389 2121 543 2204 ψυχράν·
586 2118 732 2200 άιιραταῖς
753 2117 814 2211 γάρ
838 2115 943 2201 εἴχετο
966 2115 1094 2200 τοότων,
1114 2118 1149 2181 τὸ
1172 2141 1267 2198 σωμα

165 2214 246 2283 κατὰ
270 2216 349 2284 notul
373 2218 688 2303 διαθερμαινόμενος.
733 2214 788 2282 διά
812 2219 914 2309 ταῦτά
936 2241 985 2284 τοι
1006 2242 1058 2282 και
1054 2215 1314 2301 ἠναγκάσθητε)

163 2343 222 2402 την
244 2319 346 2405 ὅρμην
378 2320 559 2442 ἀλλαχόθεν
582 2345 714 2405 ποιησαι
742 2319 797 2385 nat
819 2319 1003 2405 φαλακην’
987 2343 1165 2404 επιστησαι,
1186 2311 1269 2401 τάσγε

164 2407 260 2504 άετο,
296 2419 349 2484 καί
376 2428 441 2498 τοῖς
462 2423 616 2497 ἐναντιοις
650 2420 847 2508 όντίπρφρον
869 2418 1017 2502 δύναμιν.
1071 2443 1125 2483 και
1146 2420 1190 2504 τά
1211 2420 1271 2498 μὲν

165 2520 289 2604 mataps
290 2542 331 2606 την
363 2516 499 2601 πόλεμον
534 2516 663 2584 ἔνοπλον
695 2513 964 2602 ἐγκατέλιπεν,ι
950 2543 1051 2606 εαοτηι
1037 2501 1109 2582 δὲ
1130 2517 1186 2626 παὶ
1204 2524 1270 2591 τοῖς

326 2764 341 2794 Ο

162 2833 212 2873 rex
231 2826 324 2871 comm
343 2819 540 2887 Romanopolin
565 2821 744 2889 proficiscens
769 2827 927 2886 appareret,
956 2835 990 2871 ex
1008 2835 1060 2888 qna
1078 2820 1218 2873 descensio
1237 2820 1270 2872 ad

164 2891 255 2944 Gbliat
275 2892 406 2959 angustiis
425 2891 463 2955 fit,
483 2899 586 2944 mutans
600 2893 759 2944 sententiam
779 2899 806 2942 et
824 2893 902 2958 signa
926 2891 954 2940 in
972 2893 1082 2944 sinistro
1101 2907 1184 2945 cornu
1202 2907 1269 2944 con-

163 2964 277 3016 stituens
297 2963 465 3015 oberrantem
484 2964 583 3015 dimisit
604 2964 750 3016 exercitum
772 2971 799 3015 et
820 2963 953 3014 definitam
972 2964 1043 3014 viam
1061 2981 1077 3015 a
1093 2965 1185 3016 dextra
1203 2978 1268 3030 pro-

163 3035 313 3098 cedentem,
333 3035 419 3085 donec
439 3033 508 3085 fama
527 3049 573 3086 eos
593 3050 733 3102 ooeupans,
754 3033 861 3085 reduxit
880 3035 990 3086 eumad
1009 3036 1079 3086 viam
1099 3051 1114 3086 a
1133 3052 1198 3103 rege
1216 3049 1269 3086 no-

161 3113 268 3157 vatam:
288 3106 476 3174 degredientes
495 3106 579 3172 igitur
603 3114 760 3172 praeruptas
779 3107 906 3172 quasdem
932 3113 960 3155 et
984 3107 1144 3173 praecipites
1163 3109 1222 3159 vias
1241 3107 1268 3156 in

160 3176 294 3243 profundo
324 3176 385 3226 loco
404 3191 496 3244 regem
519 3183 605 3227 castra
630 3176 772 3228 habentem
797 3178 947 3228 invenimus
966 3177 1057 3244 ibique
1075 3179 1184 3244 primam
1203 3193 1268 3229 sen-

160 3249 271 3298 tentiam
298 3245 369 3296 mulo
396 3247 557 3298 Graecorum
576 3247 727 3314 ingloriose
745 3248 921 3300 reficientem.
965 3248 1087 3300 dividens
1107 3250 1177 3300 enim
1195 3249 1267 3300 bila.

159 3320 226 3368 riam
247 3317 392 3368 exercitum
419 3317 525 3368 tradidit
549 3319 708 3370 validiorem
735 3328 836 3385 portem
861 3318 1017 3382 Philareto‚
1042 3322 1102 3372 viro
1125 3318 1269 3371 militarem

161 3389 271 3438 iactanti
291 3388 569 3454 circumspicientiam,
589 3389 661 3441 iritae
677 3397 764 3439 autem
784 3391 869 3456 turpis
884 3397 911 3441 et
927 3399 1079 3455 accusatae,
1099 3392 1187 3458 etqui
1207 3392 1267 3445 exi.

160 3461 214 3510 mie
233 3475 292 3508 oum
311 3458 412 3526 populo
432 3470 612 3528 pugnaverat,
631 3462 659 3511 in
678 3463 799 3512 maximis
817 3470 905 3512 antem
924 3463 1026 3517 reiecto
1047 3470 1074 3513 et
1089 3463 1216 3528 despecto
1237 3470 1267 3512 ut

159 3539 302 3597 parerat,
327 3538 415 3582 tamen
439 3545 493 3582 non
519 3531 668 3584 abstinente
688 3530 749 3596 his,
770 3532 817 3583 sed
835 3532 977 3583 allectante
999 3534 1139 3600 imperium
1157 3542 1267 3600 propter

160 3603 291 3680 avaritiae
311 3611 338 3652 et
356 3603 482 3655 vanitatis
501 3604 676 3670 propositum.

262 3690 351 3757 Atque
371 3691 438 3742 haec
463 3692 569 3759 quidem
589 3692 640 3742 boo
654 3692 733 3744 modo
755 3692 912 3745 factasunt
937 3693 1162 3760 septentrionales
1180 3702 1268 3745 autem

160 3768 251 3828 partes
269 3775 318 3811 rex
332 3765 474 3828 occupavit
489 3771 599 3829 propter
611 3771 744 3830 repertam
757 3766 847 3816 nivem
858 3773 885 3815 et
897 3779 979 3831 aquas
991 3765 1123 3844 frigidas·
1134 3767 1267 3833 impoten-

68 3887 71 3904 .
159 3840 201 3882 ter
222 3831 291 3881 enim
310 3833 451 3885 tenebatur
470 3834 512 3885 his
534 3849 629 3901 corpus
649 3836 693 3885 diu
714 3835 805 3886 calore
816 3836 960 3902 perfusum
998 3828 1142 3903 propter6n
1162 3836 1268 3906 quidem

160 3904 239 3956 etiam
258 3911 365 3956 coactus
390 3913 430 3956 est
448 3906 575 3971 impetum
595 3903 702 3958 aliunde
722 3907 813 3958 facere
833 3915 860 3957 et
878 3907 1038 3973 praesidinm
1058 3911 1269 3960 constituerent

159 3974 265 4041 quidem
285 3975 420 4039 censebat,
441 3983 468 4025 et
486 3974 607 4027 hostibus
627 3980 787 4030 contrariam
805 3980 877 4044 vim,
898 3986 925 4028 ot
945 3977 1080 4031 Philareto
1100 3978 1201 4031 bellum
1221 3993 1268 4029 ar-

158 4058 260 4102 mornm
277 4045 403 4126 reliquit,
429 4044 480 4098 sibi
499 4054 587 4097 autem
606 4055 633 4098 et
652 4049 698 4117 qui
717 4065 777 4101 enm
797 4066 831 4101 eo
851 4057 927 4105 eraut
941 4049 1042 4105 bellum
1065 4044 1136 4122 q'nod
1154 4066 1188 4102 ex
1206 4047 1268 4102 loeo
