2875 4734
205 232 311 359 τιό
414 285 423 297 ·
458 277 717 382 --urculuus
749 266 1009 343 nrrlmorla

178 540 183 547 ,
203 477 342 559 βυτέρας
358 471 484 554 Ῥῶμης
504 460 655 549 μεταθεῖς
675 454 913 545 τὴνβασιλείαν
927 452 971 526 εἰς
994 446 1029 514 τό
1045 440 1231 527 Βυζάντιον,
1252 443 1314 529 ἀφ’

109 561 113 566 ’
206 572 282 641 droa
320 570 376 638 τόν
407 572 588 649 Μαξέντιον
623 564 700 648 περί
729 558 785 635 τάς
826 556 910 621 κάτω
939 553 1077 625 Γαλλίας
1111 544 1314 631 κατετροπῶ-

205 698 312 759 σατο,
331 680 370 764 τῇ
402 671 550 749 ἐπιδείξει
581 672 639 732 τοῦ
664 664 839 747 σταυρικού
868 660 999 741 σημείου
1024 647 1087 735 ιτην
1119 650 1207 732 νίκην
1227 640 1313 711 άνω-

204 783 263 843 θεν
281 775 502 862 μνηστευθείς,
522 768 596 846 τούς
617 766 798 848 ἀξιολόγους
825 765 887 825 τῶν
906 755 1106 839 εὐπατριδῶν
1127 750 1181 815 καί
1199 752 1314 830 τιμίων

205 880 239 945 έν
260 873 362 965 ταύτῃ
382 878 419 963 τῇ
438 875 494 961 νέηι
511 870 616 958 Ῥῶμη
636 870 708 947 μεθ’
740 862 856 929 ἑαυτοῦ
884 855 1079 943 παραλαβῶν
1098 850 1252 941 μετῴκισό
1273 854 1340 914 τε5

207 980 262 1042 καί
280 980 477 1057 συμπολίτας
500 970 618 1035 ἑαυτοῦ
640 964 872 1051 ἀπειργάσατο,
899 956 1047 1043 λαμπράς
1070 958 1170 1026 οἰκίας
1190 946 1314 1024 τούτοις

206 1062 449 1157 ε’πιδειμάμενος
479 1071 559 1136 κατά
584 1057 650 1153 τήν
666 1071 839 1154 ἐμφέρειαν
867 1064 928 1128 τῶν
953 1063 986 1125 έν
1007 1056 1045 1143 τῇ
1066 1054 1188 1141 παλαιᾷ
1205 1048 1314 1138 Ῥώμη

205 1178 384 1250 πολυτελῶς
404 1170 705 1253 κατεσκευασμένων
726 1165 828 1231 οἴκων.
873 1166 907 1227 έκ
928 1154 1047 1226 τούτων
1064 1149 1129 1241 οὖν,
1153 1153 1196 1229 ῶς
1217 1154 1233 1216 ό
1257 1145 1314 1215 λό-

205 1277 260 1363 γος
281 1273 369 1361 αἱρεῖ
386 1274 442 1338 καί
469 1273 490 1357 ἦ
521 1274 709 1355 τοῦγένους
744 1262 894 1351 ἀναφορὰ
917 1262 1080 1344 περιάγει,
1106 1257 1136 1320 οῖ
1160 1253 1313 1327 Φωκάδες

208 1380 302 1445 αότοί
329 1367 537 1460 καταγόμενοι
566 1370 621 1457 τήν
641 1394 676 1435 τε
697 1366 907 1453 περιφάνειαν
928 1356 1052 1427 άνωόεν
1083 1354 1178 1439 ἔσχον
1200 1353 1255 1418 καί
1274 1351 1310 1417 τό
1323 1366 1356 1420 10

206 1483 263 1563 τῆς
284 1480 416 1561 ἀνδρίας
438 1473 655 1557 ἀλκιμώτατον
673 1473 728 1536 καί
752 1451 963 1543 ἀνύποιστον,
989 1463 1022 1525 έκ
1044 1460 1106 1523 τῶν
1128 1454 1311 1537 ὀνομαστῶν

206 1582 332 1647 ἐκείνων
355 1581 498 1661 Φαβίων,
520 1570 564 1650 ῶς
584 1596 645 1637 που
668 1567 721 1634 διά
747 1570 859 1650 βίβλου
874 1563 958 1639 τινός
978 1562 1118 1635 παλαιάς
1139 1554 1313 1639 ἐχειραγω-

23 1743 26 1747 .
76 1664 309 1763 arroasiam
331 1680 423 1757 ποτέ,
457 1675 515 1759 τήν
536 1671 641 1759 ἀρχὴν
658 1672 715 1737 τού
736 1672 846 1753 γένους
876 1660 1069 1751 ἐφέλκοντες.
1114 1650 1202 1721 οὗτοι
1225 1658 1261 1721 δὲ
1283 1650 1313 1716 οἱ

209 1778 328 1862 Φάβιοι
348 1781 382 1843 ἐν
402 1778 442 1864 τῇ
464 1777 589 1863 παλαιᾷ
604 1772 709 1860 Ῥῶμη
731 1768 786 1845 τάς
807 1768 934 1855 πρῶτος
956 1763 1049 1847 ἔσχον
1065 1761 1167 1847 ἀρχάς
1188 1761 1243 1821 καί
1262 1780 1313 1821 τι-

205 1876 280 1962 μάς,
303 1882 359 1944 καί
379 1878 452 1965 ῥίζα
476 1872 600 1941 πάντων
614 1877 677 1939 τῶν
701 1874 837 1955 εὐγενῶν
859 1873 912 1932 κατ’
931 1862 1011 1931 κατά
1032 1870 1127 1947 χεῖρα
1151 1860 1313 1942 καρτερῶν
1323 1868 1357 1921 15

207 1982 428 2065 έγνωρίζοντο·
471 1978 526 2042 καί
550 1975 654 2052 ου’δείς
681 1970 803 2039 τούτων
824 1968 947 2055 ἐσφάλη
971 1967 1042 2029 ποτὲ
1065 1962 1138 2045 περὶ
1157 1964 1313 2040 πολέμους

207 2084 264 2146 καί
285 2081 448 2156 κινδύνους
483 2080 725 2162 ἀγωνιζόμενος.
779 2070 858 2135 άλλά
882 2070 916 2134 τό
940 2069 1064 2150 εόγενές
1094 2068 1149 2128 καί
1169 2060 1312 2139 ἐπίδοξον

209 2185 266 2247 οόκ
288 2184 323 2247 έν
345 2184 384 2269 τῇ
401 2185 462 2246 ’τοῶ
484 2183 593 2263 γένους
621 2172 706 2259 εἶχον
727 2168 936 2257 ἐπισημότητι
959 2162 1058 2255 μόνη,
1090 2162 1170 2231 ἀλλά
1192 2166 1251 2226 κάν
1275 2163 1313 2249 τῇ

207 2286 269 2351 τῶν
290 2285 436 2368 πράξεων
459 2284 608 2367 διέφερον
629 2277 849 2360 λαμπρότητι,
878 2271 933 2335 καί
954 2273 1077 2334 πολλῶν
1095 2266 1239 2349 ἀναγκῶν
1258 2266 1316 2325 καί

208 2383 363 2451 κινδύνων
382 2379 545 2469 ,ἀφόκτων
571 2378 688 2462 σχεδόν
717 2375 773 2459 την
789 2374 922 2457 Ῥῶμην
945 2371 998 2436 διά
1022 2374 1075 2453 τῆς
1097 2369 1212 2440 οἰκείας
1235 2366 1358 2449 ἀρε-νο

208 2489 266 2570 τῆς
291 2487 346 2549 καί
366 2468 648 2568 μεγαλοφροσύνης
674 2482 730 2543 καί
753 2478 885 2560 ἀνδρίας
908 2472 1090 2557 ἐρρύσαντο.
1135 2464 1168 2531 ἐκ
1191 2458 1313 2549 τούτων
1421 2490 1436 2555 η

210 2585 240 2649 οἱ
263 2588 452 2668 Σκηπίωνες,
475 2582 530 2647 κατ’
551 2577 780 2667 όκἈφρικανός
803 2578 947 2661 Σκηπίων
978 2574 993 2634 ό
1018 2570 1070 2635 τὸν
1101 2566 1328 2650 άκαταμάχη--

210 2707 263 2748 τοι
285 2686 402 2749 ἐκεῖνον
424 2681 585 2765 Ἀννίβαν,
607 2680 662 2746 τόν
688 2678 742 2743 καί
764 2673 864 2761 αότην
879 2673 936 2759 την
952 2672 1084 2756 Ῥῶμην
1104 2670 1313 2759 πολιορκῆσαι

284 2860 328 2929 192
346 2874 547 2950 διαφερόντων
566 2875 595 2930 G.

210 3052 276 3106 tium
295 3052 323 3103 in
343 3051 430 3105 Gallia
458 3050 588 3103 inferiore
616 3050 755 3103 devicerat
789 3052 928 3116 praetento
958 3042 1044 3095 erucis
1069 3042 1147 3111 signo
1174 3040 1314 3093 victoriam

211 3139 327 3191 superne
346 3125 467 3190 adeptus,
486 3121 674 3174 memorabiles
695 3139 728 3173 ex
746 3119 896 3173 illustribus
918 3126 944 3169 at
964 3116 1101 3167 honoratis
1120 3114 1148 3165 in
1167 3114 1236 3165 haue
1260 3126 1313 3163 no.

142 3261 144 3267 p
210 3211 271 3248 vam
289 3195 400 3246 Romam
419 3210 510 3247 seeum
529 3195 604 3245 duxit
623 3202 650 3243 et
668 3193 800 3246 stabilivit
820 3200 846 3243 et
873 3192 947 3241 cives
971 3188 1034 3241 suos
1058 3185 1188 3250 reddidit,
1218 3184 1312 3253 splen.

211 3266 271 3318 dida
290 3266 412 3317 aedilicia
430 3266 472 3316 his
502 3266 619 3324 condens
644 3281 677 3315 ex
702 3264 876 3317 similitudine
902 3261 1024 3312 domuum
1052 3260 1080 3308 in
1109 3266 1202 3309 vetere
1230 3258 1314 3310 Roma

212 3336 353 3404 splendide
372 3345 573 3389 exstructarum.
612 3337 644 3387 ab
664 3335 705 3388 his
728 3337 819 3402 igitur,
838 3341 868 3383 nt
887 3333 957 3384 lama
977 3331 1056 3382 docet
1076 3338 1102 3380 et
1119 3328 1228 3397 generis
1238 3328 1313 3379 rela-

212 3410 249 3461 tio
270 3407 356 3473 affert,
376 3408 514 3461 Phoeades
534 3410 585 3476 ipsi
605 3409 713 3459 deducti
733 3407 846 3474 gloriam
861 3418 982 3471 superna
1000 3401 1133 3468 habebant
1153 3408 1178 3451 et
1203 3401 1313 3451 virtutis

118 3491 122 3497 '
211 3480 294 3533 robur
314 3489 341 3531 et
359 3482 516 3545 victoriam,
537 3493 570 3532 ex
589 3479 726 3531 nobilibus
746 3478 802 3529 illis
821 3473 926 3541 Fabiis,
949 3482 978 3525 ut
996 3474 1066 3525 libro
1086 3473 1199 3541 quodum
1218 3478 1315 3523 vetere

137 3592 142 3602 .
212 3552 354 3621 aliquando
373 3556 518 3606 instructus
537 3567 603 3615 sum,
622 3551 783 3618 principium
803 3550 912 3616 generis
932 3544 1079 3598 trahentes.
1116 3545 1144 3595 hi
1162 3551 1250 3594 autem
1260 3540 1314 3593 Fa.
1388 3552 1392 3557 '

211 3626 250 3676 bii
268 3625 296 3675 in
316 3634 410 3677 vetere
428 3626 512 3677 Roma
530 3625 631 3690 primos
650 3622 801 3673 habuerunt
817 3621 987 3688 magistratus
1008 3625 1035 3667 et
1053 3616 1169 3667 horreres
1196 3623 1222 3665 et
1240 3612 1315 3663 radix

213 3698 330 3747 omnium
348 3698 495 3753 illustrium
514 3704 541 3745 et
558 3710 638 3747 manu
657 3694 766 3745 fortium
785 3692 969 3758 iudicabantur
987 3703 1077 3755 neque
1097 3689 1236 3755 quisquam
1261 3686 1315 3736 ho.

212 3781 270 3816 rum
289 3764 380 3832 lapsus
400 3778 441 3820 est
459 3783 573 3835 unquam
594 3765 721 3817 inbellis
741 3773 768 3815 et
789 3762 917 3831 periculis
939 3760 1076 3823 certando,
1091 3760 1137 3812 sed
1147 3758 1315 3811 nobilitatem

159 3845 169 3851 ‘
214 3844 241 3887 et
259 3835 373 3903 gloriam
391 3854 445 3889 non
465 3838 550 3891 solum
569 3838 596 3888 in
616 3837 724 3904 generis
744 3836 865 3887 claritate
878 3832 1027 3895 habebant,
1047 3832 1193 3884 sedetiam
1218 3832 1247 3881 in
1272 3828 1316 3879 la-

214 3916 315 3960 etorum
335 3908 525 3960 excellentium
551 3906 705 3974 splendore,
736 3916 762 3957 ot
790 3898 880 3958 multis
906 3902 1109 3955 difficultatibus
1137 3910 1163 3953 et
1187 3899 1316 3968 periculis

213 3980 361 4045 desperatis
385 3979 443 4030 lere
466 3981 574 4030 Romam
605 3995 653 4032 sua
681 3979 782 4031 virtute
809 3986 836 4029 et
859 3975 1075 4043 magnanimitate
1104 3981 1130 4037 et
1161 3971 1317 4024 tortitudine

213 4050 370 4103 solverunt:
390 4050 422 4101 ab
441 4049 483 4101 his
503 4051 607 4104 oriundi
627 4050 776 4117 Scipiones,
797 4057 877 4117 atque
898 4047 989 4112 Scipio
1008 4046 1161 4108 Africanus,
1182 4045 1226 4113 qui
1242 4042 1317 4093 iuvi.

214 4129 285 4172 otum
304 4121 382 4175 illum
400 4120 580 4174 Hannibalem
599 4129 626 4171 et
643 4125 727 4188 ipsam
746 4121 855 4174 Romam
881 4126 1092 4186 oppugnaturum
1112 4115 1185 4168 olare
1214 4113 1320 4182 fugavit

216 4197 244 4242 et
262 4192 358 4247 urbem
375 4195 443 4259 eius,
464 4191 653 4263 Carthaginem
673 4206 794 4259 maguam
814 4201 841 4245 ει
859 4188 955 4243 incolis
975 4187 1169 4256 frequentatam
1188 4191 1214 4239 et
1228 4183 1319 4239 homi..
