2875 4734
211 205 286 290 ,3ο
354 219 405 267 -’
488 201 494 209 ’
547 217 766 289 urcitanus
796 205 1088 297 ammonas,

237 387 382 464 συνεχεῖς
409 385 483 458 καθ’
513 379 646 470 ἑκάστην
679 389 836 469 ἐγίνοντο,
866 386 940 449 ποτὲ
973 386 1032 464 μὲν
1063 380 1185 446 τούτων
1209 377 1292 440 ’ποτὲ
1314 375 1346 438 δ’

238 484 364 552 ἐκείνων
387 483 653 566 προαρπαζόντων
683 485 740 570 τήν
758 491 854 571 νίκην.
895 482 977 548 ἐπεὶ
1004 483 1032 544 δ’
1056 476 1209 561 ἐσοπολής
1228 472 1347 554 ἐδόκει,

236 587 356 665 μᾶλλον
376 584 405 648 δ’
430 585 448 664 ἦ
481 589 546 649 τοῖν
568 589 703 652 Σκυθῶν
725 585 863 673 ἐπιφορό
895 583 1105 667 προτεροόοα,
1132 579 1232 662 χωρίς
1252 570 1347 660 ήττης

237 686 375 766 θατέρου
400 687 463 748 τοῖν
482 684 750 770 ἀντιτεταγμένων
765 685 819 749 ἐπ’
849 683 995 768 α’λλήλων
1014 675 1125 765 εόθός,
1149 675 1255 761 οόσπερ
1279 673 1344 739 α’πό

237 784 451 868 συνθήματος,
474 777 551 864 ἄνευ
574 790 716 872 διωγμοῦ
737 785 793 850 καί
814 787 917 870 φυγῆς
941 776 1178 867 όπηλλόγησαν.
1353 781 1371 833 5

327 876 427 968 Ἔγνω
449 885 553 949 τοίνυν
574 885 590 948 ό
613 886 767 969 βασιλεός
789 882 974 969 προσθήκην
994 882 1222 967 ἐμποιῆσαιτῇ
1243 903 1347 962 στρα-

230 990 294 1076 ’τιᾷ
316 983 369 1050 διό
392 988 454 1050 τῶν
475 981 563 1050 ἓιόων
592 987 757 1071 ταγμάτων
777 990 832 1050 καί
855 979 937 1050 οότω
965 980 1023 1066 τήν
1045 978 1205 1065 Σκυθικήν
1228 1003 1347 1063 κατερ-

240 1089 402 1171 γάσασθαι
426 1091 629 1168 παντευχίαν,
673 1085 853 1169 διαβιβάζει
868 1089 971 1150 τοίνυν
990 1085 1035 1157 εἰς
1057 1080 1214 1166 Εόριόπην
1236 1085 1270 1146 ἐκ
1290 1082 1345 1164 τής

234 1189 344 1262 Ἀσίας
362 1184 434 1261 τοός
453 1191 723 1270 στρατευομένους
744 1187 924 1272 πασσυδίᾳ,
946 1187 1001 1249 κατ’
1022 1180 1285 1255 πολυπλασιόσας
1308 1175 1343 1245 τό

236 1290 355 1371 πλῆθος
376 1295 441 1362 τοῖς
460 1285 601 1363 Σκύθαις
624 1290 798 1373 ἐπαφῆκεν,
814 1283 901 1368 ,ὁμοῦ
922 1285 1064 1370 α’ρχηγόν
1085 1285 1194 1358 αότοῖς
1214 1277 1386 1366 ἐπιστήιλο

236 1413 296 1464 σας
318 1387 471 1471 coacepit
492 1411 563 1452 τινα
585 1390 647 1452 τεόν
668 1387 858 1471 ἱερωμένων,
881 1388 924 1473 τῷ
949 1388 1005 1451 τοῦ
1029 1383 1184 1473 ῥέκτωρος
1206 1381 1344 1468 τιμήσας

167 1514 172 1526 ‘
237 1486 337 1554 ου’τόν
361 1486 528 1570 όξιαόματι.
573 1482 607 1562 ilc
628 1487 687 1562 τοὶς
703 1488 857 1568 δυνάμεις
873 1484 1041 1568 α’ναλαβιόν
1061 1481 1139 1551 κατό
1164 1486 1226 1548 τῶν
1248 1485 1344 1548 ἐναν-

235 1593 309 1656 τίων
330 1588 426 1670 όμόοε
447 1596 566 1673 χωρεῖ·
609 1585 663 1651 κατ’
683 1585 744 1671 πρό
766 1588 824 1650 τοῦ
848 1587 977 1670 χάρακα
998 1591 1109 1667 βαλεῖν
1130 1585 1185 1650 καί
1203 1605 1344 1666 στρατο-

237 1685 457 1754 πεδεύσασθαι
479 1685 535 1750 κατ’
554 1685 675 1768 βουλὰς
696 1686 907 1772 στρατηγικός
937 1691 1108 1771 προλαβεῖν
1137 1687 1194 1750 καί
1213 1687 1342 1766 συμβα·

238 1795 303 1854 λεῖν
324 1785 364 1852 τό
392 1786 604 1871 προσήκοντα,
634 1783 711 1880 κατὰ
740 1782 884 1868 ’μέτωπον
908 1796 974 1863 τοῖς
1001 1790 1174 1866 ἐναντίοις,
1210 1779 1253 1858 σός
1274 1777 1342 1866 εἶχε
1352 1790 1385 1841 15

238 1888 359 1975 φόρτου
382 1888 438 1953 καί
457 1891 613 1972 σοσιιευής
637 1889 861 1970 όγοραστνκής,
883 1891 1094 1973 ἐπιφαίνεται,
1113 1881 1260 1950 σπεύδων
1280 1882 1344 1945 ου’-

237 1985 291 2064 τός
311 2012 343 2053 τε
365 1990 420 2052 καί
441 1983 471 2051 οἱ
492 1983 552 2051 σόν
575 1989 662 2073 crispi
676 1993 865 2069 καταλαβεῖν
888 1987 960 2064 τοὺς
984 1989 1261 2068 ἀντιτεταγμένους
1280 1980 1346 2066 πρό

236 2090 294 2153 τοῦ
316 2097 437 2174 φυγεῖν,
457 2085 514 2150 καί
533 2090 755 2171 πανωλεθρίαν
775 2089 893 2153 τούτων
910 2085 1120 2172 ἐργάσασθαι,
1144 2084 1185 2160 ὥς
1208 2087 1237 2148 δ’
1261 2086 1342 2149 ἐκεῖ·

239 2211 286 2253 νον
310 2192 610 2272 περιτετειχισμένοε
631 2195 699 2262 ταῖς
722 2184 860 2270 όμόξαις
891 2188 945 2274 τήν
970 2186 1086 2274 ἔφοδον
1110 2182 1214 2250 adadu
1235 2185 1342 2262 ἐξεδό-

237 2311 342 2373 χοντο,
366 2286 475 2375 δρόμῳ
498 2286 554 2351 καί
573 2290 634 2374 βοῇ
656 2291 756 2375 πολλή
778 2290 817 2376 τῇ
836 2290 1022 2376 παρεμβολῇ
1040 2285 1160 2352 τοότων
1182 2288 1244 2350 τεόν
1262 2280 1385 2348 ‘Po-2⁰

236 2391 362 2472 μαϊκῶν
379 2389 551 2476 φαλόγγων
572 2392 656 2465 τινὲς
674 2395 879 2474 προσέβαλον.
925 2388 956 2454 ολ
978 2392 1014 2454 δέ
1034 2395 1158 2472 βέλεσιν
1180 2384 1342 2471 ἑκηβόλοις

236 2490 446 2576 χρησόμενοι,
470 2493 526 2554 καί
557 2490 632 2567 τοός
663 2493 780 2566 λ’ππους
802 2491 907 2557 αότιόν
930 2498 1062 2576 πληγαῖς
1091 2486 1340 2575 θορυβήσαντας,
1426 2519 1428 2524 ·

312 2669 354 2722 ll.
379 2665 538 2742 ραίκτωροτ
555 2669 585 2724 G.
697 2667 738 2724 14.
758 2667 935 2741 προβαλεῖνλ
1047 2670 1090 2722 21.
1110 2635 1290 2740 προσέλαβον
1308 2664 1338 2721 G·

1424 2786 1425 2849 l

239 2837 365 2893 barbaros
384 2840 482 2892 ducere
502 2841 648 2892 exercitum
662 2857 811 2909 pugnacem
830 2852 857 2895 et
876 2859 934 2894 cum
954 2841 998 2895 hic
1017 2843 1191 2895 convenisset
1208 2849 1235 2892 et
1253 2840 1340 2893 hosti-

239 2911 288 2964 bus
308 2927 337 2964 se
357 2913 528 2978 opposuisset
552 2927 659 2981 pugnae
683 2916 826 2966 continuae
851 2929 958 2983 quoque
983 2915 1025 2967 die
1053 2913 1172 2976 fiebant,
1193 2928 1252 2963 cum
1269 2925 1341 2963 nunc

241 2981 277 3047 hi,
292 2998 363 3034 nunc
375 2981 416 3032 illi
430 2993 658 3051 praeoccuparent
677 2987 825 3037 victoriam.
865 3003 924 3037 cum
943 2995 1030 3037 autem
1048 3001 1096 3052 par
1115 2985 1260 3047 videretur,
1280 2984 1340 3035 sive

240 3057 328 3120 potius
349 3053 505 3120 Scytharum
519 3057 632 3122 impetus
649 3058 772 3124 superior
790 3058 848 3109 sinc
868 3058 944 3109 clade
962 3058 1073 3108 alterius
1092 3058 1273 3123 oppositorum
1292 3069 1341 3121 per
1422 3108 1423 3129 ,

240 3126 363 3188 alterum,
383 3129 471 3178 statim
491 3129 566 3195 quasi
585 3129 662 3195 signo
682 3129 743 3179 dato
762 3130 821 3181 sine
841 3130 1030 3195 persecutione
1050 3137 1077 3179 et
1095 3128 1160 3195 luga
1178 3127 1311 3178 abierunt.

345 3196 441 3248 Statuit
466 3200 549 3264 igitur
573 3215 621 3249 rex
645 3201 827 3251 accessionem
854 3201 944 3252 iacere
970 3200 1100 3251 exercitui
1126 3214 1174 3264 per
1193 3196 1340 3252 orientales

242 3268 359 3330 ordines,
389 3277 415 3318 et
439 3269 475 3319 ita
502 3268 658 3334 Scytharum
684 3270 822 3322 debellare
847 3270 988 3322 militarem
1017 3262 1214 3322 incursiondm:
1239 3269 1341 3319 traiicit

241 3338 324 3404 igitur
349 3338 376 3388 in
401 3338 533 3404 Europam
557 3354 591 3389 ex
615 3341 678 3392 Asia
703 3341 848 3394 militantes
873 3345 944 3393 omni
971 3359 1029 3394 cum
1055 3343 1083 3392 vi
1109 3349 1136 3392 et
1159 3339 1340 3405 multiplicans

152 3427 154 3434 ·
240 3408 435 3458 multitudinem
462 3408 568 3474 Scythis
593 3412 701 3464 immisit
731 3413 808 3464 simul
837 3414 929 3464 ducem
956 3416 989 3466 iis
1017 3415 1156 3478 imponens
1190 3410 1342 3462 eunuchum

242 3480 371 3548 quendum
410 3478 569 3531 clericorum
604 3485 715 3536 rectoris
746 3483 879 3535 honorans
920 3499 979 3534 eum
1013 3486 1152 3552 dignitate.
1201 3484 1245 3549 qui
1278 3483 1342 3549 qui-

239 3551 301 3603 'dem
321 3551 423 3603 viribus
447 3552 564 3617 receptis
587 3568 646 3602 cum
673 3553 792 3607 hostibus
821 3556 1007 3622 congreditur,
1035 3561 1063 3605 et
1086 3563 1226 3622 antequam
1251 3554 1341 3603 muni.

240 3624 329 3673 tiones
348 3623 450 3674 iaceret
469 3630 496 3674 et
515 3630 601 3674 castra
618 3634 742 3690 poneret
752 3634 779 3676 et
797 3626 910 3678 consilia
929 3627 1054 3678 militaria
1073 3628 1196 3694 exigeret
1214 3633 1240 3675 et
1260 3623 1342 3674 colli.

242 3700 319 3758 geret
337 3696 506 3757 necessaria,
535 3710 550 3745 a
570 3693 657 3746 fronte
677 3696 797 3747 hostibus
821 3706 850 3748 ut
868 3699 1011 3750 instructus
1030 3706 1088 3748 erat
1108 3711 1191 3747 onere
1210 3703 1238 3746 et
1256 3710 1343 3762 appa-

242 3769 300 3813 ratu
321 3773 441 3846 coemto,
468 3773 580 3831 apparet
602 3766 709 3819 studens
730 3769 833 3834 etipse
853 3778 880 3821 et
902 3772 947 3836 qni
974 3786 1032 3820 cum
1063 3783 1095 3819 eo
1114 3775 1189 3819 eraut
1209 3781 1343 3833 occupare

243 3840 397 3898 oppositos,
422 3837 575 3903 prinsquam
603 3837 748 3906 lugerent,
774 3847 801 3889 et
819 3839 920 3890 cladem
940 3855 1063 3891 summam
1085 3838 1178 3890 horum
1199 3838 1341 3889 conficere.

147 3923 155 3932 -
244 3912 409 3955 comantem
438 3905 480 3956 illi
500 3908 580 3957 cincti
608 3908 729 3962 curribus
759 3912 884 3976 impeturn
910 3925 1001 3962 eornm
1027 3912 1191 3976 exciperent,
1217 3924 1296 3961 cursu
1317 3913 1344 3958 et

244 3974 361 4026 clamore
386 3975 470 4026 multo
496 3985 583 4029 castra
610 3979 700 4030 harum
726 3980 885 4033 Graecarum
913 3981 1073 4050 phalangam
1100 3979 1246 4032 nonnullae
1265 3977 1343 4037 simul

244 4061 388 4115 aggressae
406 4055 478 4100 sunt.
514 4047 556 4098 illi
572 4057 662 4104 ,autem
680 4052 776 4104 iaculis
795 4054 896 4105 eminus
912 4055 953 4105 usi
972 4061 999 4108 et
1018 4067 1101 4120 equos
1123 4050 1280 4105 verberibus
1299 4053 1344 4102 in.
1416 4064 1417 4067 ’

244 4119 372 4185 citantes,
397 4119 510 4186 turpiter
537 4118 586 4173 hos
611 4120 706 4190 lugere
725 4132 887 4192 coegerunt,
911 4133 1023 4179 cavente
1048 4123 1142 4176 horum
1169 4137 1290 4192 quoqne,
1308 4136 1343 4173 na

571 4359 597 4402 Ι
685 4329 693 4359 l
