2875 4734
306 167 316 197 ί

219 252 291 325 160
521 243 737 314 ntentans
767 238 1025 312 truttmunt

216 401 311 505 νίκηά
325 417 378 485 διά
400 422 459 483 τοῦ
489 418 647 502 νικητικοά
668 410 801 501 σημείου
822 422 886 489 τοῖς
913 416 1063 486 ἐναντίοις
1095 403 1318 494 παραπεμψά-

186 568 190 571 -
215 543 331 602 μενος,
362 518 470 595 καθάς
496 516 527 582 οἱ
558 516 597 582 τά
633 518 767 582 τοιαῦτα
801 514 1035 599 διακριβοΰντες
1057 506 1318 591 συμβάλλουσιν·

218 615 255 685 od
277 619 337 705 γάρ
359 618 425 685 ἔδει
446 619 554 703 μάχης
576 622 781 701 προκειμένης
802 617 944 680 τοιοῦτον
961 616 1123 695 σύμβολον
1143 613 1176 688 έξ
1199 606 1318 673 ἑαυτοῦ

216 719 296 806 πρός
318 725 481 796 ἐναντίους
501 724 698 800 μεταθεῖναι.

307 819 362 886 ’Τό
387 824 416 886 δ’
436 819 498 886 α’πό
518 822 610 887 τοῦδε
621 810 816 903 ’δυσάντητος
838 818 914 900 ήμῖν
935 815 951 879 ό
970 816 1058 899 λόγος
1081 812 1134 877 διά
1157 808 1191 877 τό
1213 810 1343 896 ἔργω-5

216 927 269 999 δες
289 927 352 989 τεόν
388 922 604 1005 άτυχημάτων
636 922 691 984 καί
718 922 789 983 λίαν
812 916 1003 1003 άπόφημσν,
1026 917 1080 979 καί
1099 911 1156 997 τήν
1178 914 1222 988 εἰς
1243 912 1316 987 τοός

184 1048 188 1055 ·
211 1024 390 1106 Ῥωμαίους
409 1024 632 1104 ε’πισυμβᾶσαν
650 1018 880 1103 χαλεπωτάτην
910 1020 1114 1101 δυσκληριάν.
1164 1050 1171 1063 ·

319 1117 416 1189 Odium
437 1126 526 1197 τέλος
546 1119 622 1203 ἔσχε
654 1120 725 1184 οὐδ’
746 1109 943 1214 α’ναβυλήνή
966 1118 1027 1181 τῶν
1050 1116 1212 1199 πρέσβεων
1229 1084 1316 1199 ’ὅφι-

216 1232 285 1311 ξις,
306 1226 364 1289 καί
380 1248 461 1297 τινες
491 1226 552 1288 τεόν
583 1218 761 1305 έμγυτάτων
788 1220 830 1307 τῷ
856 1225 987 1299 βασιλεῖ
1014 1216 1181 1280 πείθουσιν
1216 1213 1315 1279 αότόν

216 1320 438 1408 άποβαλέσθατ
458 1323 516 1408 τήν
537 1322 664 1408 εἰρήνην
700 1321 743 1399 ὥς
765 1313 965 1408 ψευδομένην
986 1320 1019 1390 τό
1044 1319 1134 1405 ἔργον
1155 1321 1210 1385 καί
1229 1318 1316 1384 άπα-
1328 1335 1362 1388 10

216 1430 322 1492 τυόσαν
345 1428 465 1508 μᾶλλον
487 1417 508 1506 ή
528 1423 563 1488 τό
587 1429 752 1510 συμφέρον
773 1426 959 1488 ἐθέλουσαν.
1001 1424 1138 1486 δεδιέναι
1158 1421 1219 1505 γάρ
1237 1445 1318 1506 φασι

142 1572 143 1575 =
217 1523 270 1592 τόν
291 1524 463 1591 σουλτάνον
484 1521 538 1587 διά
561 1520 596 1587 τό
618 1521 662 1606 μή
686 1522 850 1606 ἀξιόλογον
884 1520 970 1605 ἔχειν
995 1521 1132 1603 δύναμιν
1153 1524 1207 1585 καί
1224 1545 1318 1605 περι-

216 1632 322 1709 μένειν
346 1624 418 1700 τσός
449 1622 579 1689 κατόπιν
606 1623 708 1687 αότοό
730 1624 935 1703 βαδίζοντας,
972 1626 1027 1687 καί
1049 1624 1092 1711 τῷ
1116 1620 1317 1706 προσχήματι
1427 1613 1436 1621 ’

192 1729 271 1809 ’τῆς
292 1724 416 1808 εἰρήνης
450 1719 654 1808 μετεωρίζειν
683 1720 739 1787 τόν
758 1723 893 1813 χρόνρν,
914 1718 957 1798 οἷς
978 1717 1018 1788 dv
1042 1718 1266 1803 ε’πικαταλόβσι
1284 1719 1317 1786 τὸ

217 1823 374 1908 δστερσόν
398 1828 460 1907 ’τής
481 1822 655 1904 δυνάμεως.
699 1828 806 1887 morico
827 1823 927 1909 ῥηθὲν
951 1824 1127 1908 διανίστησι
1149 1822 1203 1887 τόν
1221 1826 1319 1904 βασι·
1329 1837 1363 1889 15

219 1927 275 2012 λέα
294 1924 371 2008 πρὸς
391 1924 536 2005 πόλεμον.
580 1924 633 1987 κἀί
650 1921 678 1989 σί
699 1927 759 2006 μέν
782 1924 915 2007 Τοῦρκοι
932 1921 1009 1989 κατά
1032 1926 1117 2008 σφᾶς
1139 1921 1255 1997 αότοός
1277 1920 1317 1987 τά

219 2026 276 2107 τῆς
288 2025 413 2108 εἰρήνης
435 2019 755 2109 superuenerunt
777 2027 813 2088 dd
833 2022 985 2107 βασιλικός
1003 2023 1158 2099 σαλπίσας
1177 2023 1213 2087 τό
1227 2022 1320 2087 ἐνυά-

220 2132 288 2191 λιον
319 2120 374 2190 τόν
402 2126 507 2206 μόθον
539 2123 729 2208 παραλόγως
762 2126 924 2210 ε’κριίτησε.
979 2129 1204 2207 καταλαβοῦσα
1241 2124 1269 2187 δ’
1299 2118 1318 2207 ή

220 2223 313 2312 φήμη
335 2226 408 2301 τεός
428 2224 591 2301 ἐναντιοός
612 2227 766 2310 ἐξέπληξε.
808 2230 885 2303 τέως
905 2228 939 2289 δ’
960 2218 1016 2289 σόν
1049 2227 1319 2305 καθοπλισάμενοι

220 2324 389 2392 saleim·
407 2324 443 2390 τό
466 2329 525 2408 μέν
548 2318 713 2412 ἄχρηστον,
730 2329 851 2411 πλῆθος
873 2328 919 2403 είς
938 2327 1080 2391 τοτ’πίσω
1109 2324 1364 2410 superfluctuante

220 2428 313 2491 αότοί
331 2429 366 2491 δέ
388 2425 522 2492 κατόπιν
543 2433 725 2519 φαντασίαν
749 2429 875 2491 ε’δίδουν
903 2430 1073 2513 πολεμικής
1098 2425 1320 2523 άντιπαρριτά-

218 2530 305 2604 ξεως.
320 2524 356 2592 τό
371 2528 408 2589 δέ
427 2533 570 2593 πλείσταν
591 2525 677 2612 φυγή
689 2550 735 2601 τις
757 2534 902 2611 κατεῖχεν
923 2528 1053 2609 αότοός,
1073 2529 1321 2610 συντεταγμένας

296 2720 338 2773 11.
356 2723 519 2787 ,ἐθέλουσαν
536 2723 686 2790 ίτττεηττεττ
705 2723 736 2778 G.
757 2724 899 2780 ἐθέλουσι.
1008 2738 1081 2796 φησι
1100 2722 1129 2777 c.

221 2899 275 2946 tem
294 2893 434 2946 victoriam
453 2889 566 2947 rictrice
585 2896 702 2963 imagine
722 2894 843 2949 hostibus
860 2894 978 2959 miserat,
998 2902 1028 2946 ut
1045 2895 1066 2946 ii
1083 2895 1128 2963 qui
1146 2894 1174 2945 in
1193 2893 1257 2946 talia
1274 2894 1320 2945 in.

223 2966 331 3033 quirunt
348 2964 509 3017 coniiciunt:
536 2967 713 3034 nequeenim
733 2967 873 3033 oportebat
900 2981 989 3035 pugna
1007 2967 1122 3019 instante
1140 2964 1195 3017 tale
1215 2966 1321 3034 signum

219 3037 253 3088 ab
271 3038 331 3105 ipso
348 3037 381 3088 ad
399 3037 526 3089 adversos
535 3038 692 3112 transferri.

317 3124 383 3177 Inde
401 3124 434 3176 alr
452 3124 493 3177 his
512 3134 599 3177 autem
618 3126 669 3177 iam
689 3125 808 3177 diflicilia
822 3126 939 3177 narratio
960 3088 1069 3193 propter
1087 3132 1205 3177 atrocem
1223 3140 1255 3176 ac
1273 3126 1319 3177 ni.

217 3196 266 3247 nris
285 3195 425 3247 infaustam
446 3195 621 3247 calamitatem
643 3204 670 3247 ct
689 3197 722 3248 ob
742 3198 923 3265 gravissimam
943 3196 1128 3248 infelicitatem
1139 3197 1254 3249 Graecos
1275 3198 1319 3247 in-

217 3272 366 3335 gruentem.
407 3279 411 3283 ·

317 3360 438 3414 Nondum
463 3362 541 3413 linem
566 3362 675 3414 tenebat
699 3379 788 3430 neque
813 3364 908 3415 dilatus
937 3372 994 3417 erat
1012 3366 1141 3417 adventus
1160 3362 1319 3431 legatorum,

219 3449 278 3485 cum
297 3433 436 3501 quideme
465 3434 592 3499 proximis
619 3435 679 3502 regi
697 3435 867 3500 persuadent,
887 3443 916 3485 ut
939 3450 1032 3503 pacem
1050 3435 1179 3488 abiicerct
1196 3444 1320 3503 tanquam

218 3505 368 3558 simulatam
389 3518 485 3555 revera
512 3512 539 3555 ct
567 3505 854 3574 decipientcm'magis
879 3521 955 3573 quam
986 3506 1127 3559 utilitatem
1146 3514 1318 3573 spectantem.

218 3577 339 3631 timuisse
360 3576 448 3640 enim,
468 3575 573 3639 dicunt,
593 3574 742 3639 sultanum,
768 3578 867 3643 quippe
892 3579 938 3645 qui
964 3591 1019 3629 uon
1045 3576 1156 3635 haberet
1175 3586 1320 3629 memoratu

218 3648 324 3715 dignam
347 3649 400 3700 rim
421 3655 448 3698 et
469 3654 625 3713 exspectare
644 3648 690 3714 qui
710 3645 743 3698 ah
762 3647 846 3713 ipsius
865 3656 941 3715 tergo
963 3649 1189 3715 progrederentur
1208 3656 1235 3698 et
1253 3663 1320 3715 pace
1388 3682 1391 3689 ·

219 3718 341 3773 simulata
359 3727 462 3784 tempus
481 3719 589 3783 ducere,
610 3724 639 3768 ut
657 3716 708 3769 sibi
728 3717 838 3768 adderet
861 3717 972 3771 relictos
991 3718 1105 3774 militesz
1128 3735 1196 3787 quae
1214 3721 1320 3786 quidem

148 3840 157 3856 ,
219 3788 303 3840 verba
323 3804 414 3856 regem
433 3789 466 3840 ad
484 3788 584 3841 bellum
603 3789 760 3854 perducunt.
808 3797 888 3856 atque
908 3788 1007 3841 lurcac
1027 3791 1133 3857 quidem
1151 3791 1221 3841 inter
1239 3806 1269 3840 se
1287 3790 1321 3840 de

219 3874 286 3926 pace
305 3858 538 3911 deliberaverunt:
558 3874 605 3910 rex
624 3874 690 3910 vero
710 3875 770 3910 cum
789 3858 917 3910 bellicum
945 3861 1088 3911 cecinisset
1106 3876 1196 3929 pugna
1214 3868 1321 3926 praetor

222 3930 377 3997 opinionem
396 3930 471 3980 vicit.
488 3946 577 3997 „quae
597 3930 665 3981 lama
684 3946 741 3981 cum
762 3931 794 3982 ad
813 3931 942 3982 adversos
958 3932 1139 3998 pervenisset,
1160 3947 1206 3984 eos
1225 3932 1321 3983 timore

218 4000 358 4068 perculsit.
396 4001 500 4050 interea
521 4015 587 4052 vero
608 4009 634 4052 ct
652 4001 702 4067 ipsi
723 4001 815 4052 armati
834 4000 936 4052 turbam
967 4002 1087 4054 inutilem
1106 4005 1255 4071 interpam
1273 4019 1321 4055 re-

219 4071 365 4139 pulerunt,
385 4071 436 4138 ipsi
463 4077 551 4121 autem
574 4070 692 4122 bellicae
723 4072 793 4122 aciei
825 4072 1006 4138 spectaculum
1037 4074 1088 4124 iam
1109 4074 1173 4125 inde
1207 4073 1240 4127 ab
1269 4074 1321 4125 hoc

218 4142 416 4211 praebuerunt:
440 4139 581 4209 plurimum
611 4156 677 4195 vero
696 4142 808 4194 terroris
832 4144 865 4195 iis
890 4143 1041 4197 iniecerunt
1067 4144 1228 4211 Graecorum
1250 4144 1319 4213 pha.
1429 4134 1430 4161 ¹

1430 2498 1435 2529 λ
