2875 4734
575 289 798 358 ‘utsuoum
1171 288 1241 361 tto

141 472 346 532 προτντογων
366 449 488 536 πληθίι
509 453 609 539 πολλῇ
627 451 769 534 μεγάλας
797 451 852 527 uic
876 451 1097 537 ἀνδραγαθίας
1117 454 1153 518 έκ
1171 476 1244 535 χει·

142 547 198 633 ρ’ὁς
220 547 446 644 ἀπειργάσατο.
490 553 632 636 προϊόντι
654 555 688 617 δὲ
711 553 754 639 τῷ
779 560 908 636 βασιλεῖ
926 555 1048 618 ἐκεῖθεν
1068 556 1142 636 μεθ’
1165 552 1272 637 ἠμί-ί.
1293 556 1345 613 ¹92
1359 572 1384 611 r·

141 674 201 734 ρας
224 648 311 724 τινὰς
332 652 481 716 α’ποντῶν
504 655 558 717 καί
579 654 802 736 δονλοπρεποὸς
817 647 939 718 ἅπαντα
954 651 1165 738 ποιησάμενος
1185 681 1243 720 σο-

142 749 265 814 νείποτο
298 753 343 837 τῷ
374 754 505 832 βασιλεῖ
514 801 522 832 ,
557 750 611 815 καί
638 750 738 826 αὐτὸς
759 753 882 836 ὀλίγους
908 751 996 829 τινὰς
1025 757 1089 818 ταῖν
1122 753 1245 819 οἰκείων

116 852 351 932 δστρατιοιτῶν
373 845 580 933 ἑπαγόμενος·
603 850 675 927 τούς
696 847 894 936 γοὶςοῖλλονς
915 855 1083 920 νατέλιπεν
1101 857 1145 930 είς
1168 843 1243 936 ὅπερ

146 948 312 1032 ἐπεκράτει
338 955 397 1014 τοῦ
419 955 678 1037 Μαοροκοίστροο
711 954 878 1039 φρούριον,
901 957 947 1029 είς
966 957 1020 1019 ivo
1043 958 1107 1020 ταῖν
1124 954 1244 1038 Ἀρμε-

142 1051 260 1115 νιακῶν
289 1046 393 1115 τόπων
424 1054 477 1116 ἐπί
498 1053 601 1140 λόφου
627 1057 770 1136 κείμενον
802 1053 930 1139 ὑψηλοῦ
952 1055 1007 1120 κατ’
1027 1051 1244 1138 δυσκατεργά-

143 1172 230 1214 στοο.
274 1150 458 1235 διαβληθείς
482 1154 518 1216 δέ
539 1152 618 1236 πρὸς
647 1155 861 1235 τὸνβασιλέα
889 1153 932 1230 οἷς
952 1156 1089 1237 μελετῶν
1109 1153 1165 1218 νιαί
1183 1144 1245 1218 αὖ·-

143 1255 196 1326 θις
222 1246 309 1331 ω’μόν
330 1274 360 1314 τι
381 1251 436 1315 καί
457 1245 590 1318 ἄπιστον
610 1252 686 1318 κατὰ
704 1251 759 1339 την
781 1257 899 1341 οἰκείαν
920 1255 1025 1340 φυλήν
1047 1250 1159 1340 (φύσει
1180 1253 1243 1339 γὰρ

99 1344 276 1415 sodames
309 1350 341 1418 τὸ
366 1356 453 1435 γένος
474 1357 534 1418 τῶν
557 1352 748 1440 Φρέγγιον),
779 1355 835 1419 καί
856 1349 905 1420 έτι
936 1356 996 1438 σίχ
1019 1354 1036 1437 ἦ
1061 1359 1246 1441 προαίρεσις
1310 1347 1317 1354 ’

145 1451 214 1516 ἀλλ’
240 1450 342 1534 ἡτῶν
371 1449 505 1538 ἑταίρων
535 1457 637 1519 αὐτοῦ
665 1456 807 1521 α’πονσία
830 1454 887 1539 την
908 1455 1065 1539 ἀναβολήν
1085 1465 1174 1520 ποιεί
1188 1459 1246 1522 τοῦ

143 1549 188 1635 μή
212 1553 383 1618 ἐπιθέσθαι
403 1557 448 1640 tu}
469 1560 607 1636 Ιίίασιλεΐ,
628 1555 728 1620 πολλὰ
752 1560 986 1641 καταγνωσθεὶς
1007 1551 1050 1632 ὥς
1072 1556 1247 1642 α’χοὶριστος

145 1652 385 1747 saltemareis,
408 1657 530 1723 ἐκεῖθεν
556 1656 753 1745 ἀπεπέμφθη
776 1660 835 1722 τοῦ
856 1659 1091 1743 στρατοπέδου,
1120 1655 1165 1740 μή
1188 1682 1247 1721 κα-

44 1811 49 1816 ,
144 1756 269 1835 θοιροῖςχ
290 1755 513 1845 α’πελεγχθείς,
544 1755 737 1841 ὕπονοηθοίς
766 1760 801 1821 δέ
829 1755 883 1822 ίιοὶ
914 1757 971 1840 τὴν
991 1759 1149 1841 προτέραν
1170 1755 1247 1821 α’πὸ·

100 1867 236 1918 15νοιοιν
258 1851 313 1916 καί
339 1853 373 1916 w·
397 1851 486 1938 nupti
509 1857 670 1936 Νεμίτζον
700 1855 787 1932 τινος
808 1860 869 1923 τῶν
890 1855 1246 1942 έπισὴμωνκατηγορη·
1322 1872 1326 1878 ’

144 1955 244 2034 θῆναι
268 1956 427 2038 σφοδρῶς.
480 1952 510 2020 οἱ
533 1956 562 2018 d'
582 1951 705 2039 ἑταῖροι
739 1952 854 2022 τοιίτοο
873 1954 1031 2038 μαθόντες
1053 1955 1088 2020 sti
1109 1954 1246 2039 γεγονός,

145 2043 277 2134 ἄραντες
292 2054 327 2116 έιι
342 2055 397 2116 τοῦ
415 2059 574 2140 φρουρίου
592 2053 649 2139 τήν
661 2061 919 2138 Μεσοποταμίαν
934 2054 1123 2142 κατὴλασαν,
1143 2053 1244 2122 πολλὰ

144 2150 235 2216 δεινὰ
256 2160 321 2228 τοῖς
346 2151 445 2220 dusios
469 2158 511 2219 dt’
535 2159 708 2244 ἐπιδρομῆς
729 2158 940 2241 ἐργαζόμενοι.

241 2252 327 2320 Ἐπεί
348 2257 375 2318 δ’
391 2255 413 2322 ,ὅ
436 2259 588 2340 βασιλεῦς
607 2255 687 2338 μετὰ
711 2255 853 2340 πλήθους
874 2249 947 2341 ἧκεν
966 2261 1011 2335 είς
1034 2257 1093 2341 τὴν
1116 2257 1246 2324 Καισέ-

97 2377 136 2432 20
145 2379 245 2439 ρειαν,
267 2349 336 2420 εἶτα
359 2358 414 2427 καί
434 2362 473 2443 τῇ
493 2360 645 2448 Λαρίσσῃ
667 2360 847 2443 προσέμιξε)
869 2362 923 2424 καί
945 2356 965 2442 ἦ
991 2358 1082 2444 φήμη
1101 2357 1161 2442 τήν
1182 2358 1247 2446 φη-

144 2483 207 2541 μην
231 2453 401 2542 φθάνουσα
425 2451 530 2542 η’νιαῖς
556 2460 704 2543 Τούρκοον
730 2463 850 2549 πλῆθος
880 2454 954 2525 έσον
977 2455 1066 2524 οὗτοι
1085 2463 1161 2524 ποτέ
1182 2458 1243 2542 πρέ

127 2554 362 2648 ,διαστήματος
385 2558 441 2621 οὐκ
463 2558 570 2644 σ’λίγου
592 2566 739 2644 λεηλατεῖ
758 2559 813 2625 καί
839 2566 1030 2646 κατᾳτρὲχει
1052 2559 1108 2647 τὴν
1125 2559 1245 2644 χώραν,

147 2659 305 2740 ἐξέπεμψε
337 2663 397 2738 μέν
417 2664 514 2748 μέρος
536 2688 566 2727 τι
593 2663 647 2745 τῆς
666 2662 817 2745 στρατιᾶς
836 2665 905 2728 κατ’
930 2664 1054 2749 αὐτῶν,
1090 2663 1190 2748 μηδὲν
1210 2662 1246 2725 δέ

145 2961 242 3017 magna
255 2949 325 3000 iacta
344 2949 463 3003 cominus
482 2951 607 3019 perfecit.
644 2952 828 3020 progredienti
846 2960 935 3004 autem
956 2954 1015 3021 regi
1034 2952 1096 3003 inde
1113 2959 1174 3018 post
1188 2951 1245 3006 dies

86 3085 91 3090 ἱ
146 3021 250 3087 aliquot
267 3019 413 3075 adveniens
433 3031 459 3074 et
477 3025 550 3075 servi
568 3025 652 3073 instar
671 3025 759 3073 omnia
780 3023 883 3073 iaciens
902 3031 1031 3090 sequutus
1051 3029 1092 3073 est
1110 3036 1202 3088 regern
1219 3032 1247 3074 et
1268 3021 1276 3033 '

146 3096 205 3160 ipse
225 3107 324 3158 paucos
343 3095 468 3161 quosdam
488 3108 593 3145 suorum
613 3091 727 3142 militum
746 3090 890 3144 adducens.¹
926 3098 1032 3142 'eeteros
1049 3092 1118 3142 enim
1136 3090 1247 3159 reliquit

146 3167 175 3214 in
194 3164 365 3216 llaurocastri
385 3166 428 3214 cui
453 3161 599 3228 imperabat
618 3162 730 3213 castello
748 3163 777 3213 in
800 3177 854 3212 uno
884 3163 1101 3214 Armeniacorum
1126 3162 1247 3214 locorum

146 3237 198 3288 sito
218 3237 245 3286 in
264 3235 335 3287 colle
356 3235 410 3286 alto
435 3241 461 3282 et
481 3231 671 3282 inaccessibili.
709 3234 844 3285 incusatus
863 3242 949 3285 autem
969 3235 1038 3301 apud
1060 3250 1152 3303 regem
1171 3234 1247 3301 quasi

145 3307 318 3358 meditaretur
337 3307 415 3356 etiam
428 3317 518 3352 rursus
531 3303 646 3364 ¹crudele
661 3303 724 3370 quid
744 3313 770 3355 et
788 3305 895 3356 infidum
907 3306 934 3356 iu
948 3307 1031 3372 ipsius
1050 3307 1170 3358 centuria
1180 3308 1245 3373 (na.

146 3387 206 3429 tura
233 3380 303 3429 enim
337 3375 444 3425 infidum
476 3388 561 3441 genus
585 3373 766 3444 Francorum)
796 3384 823 3426 et
852 3377 922 3445 quod
955 3392 1009 3428 non
1039 3377 1165 3428 voluntas
1199 3377 1246 3428 sed

147 3451 290 3517 amicorum
315 3448 372 3498 cius
392 3445 510 3496 absentia
538 3446 723 3496 remissionem
743 3447 882 3512 efficeret,
911 3449 1051 3516 quominus
1074 3448 1246 3498 insidiaretur

146 3522 226 3588 regi,
245 3518 324 3570 valde
343 3516 501 3569 diiudicatus
520 3524 549 3566 ut
568 3517 686 3584 ingratus
706 3525 733 3568 et
751 3519 802 3571 deo
822 3520 941 3582 invisus,
971 3519 1033 3569 inde
1058 3518 1180 3569 dimissus
1205 3524 1246 3567 est

147 3591 288 3642 exercitu:
307 3601 361 3638 uon
380 3603 445 3654 pure
465 3588 614 3650 convictus,
634 3589 680 3640 sed
700 3597 840 3655 suspectus
858 3596 969 3656 propter
989 3589 1105 3654 priorem
1124 3587 1245 3653 pravita-

145 3671 200 3713 tem
220 3667 246 3710 et
264 3660 326 3726 quia
344 3675 359 3710 a
377 3658 498 3712 Ilemitzo
518 3659 630 3727 quodam
648 3659 793 3712 illustrium
821 3667 960 3711 accusatus
991 3665 1048 3708 erat
1071 3672 1244 3726 magnopere.

146 3731 225 3784 amici
244 3737 330 3780 autem
350 3730 426 3782 huius
446 3739 584 3798 postquam
604 3731 762 3782 audiverunt
781 3746 846 3795 rem,
860 3729 974 3796 proiecti
993 3745 1008 3778 e
1027 3727 1139 3795 castello
1153 3729 1244 3783 Μονο-

147 3803 288 3871 potamiam
308 3803 428 3869 aggressi
447 3810 517 3867 sunt,
542 3800 623 3854 multa
642 3802 711 3853 mala
729 3802 826 3853 incolis
845 3800 999 3852 incursione
1020 3799 1194 3852 lacessentes.

247 3889 300 3942 Sed
319 3905 377 3940 cum
395 3906 443 3940 rex
463 3906 521 3940 oum
540 3889 825 3940 multitudineveniret
833 3888 866 3938 ad
876 3887 1043 3951 Caesaream,
1054 3888 1149 3941 deinde
1165 3889 1244 3938 otiam

147 3964 269 4016 Larissae
289 3975 318 4012 sc
338 3963 515 4028 coniungeret
534 3970 560 4012 et
581 3961 650 4011 lama
670 3960 763 4010 lamam
783 3967 968 4024 praeverteret
986 3959 1126 4010 lurcorum
1150 3957 1243 4008 multi.

149 4035 281 4098 tudinem,
302 4041 398 4101 quauta
422 4047 556 4100 uunquam
583 4040 678 4094 antea,
705 4027 852 4081 intervallo
875 4045 930 4081 non
966 4044 1049 4097 paruo
1074 4029 1190 4093 diripere
1218 4034 1245 4079 et

148 4121 304 4172 percursare
322 4112 435 4167 terram,
453 4105 525 4156 misit
548 4112 649 4170 partem
673 4097 788 4170 aliquam
815 4103 950 4154 exercitus
972 4110 1065 4153 contra
1089 4113 1151 4150 eos:
1176 4097 1245 4149 nilril

147 4184 234 4230 autem
253 4177 436 4244 perficientem
458 4176 505 4228 sed
523 4174 669 4243 fugientem
689 4175 827 4241 excipiens
845 4175 951 4226 missum
981 4173 1126 4224 e'xercitum
1151 4171 1244 4228 ordine
