2875 4734
593 235 801 304 nisroma.
1177 217 1251 300 {aa

146 397 255 480 γενῶν.
300 393 396 474 δόξας
417 396 452 459 δέ
471 395 514 479 μή
540 396 606 460 κατ’
626 393 737 482 ἔφεσιν
765 398 943 481 τιμηθῆναι
963 419 1051 480 παρα
1074 398 1132 460 τοῦ
1152 399 1250 478 βασι·

147 501 226 573 λεόις
247 496 302 561 καί
319 495 442 580 δωρεάς
456 495 647 582 α’ποχράσας
664 501 773 577 λαβεῖν
789 497 986 562 α’ποστασίαν
1007 495 1173 581 ἐσκάπησε,
1195 492 1251 560 καί

148 597 262 662 ου’τίκα
284 595 359 671 τούς
380 598 598 669 συναντῶντας
612 597 797 683 φορολόγαν
813 621 847 662 τε
863 599 918 662 καί
938 595 1067 672 λοιποάς
1083 593 1249 662 σκυλεύειν

147 699 203 760 καί
216 693 405 780 διαρπάζειν
426 687 555 782 ήρξατο,
576 696 632 761 καί
645 697 747 762 πάντα
759 699 840 781 δρᾶν
852 693 910 763 ὅσα
927 696 1084 762 δεσπότου
1100 695 1250 760 άποπτά-

122 815 221 868 τουσι
243 793 402 879 χαλινούς.
426 798 522 882 φόνον
544 799 579 863 δὲ
598 799 766 880 Ῥωμαίων
790 799 903 864 oddara
917 798 1098 881 εἰργάσατο.
1127 795 1177 860 διὸ
1195 798 1252 861 καί

148 893 229 961 κατά
250 895 418 980 βασιλικήν
441 895 565 981 ἐντολήν
591 899 804 983 (ἐμεμαθήκει
828 900 889 983 γάρ
912 895 1017 962 πάντα
1040 894 1057 960 o‘
1081 899 1249 984 βασιλεύς)

148 1001 260 1062 πολλοί
274 997 338 1062 τῶν
350 1001 555 1080 στρατιωτῶν
572 997 651 1081 πρὸς
672 1000 782 1083 μάχην
796 1001 899 1089 τούτῳ
913 997 1120 1083 συνήντησαν.
1141 999 1254 1073 πάντες

148 1099 183 1162 δὲ
192 1098 246 1180 τής
259 1100 373 1162 τούτου
385 1099 548 1184 ῥομφαίας
560 1098 750 1184 ἡττήθησαν.
759 1107 939 1165 τελευταῖον
947 1101 982 1164 δέ
996 1102 1117 1188 στρατρῖ
1126 1095 1253 1186 μεγάλῳ

148 1200 212 1262 τῶν
222 1191 377 1282 ἐσπερίων
392 1202 482 1264 πέντε
499 1198 666 1282 ταγμάτων
684 1198 930 1284 ἐπιστρατεύσας
945 1197 1013 1266 κατ’
1030 1201 1130 1266 αάτοῦ
1140 1199 1175 1265 ἐκ
1191 1200 1254 1261 τάν

106 1311 140 1364 10
149 1297 360 1380 Ἀρμενιακῶν
390 1297 555 1385 θεμάτων,
579 1302 612 1363 ἐν
644 1291 669 1386 ᾧ
701 1299 951 1386 παρεχείμαζον,
974 1298 1062 1384 ἐτήν
1085 1300 1254 1385 ἡγεμονίαν
1298 1361 1309 1368 .

149 1395 268 1462 τούτων
281 1400 466 1483 ἐπιτραπεὶς
476 1398 626 1484 Σαμουήλ
640 1398 819 1485 βεστάρχης
833 1400 1064 1477 ὁἈλουσιάνος
1078 1398 1253 1483 λεγόμενος,
1331 1418 1333 1429 ·

114 1499 116 1504 “
149 1497 204 1561 καί
226 1500 299 1580 περί
319 1492 436 1582 ὄρθρον
452 1503 608 1576 ἐπιτεθείς
634 1503 735 1589 τούτῳ
754 1503 925 1585 ἠρεμοῦντι
947 1500 1001 1565 καί
1022 1500 1253 1586 άναπαυομένιρ

150 1594 230 1676 κατά
252 1596 286 1661 τὸ
310 1599 427 1675 εέοοθὸς
448 1603 502 1686 τής
521 1601 741 1684 άνασταοίμου
764 1598 886 1687 ήμέρας
905 1604 962 1666 κἀί
978 1601 1115 1685 μεγάλης
1136 1621 1252 1681 κυρια-

150 1703 205 1784 κής
224 1702 459 1784 ἐφισταμένης,
482 1701 597 1788 ἔπραξε
618 1709 677 1783 μὲν
694 1711 837 1786 γενναῖον
864 1697 971 1785 ου’δέν,
992 1700 1093 1768 ἔπαθε
1115 1703 1151 1767 δέ
1166 1707 1253 1783 μᾶλ-

106 1807 204 1866 15λον
225 1800 310 1866 πάνυ
330 1804 443 1876 κακῶς.
497 1799 687 1885 ἐμπεσόντες
713 1803 776 1885 γάρ
809 1802 839 1868 οἱ
868 1805 1063 1885 στρατιῶται
1091 1812 1157 1876 τοῖς
1185 1803 1253 1865 τῶν

150 1907 272 1986 σκηνάν
306 1906 495 1983 καλῳδίοις,
532 1907 587 1966 καί
614 1907 852 1983 συμπλακέντες
888 1905 1018 1988 αὐτοῖς,
1044 1888 1161 1986 γνοῦσιν
1187 1907 1252 1974 τοῖς

151 2000 310 2084 Φράγγοις
330 2003 386 2086 τής
408 2005 579 2087 ἐπιβουλῆς
605 2005 824 2088 πεποιήκασιν.
876 2002 911 2068 οἳ
928 2004 963 2067 δέ
983 2005 1154 2088 σταθηροῖς
1173 1995 1252 2065 ἐαο.

151 2101 226 2178 τούς
246 2100 537 2184 α’νακαλεσάμενοι,
569 2106 625 2168 καί
645 2103 724 2186 πρὸς
747 2097 870 2185 άμυναο
891 2106 1062 2189 τραπέντες
1084 2101 1194 2187 εέθάς,
1214 2101 1254 2166 ου’

150 2205 324 2288 μοχθηροῖς
346 2201 422 2279 τούς
439 2202 617 2283 Ῥωμαίους
639 2208 695 2286 τής
709 2208 911 2288 παρεμβολῆς
930 2200 1126 2268 άπεοέσαντο.
1170 2200 1255 2284 ταχά

105 2321 141 2376 20
154 2301 188 2369 ti
210 2307 274 2368 τῶν
296 2302 399 2368 ἵππων
424 2305 603 2386 ἐπιβάντες,
623 2305 666 2378 οἷς
691 2299 776 2386 εἶχεν
796 2303 927 2380 ἕκαστος
948 2306 1088 2387 σπουδῆς
1110 2302 1165 2366 καί
1189 2328 1254 2367 πα-

153 2405 331 2490 ρασκευῆς,
360 2407 415 2492 καί
438 2405 571 2470 κατόπιν
602 2405 772 2481 ἐλάσαντες
796 2403 931 2479 πολλοὺς
960 2406 1021 2484 μὲν
1040 2396 1176 2482 desnos,
1198 2397 1254 2466 ἄλ-

152 2511 228 2582 λους
249 2507 284 2570 δέ
318 2507 533 2592 ζωγρήσαντες
561 2504 684 2591 ἔλαβον.
740 2509 812 2572 τότε
842 2503 881 2590 δή
917 2507 1118 2592 προκαθίσας
1149 2501 1166 2567 d
1193 2503 1255 2568 τάν

153 2605 303 2672 Λατίνιον
332 2609 473 2691 ἐξάρχων
505 2608 562 2674 οὐκ
591 2602 722 2696 άκαιρον
757 2609 824 2674 ov’d'
852 2605 1024 2690 α’νεάλογον
1059 2606 1255 2692 δημηγορίαν

153 2925 270 2970 maturus
288 2917 326 2969 ibi
346 2931 404 2970 oum
423 2919 467 2986 iis,
485 2922 530 2989 qni
549 2936 608 2973 curn
629 2937 662 2974 eo
681 2921 845 2990 navigabant
862 2928 890 2973 ot
907 2918 1075 2987 propinquis,
1096 2917 1142 2986 qui
1167 2919 1254 2971 advo.

154 2998 259 3042 nerant.
297 3007 355 3042 eum
374 2998 460 3042 autem
479 3001 585 3060 putaret
603 3009 633 3046 se
651 3009 705 3043 non
724 2992 869 3044 seeundum
889 2992 1004 3042 studium
1023 2989 1180 3040 honoratam
1193 3003 1253 3041 esse

155 3077 254 3131 aroge
275 3071 302 3113 et
320 3064 387 3114 dona
405 3063 567 3115 sufficientia
586 3056 734 3128 accepisse,
753 3061 932 3112 deiectionem
951 3061 1091 3111 meditatus
1103 3065 1181 3109 estet
1196 3066 1252 3109 sta.

155 3135 201 3185 tim
228 3133 399 3202 vectigalium
425 3143 581 3195 exactores,
602 3135 647 3201 qui
669 3135 693 3182 ei
713 3139 885 3183 occurrerent
904 3140 931 3182 et
948 3130 1069 3197 reliquos
1089 3127 1207 3195 spoliare
1227 3137 1254 3180 ot

155 3206 273 3271 diripere
293 3206 382 3270 eoepit
404 3210 430 3253 et
450 3205 537 3253 omnia
554 3219 636 3270 agere
656 3219 725 3270 quae
743 3204 842 3254 domini
864 3203 1005 3254 excutiunt
1023 3201 1115 3264 frona,
1146 3199 1252 3250 eaedem

155 3284 243 3328 autem
262 3276 432 3344 Graecorum·
448 3272 548 3323 nullam
565 3275 690 3326 instituit.
728 3290 811 3341 quare
831 3277 909 3326 etiam
929 3290 962 3325 ex
983 3273 1058 3340 regio
1077 3269 1253 3340 inasu‘(audi.

155 3354 231 3400 verat
256 3349 324 3398 onim
357 3341 446 3394 omnia
475 3349 542 3414 rex)
575 3344 649 3395 multi
682 3345 782 3398 milites
808 3347 840 3397 ad
870 3360 984 3414 pugnam
1018 3345 1042 3394 ei
1070 3349 1253 3394 occurrerunt.

155 3431 246 3469 omnes
264 3425 352 3469 autem
371 3414 448 3467 huius
468 3415 557 3483 gladio
576 3417 689 3467 maximo
703 3418 803 3468 devicti
822 3417 892 3469 sunt.¹
919 3424 1054 3483 postremo
1072 3421 1159 3464 antem
1174 3428 1254 3463 exer-

155 3491 210 3542 citu
227 3502 324 3554 magno
343 3485 546 3539 occidentalium
565 3488 683 3555 quinque
710 3489 831 3541 ordinum
858 3488 994 3554 proiectus
1019 3493 1111 3534 eontra
1136 3497 1195 3531 enm
1222 3496 1256 3532 ex

154 3558 320 3614 Armeniaois
339 3558 504 3624 provinciis,
525 3560 568 3611 ubi
595 3558 756 3623 hiemabant,
781 3561 823 3611 cui
852 3559 990 3625 imperium
1010 3555 1101 3606 harum
1126 3552 1256 3603 creditum

156 3638 214 3683 erat
233 3628 339 3681 Samuel
360 3630 501 3684 vestiarius
511 3631 655 3684 blasianus
674 3640 794 3694 vocatus,
811 3639 837 3682 et
851 3627 1077 3694 manooppositus
1088 3623 1150 3674 lmic
1161 3623 1253 3690 quieto

156 3711 183 3754 et
204 3715 234 3753 ae
250 3699 381 3751 redolenti
402 3703 567 3772 emore'die
586 3704 792 3754 resurrectionis
818 3700 917 3752 domini
946 3706 973 3748 et
996 3711 1091 3763 magna
1118 3694 1253 3746 dominica

156 3777 283 3834 instante,
305 3772 359 3840 egit
378 3773 482 3839 quidem
499 3773 591 3825 nobile
609 3773 687 3837 nihil,
706 3775 785 3822 immo
805 3787 898 3838 passus
918 3765 1049 3820 estvalde
1065 3765 1143 3817 mala.
1181 3765 1253 3815 inei.

157 3846 257 3896 dentes·
277 3843 344 3892 onim
370 3843 468 3896 milites
492 3845 518 3895 in
544 3845 719 3896 tentoriorum
754 3851 844 3894 vestes
872 3849 899 3891 et
927 3838 1048 3906 impliciti
1072 3840 1106 3888 iis
1132 3838 1253 3887 notitiam

156 3915 265 3967 Francis
287 3913 440 3965 insidiarum
459 3916 637 3967 reddiderunt.
676 3915 702 3965 hi
722 3922 809 3965 autom
826 3918 980 3974 ⁴constanter
998 3926 1028 3961 ee
1047 3916 1206 3961 revocantes
1227 3915 1254 3956 et

157 3987 189 4037 ad
210 3986 351 4036 ardendum
371 3987 456 4037 atatim
481 3988 563 4050 versi,
583 4001 638 4037 non
666 3985 801 4037 laboriose
821 3984 937 4037 Graecos
963 3982 1056 4034 eastris
1082 3977 1250 4045 expulerunt.

158 4056 284 4110 celeriter
302 4065 388 4110 autom
407 4072 490 4125 equos
509 4058 684 4111 ascendentes
703 4065 733 4108 ut
749 4056 864 4108 habebat
882 4055 995 4124 quisquo
1013 4051 1126 4105 studium
1145 4055 1173 4098 et
1201 4061 1252 4113 ap.

157 4135 284 4196 paratum,
305 4135 331 4179 et
349 4145 364 4180 e
382 4135 458 4196 tergo
472 4131 587 4197 proiecti
604 4127 701 4183 multos
721 4127 922 4192 interfecerant,
932 4125 999 4178 alios
1016 4124 1094 4175 vivos
1114 4123 1250 4186 ceperant·
