2875 4734
185 268 197 280 .
246 209 297 282 eo
554 205 779 278 urcnuanrs'
801 204 1062 277 amtnromn
1171 177 1204 255 ἵ

247 372 383 460 ἑορτῆς,
404 371 461 437 καί
478 375 560 456 μηδὲ
581 371 674 457 λόγου
697 374 848 456 τυχόντες
868 374 966 458 χερσὶ
985 373 1107 454 δημίων
1126 365 1204 444 τοός
1225 365 1354 454 optat.

246 473 327 555 μυός
349 471 594 556 ἀποβάλλουσιν.
649 470 776 556 ἑτέρους
805 475 843 538 tt·
843 474 916 560 τής
938 475 1135 547 ἀποστασιάς
1163 468 1355 552 συμμόστας

240 569 263 639 ό
284 572 436 654 βασιλεάς
457 577 502 649 εἰς
519 599 612 656 σωμα
633 573 766 638 κολάσαι
787 575 847 636 ουίι
865 570 1057 663 φ’κονόμηοε,
1071 573 1158 660 φυγή
1181 574 1216 636 δὲ
1237 569 1355 647 αότοός

248 699 301 740 και
297 673 497 759 δημεόσιι
504 675 752 761 προσεζημίωσε.

349 778 416 854 Καὶ
435 773 473 838 τό
490 780 549 854 μὲν
569 780 624 860 τῆς
644 777 814 860 ἐπιβουλῆς
835 775 977 840 τοιοάτον
993 772 1069 858 ἔσχε
1090 750 1139 838 τό
1147 779 1244 849 τέλος.
1270 775 1352 838 Essi-
1362 784 1378 836 5

246 884 304 943 θαι
328 878 372 956 δέ,
395 870 449 952 οδς
475 875 699 955 Πατζινόιιους
720 869 844 940 οἶδεν·
828 903 844 940 o
868 874 1017 961 δημώδης
1050 874 1137 958 λόγος
1157 882 1276 952 καλεῖν,
1297 875 1354 939 τόν

238 969 359 1062 Ιστρον
379 975 525 1061 παγγενεό
540 975 706 1060 διαβάντες
720 980 789 1058 μετ’
808 1001 846 1040 ου
836 972 948 1040 ’notri
969 984 1033 1052 τοῖς
1050 973 1236 1058 Ῥωμαϊκοϊς
1259 979 1353 1059 ἐγκα-

246 1079 447 1163 τεσκήνοοσαν
479 1077 607 1162 τόποις,
636 1081 723 1159 γόνος
747 1081 818 1142 ἀντὶ
840 1079 943 1162 πόσης
975 1070 1073 1162 ἀλλης
1104 1077 1278 1162 ἐπιστήμης
1299 1077 1355 1140 κατ’

253 1182 365 1262 τέχνης
385 1173 442 1258 τήν
460 1181 534 1259 μεθ’
558 1173 663 1242 ὅπλων
685 1177 862 1262 ἐπιδρομήν
888 1177 1030 1262 ήσκηκός,
1051 1176 1106 1241 καό
1117 1179 1196 1264 ,βίον
1217 1174 1293 1260 ἔχον
1315 1171 1350 1240 τό

246 1282 281 1343 όν
301 1278 447 1368 ῥομφαίᾳ
470 1277 524 1342 κατ’
548 1277 628 1364 τόξῳ
652 1275 707 1340 καί
724 1282 811 1358 βέλει
832 1279 977 1360 συνεχῶς
1007 1281 1130 1362 διαζῆν,
1150 1281 1299 1360 μυσαρὸν
1317 1278 1394 1344 teti

246 1377 285 1444 τά
313 1379 392 1463 πρός
413 1379 449 1445 τό
482 1383 553 1464 ζήνΙ
569 1378 624 1442 κατ’
645 1375 703 1461 τήν
724 1373 822 1463 ἀλλην
841 1377 1019 1463 διαγωγήν,
1049 1383 1103 1444 καὶ
1123 1383 1353 1464 μιαροφαγιοάν

246 1478 396 1560 οάδαμιός
420 1478 628 1562 ἀπεχόμενον.
672 1482 766 1545 τοῦτο
786 1482 908 1566 πονηρᾷ
927 1479 989 1544 τινό
1008 1478 1087 1567 τόχη
1106 1487 1168 1554 τοῖς
1184 1479 1354 1560 Ῥωμαίοις

246 1576 485 1660 ἐπεισκωμάσαν
508 1575 609 1662 όριόις
633 1576 732 1643 πολλά
757 1577 845 1644 δεινοὶ
876 1582 932 1644 aas*
953 1580 1035 1668 λόγῳ
1059 1576 1196 1665 ῥηθῆναι
1219 1578 1354 1661 καθεξῆς

245 1679 288 1764 μή
311 1682 472 1760 δυνάμενα
493 1683 525 1755 ἐς
553 1673 693 1771 ἀστερονΧ
709 1683 918 1763 διαπέπραχε.
968 1684 1045 1756 τέως
1072 1683 1101 1744 δ’
1127 1674 1183 1744 osis
1205 1678 1259 1762 τῆς
1281 1675 1357 1761 περὶ

246 1777 365 1845 τούτων
398 1785 507 1866 φήμης
539 1781 776 1865 ε’πιδραμοόσης
806 1779 865 1856 τάς
896 1780 972 1865 πρὸς
994 1777 1083 1865 ήλιον
1104 1779 1235 1865 λήγοντα
1258 1774 1351 1844 δυκά.
1364 1788 1394 1843 15

247 1903 317 1960 μεις
338 1878 354 1944 δ
374 1879 528 1962 βασιλεδς
550 1883 659 1955 ου’τοῖς
688 1879 891 1965 ἐπεστήσατο.
942 1878 972 1946 οἱ
994 1884 1031 1945 δὲ
1051 1884 1109 1965 τῆς
1129 1905 1164 1946 τε
1185 1876 1355 1960 ἀλλοτρίας

247 1976 294 2044 ι’όιι
315 1984 511 2056 καθεστῶτες
542 1981 733 2065 ἀπείρατοι,
758 1983 813 2045 κατ’
831 1981 913 2069 νόοφ
943 1979 1092 2062 λοιμώδει
1113 1976 1356 2065 καταιρυχόμε-

167 2077 174 2090 ’
249 2103 314 2164 νοτ,
341 2077 513 2164 ἀσυνήθως
536 2083 571 2146 δὲ
594 2079 650 2145 καί
678 2081 758 2164 πρός
781 2082 838 2157 τοὶς
861 2079 1043 2161 Ῥωμαϊκάς
1074 2079 1237 2166 φάλαγγας
1268 2078 1356 2144 ἀντι·

250 2179 486 2262 στρατεύεσθαι
515 2179 655 2264 ἔχοντες,
684 2189 798 2266 χεῖρας
819 2186 879 2264 μὲν
907 2182 1041 2265 ἀντόροιι
1062 2179 1186 2258 τοότοις
1206 2174 1266 2245 οόκ
1285 2182 1355 2244 ario·

250 2281 400 2364 κε’μασαν,
421 2280 497 2360 τοός
521 2285 558 2347 δὲ
579 2281 742 2368 ἀρχηγοὺς
766 2282 874 2347 αάτοόν
896 2286 950 2348 καί
971 2282 1262 2367 συνταγματάρχας
1284 2279 1396 2344 ooo-tt

250 2403 302 2456 τες
326 2383 488 2467 ἐνέχυρον,
510 2385 566 2448 καί
586 2383 744 2450 δούλωσιν
770 2379 872 2460 οὕτως
885 2382 1147 2467 ἀποκρινόμενοι,
1168 2386 1358 2468 φελανδριι·

250 2482 324 2557 πόας
346 2482 493 2583 imeri-ico
514 2485 717 2569 τυγχάνουσι.
760 2483 816 2549 κατ’
834 2485 925 2560 λόσις
944 2482 1009 2550 τότε
1030 2489 1086 2570 τῆς
1105 2487 1259 2568 στρατιᾶς
1280 2485 1355 2547 δια-

254 2721 257 2731 ,
323 2667 354 2807 2d
370 2664 571 2794 αμμυστὸιςῦ
647 2671 688 2721 11.
708 2670 956 2744 μιαροφαγῶνῦι
977 2671 1095 2722 correxit
1111 2669 1253 2724 Brnnetns
1311 2670 1354 2722 15.

323 2741 460 2812 iyorses

254 2916 282 2963 et
307 2911 449 2965 salvatoris
475 2916 560 2966 nostri
581 2913 644 2967 lesu
671 2914 770 2968 Christi
795 2921 874 2983 atque
906 2928 941 2966 ne
964 2927 1114 2969 sermonem
1138 2903 1243 2983 qni‘dem
1265 2913 1356 2981 adepti

253 2983 372 3035 manibus
391 2986 543 3038 camiiicum
562 2985 656 3038 oculos
675 2988 813 3050 amittunt,
833 2986 900 3038 alios
919 2995 1006 3038 autem
1026 2987 1181 3038 defectione
1199 2985 1306 3037 simnl'
1298 2988 1354 3036 mi-

253 3057 333 3108 tiatos
351 3071 400 3108 rex
418 3066 532 3125 corpore
550 3059 639 3124 puniri
657 3073 710 3109 non
733 3059 825 3121 iussit3
851 3057 934 3108 exilio
956 3066 1043 3154 autem
1064 3072 1110 3108 cos
1128 3065 1155 3107 et
1172 3055 1355 3123 publicatione
1421 3050 1422 3145 ή

274 3130 369 3181 univit.

255 3141 271 3194 p
353 3201 440 3267 Atque
460 3201 555 3252 seditio
572 3201 652 3251 talem
671 3201 763 3253 habuit
784 3202 891 3252 exitum.
930 3200 1046 3266 Scythae
1066 3207 1163 3263 autem,
1182 3198 1354 3267 quosPatri-
1421 3148 1422 3201 ό

254 3283 337 3320 uacos
355 3270 426 3322 solet
445 3273 588 3322 communis
608 3287 694 3323 sermo
715 3274 868 3337 nominare,
893 3273 988 3325 istrum
1013 3288 1072 3323 cum
1090 3279 1145 3323 tota
1164 3279 1245 3339 gente
1263 3277 1353 3322 trans-

255 3342 341 3408 gressi
368 3356 422 3392 non
449 3343 487 3391 ita
516 3341 600 3393 multo
629 3352 704 3410 post,
730 3345 758 3394 in
785 3344 893 3397 Graecis
913 3352 999 3394 castra
1018 3351 1165 3411 posuerunt
1183 3342 1267 3393 iocis.
1287 3357 1354 3410 gens

254 3427 304 3480 pro
324 3413 395 3462 omni
413 3412 467 3464 alia
486 3413 598 3464 scientia
618 3422 645 3464 et
661 3423 718 3466 arte
736 3430 868 3466 armorum
885 3416 1067 3467 incursionem
1087 3421 1246 3466 exercuerat
1264 3420 1291 3464 et
1309 3414 1353 3464 vi-

254 3491 298 3536 tae
317 3497 402 3553 genus
421 3483 536 3535 habebat
553 3483 580 3536 id
598 3493 627 3537 ut
644 3487 671 3537 in
690 3485 781 3554 gladio
801 3494 828 3537 et
852 3502 916 3538 arcu
937 3493 964 3537 et
989 3485 1077 3537 iaculo
1098 3493 1249 3538 constanter
1268 3485 1354 3553 dege-

254 3564 306 3620 ret,
327 3555 433 3608 sordida
457 3563 545 3606 autem
574 3557 602 3607 in
619 3557 675 3608 vita
701 3566 728 3608 et
746 3557 820 3608 cultu
839 3557 908 3622 alio,
940 3565 968 3608 et
984 3558 1146 3625 impurorum
1167 3557 1285 3608 ciborum
1305 3569 1354 3607 esu
1420 3612 1421 3619 η

255 3629 362 3679 minime
380 3625 526 3679 abstinens.
558 3626 624 3678 haec
649 3628 747 3678 misera
776 3629 886 3712 quadam
912 3628 1051 3680 fortuna
1044 3645 1072 3679 ιιι
1097 3629 1240 3681 Graecos
1232 3641 1354 3695 ingressa
1420 3626 1421 3631 ’

255 3699 322 3750 iincs
340 3699 423 3751 multa
443 3698 575 3751 horrenda
595 3706 622 3748 et
640 3713 709 3766 quae
733 3701 855 3750 oratione
886 3699 938 3751 dici
963 3699 1090 3766 deinceps
1108 3714 1162 3750 non
1180 3699 1283 3765 possint
1302 3711 1355 3817 pod

257 3776 314 3822 stea
333 3773 507 3837 perpetravit.
553 3786 611 3820 cum
632 3771 713 3837 igitur
739 3770 859 3822 famaue
884 3770 925 3820 his
945 3779 1126 3836 percurrerem
1143 3772 1216 3821 vires
1230 3784 1304 3853 'quae
1321 3767 1355 3817 ad

257 3840 387 3890 orientem
406 3857 421 3891 a
438 3841 512 3892 bello
538 3841 691 3904 cessabant,
717 3857 767 3892 rex
787 3843 821 3892 iis
846 3843 980 3908 opposuit.
1023 3841 1065 3892 illi
1093 3849 1181 3892 autem
1199 3839 1356 3890 inimicitiae

258 3913 392 3962 etiamtum
417 3912 534 3977 imperiti
560 3920 586 3962 et
610 3913 701 3965 morbo
730 3913 859 3979 pestifero
885 3912 1001 3963 coniecti
1026 3928 1115 3980 neque
1134 3912 1256 3964 consueti
1275 3911 1355 3961 etism

257 3989 350 4034 contra
369 3979 483 4035 Graecas
508 3981 655 4051 phalanges
680 3983 794 4048 bellare,
813 3998 905 4036 manns
931 3991 1023 4034 contra
1041 3985 1090 4035 iios
1109 3982 1207 4034 tollere
1225 3997 1278 4034 non
1298 3990 1356 4033 sta-

177 4061 178 4070 *
257 4061 375 4118 tuerunt,
396 4052 478 4104 duces
497 4059 585 4102 autem
599 4069 661 4106 suos
681 4063 709 4104 et
727 4057 860 4122 agminum
878 4055 1009 4122 primores
1027 4070 1085 4107 cum
1105 4055 1241 4106 dedissent
1256 4061 1287 4104 nt
1304 4053 1355 4105 ob-

257 4126 344 4192 sides,
371 4130 398 4177 et
425 4123 619 4180 subiectionem
636 4125 674 4178 ita
690 4133 952 4193 repraesentassent,
981 4125 1169 4179 humanitatem
1186 4125 1250 4179 inde
1266 4121 1356 4194 adipi-
