2875 4734
583 293 793 386 uisnoatt.
1162 294 1236 368 μου

85 494 94 499 -
141 479 259 541 μαχος·
308 462 366 525 τοῦ
394 462 455 546 γάρ
485 465 643 544 βασιλέως
675 464 744 527 κατ’
771 466 871 529 έκεῖνο
894 464 958 541 ’τάς
977 463 1157 547 Ῥωμαϊκάς
1178 467 1238 529 δυ-

141 557 249 639 νάμεις
290 562 483 639 ἐλάσαντος,
531 567 775 649 καταπληκτικοὶ
804 568 863 646 μέν
901 565 1020 649 α’γοόνες
1054 568 1108 630 καί
1136 565 1239 649 μάχαι

141 670 328 747 περιφανεῖς
358 660 413 726 καί
441 667 628 749 πανημέριοι
651 670 906 752 συνερράγησαν,
937 668 1089 749 ου’όεμιάς
1111 668 1146 731 ot
1169 664 1242 730 τυά-

140 788 203 827 των
225 758 240 826 ό
262 760 475 850 Βστανειάτης
495 769 753 848 έναπυλέλειπτο,
776 767 844 832 ἀλλ’
865 767 1034 852 η’γωνίζετο
1056 771 1115 850 μέν
1135 760 1239 853 ὥσπερ

112 868 187 935 ὅτις
220 859 443 947 ἓκατοντάχειρ
475 870 528 931 καί
547 862 692 952 άεότερυς
711 867 871 952 Ἡρακλῆς
900 864 918 953 ἢ
950 870 1029 954 ὑπὲρ
1062 867 1116 934 τόν
1141 866 1242 952 Ἡρα·

138 965 223 1027 κλέα
238 968 355 1027 ἐκεῖνον
376 973 440 1042 τοῖς
462 962 574 1043 άθλοις
596 968 840 1050 ε’πιγαννάμενον
863 970 917 1055 (σά
939 968 999 1054 γάρ
1023 971 1242 1053 τρισκαιδέκα-
1251 976 1270 1029 i.
1281 974 1334 1031 218
1345 988 1369 1027 r·

138 1085 192 1145 τον
214 1055 314 1127 ἆθλον
337 1066 406 1129 αλλ’
428 1062 711 1134 ἓκατονταπλάσιον
731 1062 858 1157 ἤνυεν),
879 1069 959 1136 ἔνθα
984 1073 1018 1135 δέ
1040 1070 1157 1152 κάμνον
1180 1062 1242 1135 ἕω·

139 1166 218 1250 ράτο
241 1164 297 1228 καί
317 1176 511 1232 καταπῖπτου
545 1171 639 1252 κέρας
655 1170 844 1251 Ῥωμαϊκόό,
865 1176 966 1238 έκείσε
988 1168 1243 1253 καταλαμβάνων

139 1264 239 1343 αάτός
263 1266 412 1331 α’νεκτάτο
433 1266 468 1331 τό
491 1266 674 1351 α’νιάμενον,
697 1276 753 1335 κατ’
773 1270 916 1357 θάρσους
940 1277 1068 1357 πληρῶν
1090 1269 1243 1353 εὐτολμό-

95 1382 231 1449 1οτερον
256 1368 355 1430 έποίει
390 1372 445 1432 κατ’
464 1373 553 1433 νικᾶν
582 1366 808 1454 παρεσκεύαζε.
864 1376 966 1436 ταῦτα
1005 1372 1060 1436 οάκ
1092 1374 1145 1436 έπί
1165 1374 1244 1451 μιᾶς

140 1467 343 1553 ἐκστρατείας
364 1471 419 1552 τῆς
448 1469 527 1533 κατά
550 1473 614 1535 τάν
635 1474 796 1553 Ἀβασγάν
819 1474 906 1563 ου’τῴ
931 1470 1136 1558 άιηγάνιστο,
1159 1472 1240 1538 ittet

113 1563 197 1632 -καί
216 1568 269 1632 ε’πί
289 1572 451 1654 δευτέρας.
507 1573 556 1646 δίς
584 1570 644 1654 γάρ
681 1572 700 1659 ό,
721 1574 873 1654 βασιλεάς
903 1583 968 1649 τοῖς
995 1575 1166 1657 Ἀβασγοῖς
1186 1571 1242 1640 τόν

141 1673 278 1752 πόλεμον
297 1674 481 1735 έπιτέθεικε.
525 1672 580 1736 καί
602 1678 639 1761 τῇ
656 1677 716 1754 μὲν
734 1673 841 1765 πραότη
862 1674 1034 1761 μαχησμός
1056 1675 1165 1751 tutata
1186 1699 1244 1740 πε-

142 1775 281 1854 ριγέγονε
302 1774 357 1835 καί
371 1763 450 1854 ἧττα
467 1774 530 1836 τῶν
547 1774 725 1857 Ἀβασγάν,
749 1777 787 1837 ov'
802 1774 957 1859 παντελὴς
976 1779 1011 1839 δὲ
1028 1776 1242 1862 καταστροφή,

97 1884 131 1937 15
142 1877 182 1961 τῇ
203 1874 337 1960 δευτέρη
359 1875 393 1936 δέ
416 1874 562 1957 σφοδράς
589 1878 755 1959 γενομένης
788 1880 843 1940 καί
867 1880 1038 1961 φιλοτίμου
1061 1879 1117 1961 τῆς
1138 1904 1246 1961 παρα-

142 1973 259 2052 τάξεως
287 1974 391 2049 σάάείς
420 1976 479 2056 μέν
495 1974 663 2057 Ῥωμαίων
695 1978 825 2066 θανάτῳ
846 1980 1104 2063 περιπέπτωκεν,
1128 1972 1148 2062 ἢ
1171 1973 1246 2043 όσον

143 2067 442 2159 ε’άαρίθμητοικαί
463 2079 526 2140 τάν
556 2070 687 2160 άσὴμων
717 2082 810 2163 τινές,
843 2080 1039 2163 τραυματίαι
1071 2081 1105 2144 δὲ
1137 2082 1248 2143 πολλοί

142 2175 380 2263 κατεφάνησαν,
411 2181 473 2242 τάν
504 2181 534 2241 δ’
554 2178 718 2261 Ἀβασγάν
745 2178 841 2263 φόνος
865 2180 1026 2262 άπείριτος
1047 2183 1163 2265 γέγονε,
1184 2181 1247 2243 τάν

142 2282 201 2359 μὲν
222 2280 255 2341 έν
289 2282 329 2366 τῇ
352 2284 497 2365 συμβολῇ
525 2281 583 2342 τοῦ
603 2284 742 2360 πολέμου
776 2284 1046 2360 θανατωθέντων,
1073 2282 1135 2345 τάν
1156 2266 1191 2343 δέ
1213 2276 1246 2344 ἕν

95 2382 188 2467 tongi
210 2375 339 2465 φεόγειν
359 2376 527 2444 πεσόντων.
571 2382 744 2456 παντελοῦς
772 2377 831 2463 γάρ
856 2384 1022 2465 γενομένης
1045 2378 1152 2446 αάτάν
1171 2402 1246 2466 τρο-

143 2483 204 2564 πῆς
226 2484 281 2545 καί
298 2478 453 2560 διώξεως,
487 2482 664 2563 α’κορέστως
686 2479 715 2545 οἱ
733 2480 886 2563 Ῥωμαῖοι
916 2482 1004 2567 δίκην
1025 2483 1144 2565 άγρίων
1164 2504 1245 2567 προ-

143 2580 249 2663 βάτων
277 2580 407 2656 τούτους
435 2586 598 2645 κατέθυον.
658 2580 753 2646 ὁπότε
787 2580 842 2646 καί
876 2580 892 2645 ό
935 2580 1054 2647 τοότων
1083 2578 1245 2668 ἐθνάρχης

105 2662 114 2681 ”
138 2678 321 2765 1(Γειόργιος
354 2682 374 2765 ἦ
394 2685 501 2766 κλῆσις
524 2683 625 2771 αὐτῷ)
658 2684 712 2748 ἐπί
730 2679 833 2769 λόφου
854 2680 1019 2767 ἱστάμενος
1047 2686 1103 2749 καί
1125 2682 1161 2748 τό
1185 2681 1246 2749 τεόν

143 2780 311 2863 Ῥωμαίων
341 2782 550 2867 καταπλαγείς
584 2783 749 2869 σάνταγμα
783 2789 839 2851 καί
861 2787 1067 2872 -συγκίνημα,
1095 2787 1149 2849 κατ’
1169 2788 1246 2871 παρ’

220 2963 245 3013 5.
265 2978 298 3013 an
318 2965 366 3016 xci
384 2961 456 3035 άπὲρ
475 2996 510 3007 -
528 2961 777 3035 impetremus?

147 3140 195 3178 nos
216 3122 334 3191 duceret,
355 3128 528 3178 formidolosa
550 3124 693 3174 certamina
713 3130 740 3174 et
757 3138 863 3191 pugnae
883 3122 1002 3175 illustres
1016 3130 1042 3174 et
1054 3122 1164 3176 diurnae
1178 3138 1246 3175 eon.

148 3198 322 3250 serebantur:
342 3198 370 3248 in
388 3197 464 3246 nulla
482 3202 570 3245 autem
588 3194 679 3244 barum
699 3194 853 3245 Botaniates
875 3194 986 3246 relictus
1008 3202 1064 3246 est:
1085 3195 1132 3246 sed
1157 3202 1245 3245 certa.

147 3270 192 3320 bat
211 3277 334 3339 tanquam
355 3267 519 3318 centimanus
541 3273 567 3315 et
583 3266 652 3317 alter
673 3264 803 3316 Hercules
829 3263 873 3316 vel
898 3280 977 3332 supra
1003 3264 1145 3318 Herculem
1170 3265 1245 3319 illum

148 3340 336 3391 certaminibus
355 3337 472 3388 laetum:
491 3338 665 3405 nequeenim
684 3336 939 3388 decimumtertium
959 3343 1094 3390 certamen
1112 3338 1158 3390 sed
1178 3353 1245 3390 oen.
1314 3390 1316 3395 ,

147 3411 232 3478 tiplex
250 3407 415 3477 perficiebat.
441 3407 486 3458 ubi
505 3417 591 3459 autem
601 3407 725 3460 laborans
745 3408 959 3475 conspiciebatur
972 3417 998 3460 et
1017 3410 1142 3461 decidens
1163 3424 1245 3461 cornu
1277 3432 1279 3439 v

145 3482 292 3533 Romanum
311 3479 349 3529 ibi
368 3480 503 3545 accipiens
522 3481 581 3546 ipse
608 3478 773 3531 restituebat
789 3488 928 3545 vexatum,
959 3490 985 3532 et
1013 3482 1100 3531 animo
1132 3480 1245 3546 implens

148 3552 244 3602 fortius
260 3549 386 3602 reddebat
406 3552 483 3603 etad
502 3552 642 3603 victoriam
654 3552 788 3618 parabat:
808 3552 874 3603 haee
893 3567 946 3602 non
965 3554 992 3602 in
1013 3564 1066 3601 una
1085 3549 1132 3601 illa
1152 3559 1245 3602 eontra
1319 3554 1321 3559 ’

147 3621 270 3689 Abasgos
290 3622 461 3689 expeditione
481 3623 514 3673 ab
534 3638 566 3673 co
584 3632 692 3689 peracta
710 3631 780 3687 sunt,
800 3624 848 3679 sed
868 3624 948 3675 etiam
967 3624 994 3672 in
1004 3621 1098 3673 altera.
1119 3621 1160 3672 bis
1174 3622 1244 3673 enim

147 3708 197 3745 rex
207 3693 324 3767 Abasgis
334 3694 433 3745 bellum
447 3695 573 3761 imposuit
586 3702 667 3761 atque
680 3696 765 3761 primo
780 3695 884 3761 quidem
901 3708 990 3760 pugna
1003 3692 1161 3759 simpliciter
1174 3693 1245 3745 iacta

148 3774 189 3817 est
209 3772 235 3814 et
254 3764 344 3817 ctades
359 3765 535 3833 Abasgornm‚
555 3781 644 3832 nequo
663 3780 729 3819 vero
753 3765 873 3830 perfecta
899 3764 1024 3815 eversio:
1045 3764 1131 3817 altera
1157 3774 1244 3817 autern
1287 3783 1291 3789 ·

147 3837 203 3889 acri
224 3836 294 3887 iacta
313 3845 339 3888 et
358 3839 474 3889 studiosa
493 3839 552 3888 acie
576 3852 654 3887 nemo
681 3838 858 3888 Romanorum
883 3844 994 3887 mortem
1020 3836 1163 3901 occubuit,
1191 3836 1243 3887 bisi

105 3918 110 3932 “
147 3911 275 3978 perpauci
292 3920 372 3978 atque
392 3924 425 3961 ex
455 3910 569 3973 infimis,
597 3908 731 3959 vulnerati
762 3915 849 3959 autem
873 3906 1169 3974 multiaeapparuerunte
1196 3906 1243 3957 sed
1267 3956 1270 3964 ,

145 3983 312 4050 Abasgorom
331 3981 426 4031 caedes
448 3982 550 4032 infinito
569 3979 639 4031 sacta
657 3988 716 4042 est,
737 3976 806 4047 ,aliis
826 3980 853 4029 in
874 3993 1004 4031 concursu
1033 3979 1098 4030 belii
1125 3977 1240 4039 occisis,

146 4054 206 4105 aliis
226 4056 254 4105 in
273 4053 337 4121 iuga
356 4052 525 4105 cadentibus:
545 4052 627 4119 piena
647 4052 715 4102 enirn
737 4050 806 4102 sacta
826 4066 916 4103 eornm
927 4052 991 4119 fuga
1002 4058 1029 4102 et
1039 4048 1238 4116 persecutione,

145 4125 292 4179 insatiabssi
317 4124 394 4175 modo
411 4126 522 4176 Romani
541 4125 631 4176 ovium
651 4123 766 4175 ferarum
785 4125 867 4175 instar
889 4123 937 4175 hos
965 4121 1114 4184 necabant,
1134 4118 1238 4188 quando

146 4198 225 4250 etiam
243 4198 337 4251 borum
356 4196 476 4249 centurio
497 4195 621 4265 (Georgii
641 4196 665 4246 ei
687 4203 743 4246 eret
760 4199 871 4263 nomen)
891 4194 919 4245 in
942 4191 1014 4244 colle
1033 4200 1104 4245 stans
1133 4199 1160 4243 et
1182 4190 1238 4243 ao.
