2875 4734
224 327 272 409 tls
513 333 734 407 nicaenus
764 331 1023 403 sermione

224 501 357 581 αόμενον
383 500 426 563 δι’
457 497 566 562 adseri.
620 497 662 568 ὥς
692 499 719 562 δ’
750 499 953 577 ἀπεπέμπετο
985 494 1146 584 καὶκατὰ
1167 491 1325 578 χάρανδ

221 603 436 686 θηρευόμενος
458 597 560 679 ἔμενε,
582 603 638 664 καί
654 625 684 665 τι
706 598 867 682 προύργου
891 595 1023 679 πράξειν
1042 593 1324 681 ἀπηναισχύντουν

223 703 252 770 οἱ
275 701 308 768 ἒν
328 702 423 790 αὐτῷ,
445 699 681 784 προσαράσσειν
703 708 771 773 ταῖς
793 700 914 772 κατ’παις
938 697 994 760 οὐκ
1016 700 1049 772 ἐξ
1070 697 1221 772 εδπλοιάς
1241 720 1326 779 σχη-

221 801 433 886 ματιζόμενα.
487 802 698 874 διασωθέντος
730 804 836 864 τοίνυν
864 801 921 862 rori
941 801 1098 878 βασιλέως
1126 795 1260 880 ἀθινοῦς
1290 798 1325 862 ἒν

221 913 283 981 τοῖς
317 900 516 986 ἀνακτόροις,
557 904 721 966 ἕπετ”καί
756 897 772 963 ό
803 898 916 966 τούτου
948 897 1149 983 ου’τάδελφος
1174 890 1237 961 Ιδιοὶ
1270 897 1349 980 repes

223 1001 342 1090 ἀγορᾶς
368 997 480 1089 προῄει
508 1005 791 1085 προπορευομὲνων
830 1005 934 1066 adseri
965 1001 1021 1063 καί
1053 995 1325 1082 περικυκλοόντων

223 1103 424 1190 στρατιωτῶν
441 1101 671 1185 ἐγχεσιμάχων,
695 1102 842 1168 διάλυσιν
863 1099 1025 1184 ἐλάμβανε
1044 1095 1083 1164 τά
1097 1100 1150 1181 τῆς
1163 1097 1324 1172 στάσεως·

78 1203 96 1256 f·
119 1201 167 1263 181
187 1227 214 1267 τι.
224 1207 281 1271 τοῦ
303 1201 364 1287 γάρ
388 1196 487 1268 ἀλλου
511 1201 654 1285 πλήθους
676 1203 732 1285 τῆς
751 1200 872 1278 πόλεως
890 1200 935 1286 μη
967 1201 1241 1281 συναποστατῆσαι
1266 1203 1326 1262 θε-

222 1304 376 1388 λήσαντος
398 1306 452 1367 καί
471 1303 755 1387 συνδιαφθαρηναι
789 1305 829 1388 τῇ
857 1307 919 1369 τάν
948 1296 1124 1381 ἐπιβούλων
1152 1295 1324 1381 σκαιότητι,

193 1389 196 1399 ¹
224 1403 322 1490 φόβος
343 1407 495 1485 κατέσχεν
522 1401 650 1478 ου’τοός.
705 1407 760 1467 καί
789 1400 818 1467 οἱ
851 1407 911 1484 μὲν
936 1398 1157 1485 ε’πισημότεροι
1186 1397 1241 1462 καί
1265 1398 1324 1475 τός
1334 1425 1366 1478 10
1435 1473 1437 1487 Ι

222 1499 422 1585 ἀπλισμίνας
444 1495 506 1588 ἤδη
522 1499 830 1587 παραγυμνωσαντες
852 1508 894 1592 τη]
909 1505 1036 1590 μεγάλῳ
1058 1501 1114 1565 καί
1134 1501 1322 1590 περιωνόμφ

221 1606 288 1692 aaut*
309 1607 365 1686 τῆς
384 1607 444 1668 τοῦ
465 1607 545 1666 θεοῦ
568 1604 685 1687 σοφίας
700 1597 933 1688 προσέδραμον,
950 1601 1019 1686 λτήν
1041 1602 1115 1684 περί
1127 1603 1237 1683 ψυχῆς
1257 1626 1321 1664 σω-

219 1706 330 1789 τηρίαν
351 1703 416 1766 τοῖν
435 1696 539 1766 ἀλλων
561 1698 718 1782 ἀπόντων,
737 1702 912 1787 χρημάτων
941 1687 976 1766 ιε’
997 1726 1104 1788 φαμεν
1127 1701 1181 1764 καί
1198 1696 1323 1785 κτημά-

220 1827 293 1882 των,
315 1802 613 1883 ἀνταλλαττόμενοι·
658 1799 688 1867 οἱ
710 1805 745 1866 δὲ
768 1809 879 1866 λαθεῖν
900 1806 1059 1888 οἰηθέντες
1089 1805 1143 1866 ε’πί
1164 1800 1221 1874 τὰς
1244 1796 1322 1864 ἓαυ·

220 1907 283 1968 τάν
304 1906 464 1979 κατοικίας
485 1905 539 1966 καί
558 1904 733 1978 συναυλίας
754 1898 862 1988 ἑτέρας
884 1899 1170 1986 διεσκεδάσθησαν.
1206 1903 1324 1982 ἐξῆλθε
1336 1923 1367 1976 15

221 2003 332 2068 δὲ-καί
355 2002 372 2065 δ
392 2003 449 2087 τῆς
481 2002 601 2080 πόλεως
634 2001 774 2086 ἔπαρχος
795 2002 883 2084 ’μετά
918 2001 953 2068 τό
978 2001 1035 2086 τήν
1060 2001 1188 2086 πολλήν,
1208 1997 1243 2064 τό
1267 1999 1325 2062 τοῦ

220 2101 323 2186 λόγου,
343 2107 525 2188 τοφθεῖσαν
545 2104 725 2184 θάλασσαν,
745 2105 779 2168 τὸ
803 2113 997 2190 φλεγμαῖνον
1027 2103 1082 2166 καί
1101 2097 1200 2176 ου’τός
1221 2123 1323 2164 κατα-

220 2205 375 2286 στὲλλων,
397 2207 454 2267 καί
475 2208 627 2288 συνεμίγη
650 2207 695 2292 τῷ
724 2207 782 2269 τοῦ
811 2209 968 2287 βασιλέως
990 2203 1141 2285 δμαίμονι
1164 2196 1244 2265 κατά
1266 2197 1325 2279 την

223 2303 345 2388 ἀγοράν
363 2307 577 2388 προοδεύοντα
600 2296 682 2388 ἦσαν
706 2308 768 2391 γὰρ
791 2306 1021 2389 ἀναλαβόμενοι
1041 2303 1156 2379 πάντες
1178 2299 1324 2383 ὲαυτοός,

223 2407 278 2468 καί
295 2399 415 2468 τοότων
436 2409 682 2488 συγκροτοῦντες
710 2406 749 2471 τοὶ
771 2407 956 2492 νικητήρια,
983 2409 1040 2469 καί
1066 2411 1131 2478 τοῖς
1151 2405 1368 2487 βασιλεῦσιηη

221 2501 255 2570 τό
278 2506 397 2593 κρότος,
412 2502 665 2592 όπικροτοῦντες,
698 2510 754 2571 καί
779 2505 840 2572 σόν
868 2505 1043 2592 εάφημίαις
1062 2507 1118 2570 καί
1137 2502 1324 2586 θυμιάμασι
1435 2488 1437 2503 ¹

222 2610 386 2684 uisebantur
407 2604 465 2691 την
485 2607 674 2693 προπομπὴν
704 2605 921 2693 ἐργαζόμενοι.

235 2705 241 2714 ’
300 2707 370 2782 Ὡς
401 2709 436 2774 δὲ
468 2706 665 2783 κατάστασις
688 2707 764 2792 ἔσχε
792 2711 846 2773 καί
867 2709 998 2794 νηνεμία
1022 2707 1113 2774 τουτί
1139 2705 1175 2773 τό
1199 2709 1324 2772 κλυδά.

220 2830 309 2893 νιον,
336 2809 391 2874 καί
415 2805 568 2892 παντελὴς
596 2811 801 2898 πληροφορίας
828 2817 895 2887 τοῖς
924 2808 998 2901 περί
1031 2807 1086 2874 τόν
1110 2811 1247 2891 βασιλέα
1269 2811 1327 2873 καί

221 3116 285 3177 pote
305 3109 352 3176 qui
369 3108 512 3163 studiosius
532 3125 565 3162 eo
585 3111 708 3164 ferretur.
748 3124 806 3159 enm
825 3117 913 3160 autem
934 3103 1028 3161 valere
1046 3109 1152 3160 iuberet
1175 3122 1223 3159 eos
1250 3115 1277 3156 et
1294 3107 1323 3158 in

222 3182 283 3233 loeo
303 3195 350 3231 suo
370 3181 467 3246 petitus
492 3192 626 3245 maneret,
653 3185 731 3234 etiam
751 3180 859 3248 longius
878 3181 941 3249 quid
959 3179 1049 3232 faeere
1076 3194 1122 3231 eos
1144 3178 1323 3244 sorpserit,

221 3252 301 3302 remis
320 3249 452 3316 indigere,
473 3254 543 3317 quod
563 3267 616 3304 non
635 3260 745 3320 propter
764 3252 875 3303 faustam
893 3253 1091 3318 navigationem
1111 3252 1216 3318 signam
1234 3249 1325 3299 facie.

221 3321 293 3372 bantl
331 3329 437 3380 servato
457 3322 543 3388 igitur
559 3338 624 3390 rege
642 3327 743 3375 intacto
763 3325 790 3373 in
808 3325 893 3392 regia,
914 3338 972 3372 enm
992 3325 1069 3374 etiam
1089 3323 1168 3386 lrpius
1182 3322 1324 3386 fraterper

223 3393 308 3444 iorum
335 3392 542 3457 progrederetur
564 3395 751 3446 anteeuntibns
784 3397 809 3445 ei
829 3403 856 3445 et
874 3394 1032 3459 stipantibus
1053 3411 1112 3445 eum
1129 3393 1258 3453 militibus
1278 3407 1325 3441 ar.

221 3465 308 3526 matis,
327 3461 524 3514 dissolvebatur
549 3465 654 3516 seditio.
693 3482 753 3517 eum
773 3469 843 3517 eninr
862 3466 966 3532 reliqua
985 3465 1126 3517 multitudo
1144 3465 1218 3516 urbis
1236 3462 1326 3514 nollet

222 3551 281 3588 eum
299 3535 333 3586 iis
352 3534 468 3586 deiicere
488 3543 514 3586 et
532 3535 616 3587 deleri
641 3539 823 3589 insidiantium
848 3537 1017 3599 temeritate,
1045 3544 1130 3588 metus
1157 3551 1203 3587 eos
1228 3535 1323 3586 tenuit.

221 3616 301 3676 atque
329 3605 491 3658 illustriores
518 3607 622 3676 qnidam
647 3610 693 3660 vel
723 3611 828 3661 ordines
853 3616 965 3659 armatos
984 3608 1203 3677 derelinquentes
1221 3607 1272 3655 iam
1292 3606 1326 3656 ad

172 3724 176 3733 ,
221 3695 346 3746 magnum
371 3687 400 3729 et
425 3679 524 3731 clarum
553 3681 701 3746 sapientiae
719 3681 763 3732 dei
781 3679 908 3746 templum
928 3687 1103 3730 accurrerunt
1120 3680 1193 3730 vitae
1212 3676 1326 3728 salutern

222 3752 320 3821 ceteris
341 3749 461 3802 omnibus
482 3751 570 3815 rebus,
590 3755 712 3818 pecuniis
731 3752 836 3803 scilieet
848 3759 875 3801 et
889 3751 984 3814 bonis,
1004 3757 1152 3812 mutantes,
1171 3748 1218 3799 alii
1236 3757 1326 3798 autem

222 3821 307 3872 latere
339 3837 368 3874 se
396 3829 521 3887 putantes
546 3825 574 3874 in
600 3839 661 3876 suas
688 3826 779 3876 domos
806 3831 833 3874 et
856 3823 1013 3874 deversoria
1036 3821 1087 3873 alia
1114 3819 1227 3886 dispersi
1252 3825 1324 3869 sunt.

223 3906 347 3960 egressus
366 3899 453 3941 autem
477 3902 517 3944 est
537 3896 614 3945 etiam
633 3896 691 3948 urbi
710 3895 863 3962 praelectus
881 3900 942 3960 post
960 3893 1071 3944 multum
1085 3893 1176 3942 ictum
1198 3904 1270 3940 mare
1295 3897 1326 3939 ut

223 3971 263 4014 est
288 3965 315 4013 in
340 3962 485 4029 proverbio
516 3963 630 4030 flagrans
664 3976 691 4017 et
714 3969 772 4033 ipse
797 3965 992 4031 compositurus
1018 3972 1044 4014 et
1068 3964 1182 4015 secessit
1199 3962 1233 4012 ad
1249 3961 1326 4027 regis

223 4035 331 4086 iratrem
349 4036 377 4084 in
397 4033 455 4084 foro
474 4037 679 4098 procedentem:
699 4038 899 4107 recollegerant
918 4038 987 4086 enim
1006 4051 1035 4086 se
1055 4048 1163 4097 onmes,
1183 4041 1210 4083 et
1229 4032 1325 4082 horum

223 4106 409 4172 comparabant
433 4107 564 4156 victoriae
583 4111 716 4173 praemia,
745 4118 772 4159 et
790 4109 898 4176 regibus
918 4108 1059 4157 victoriam
1077 4103 1272 4172 applaudebant
1296 4111 1325 4152 et

224 4175 345 4230 laudibus
365 4186 392 4230 et
411 4177 488 4229 thure
507 4177 590 4229 multo
619 4193 740 4245 pompam
767 4180 907 4230 faciebant.

341 4247 482 4318 Postquam
509 4257 596 4310 autem
630 4252 787 4317 compositio
812 4252 897 4301 tenuit
924 4260 951 4300 et
976 4242 1115 4303 ventorum
1146 4244 1326 4315 tranquillitas
1389 4246 1394 4253 ’
