2875 4734
195 237 270 312 oso
369 300 370 303 γ
496 234 715 314 mmtmus
739 201 1015 310 amanteum

194 409 257 484 θός
276 406 330 472 καί
353 408 563 494 ἀντιληπτωρ,
586 406 643 472 καί
664 408 705 469 ου’
717 405 815 487 μόνον
837 401 990 488 βασιλεδς
1014 400 1094 468 ἀλλά
1117 405 1171 469 καί
1193 401 1299 488 πατὴρ

196 506 338 593 ἀγαθός·
389 510 535 593 ἀνίχνευε
562 507 622 594 γάρ
652 507 706 573 διά
739 505 851 581 παντὸς
881 508 937 571 καί
965 507 1120 592 φροντίδα
1151 508 1301 588 μεμιστηυ

197 615 319 677 seram
341 608 376 675 τό
399 605 483 675 ἅπαν
502 611 655 694 ε’ξάραι’
633 607 695 674 από
721 601 903 694 προσώπου
926 611 981 692 τῆς
1001 609 1059 691 γῆς
1084 605 1224 691 ἀδικημα
1235 628 1299 669 και

198 708 359 798 ἀνόμημα.

100 830 109 841 ·
300 814 395 897 Τέλος
424 815 459 877 δὲ
478 816 541 878 τών
558 815 732 893 βασιλικῶν
759 811 1017 895 εάεργετημάτοον
1047 833 1100 871 και
1096 804 1324 873 διαδόσεων5

195 907 270 979 οὔτε
290 917 379 999 κόρος
401 912 435 978 τό
459 903 634 979 σύνολον
613 940 661 996 ην,
682 904 751 976 οὔτ’
768 913 867 977 εἰπεῖν
883 914 968 999 αάτῳ
955 912 1141 993 ἐξεγένετο
1162 904 1196 972 τό
1220 913 1316 990 παρ’-

192 1014 407 1098 Ἀλεξάνδρου
437 1018 493 1079 τοῦ
526 1013 717 1089 Μακεδόνος
752 1014 849 1077 ε’νίοττ
879 1010 1135 1097 προφερόμενον,
1168 1000 1222 1072 ὅτε
1251 1005 1296 1091 μη“

194 1117 416 1202 εάεργετήσας·’
438 1113 551 1200 ἔτυχε,
579 1114 628 1179 ’τό
663 1111 821 1199 ’σήμερον
851 1114 909 1175 οόκ
937 1109 1157 1193 ἐβασιλευσα.”
1210 1112 1299 1175 πᾶσα

194 1214 266 1302 μάρ1
288 1212 393 1300 ἡμέρα
423 1212 541 1292 παντός
572 1215 759 1299 δωρήματος
791 1211 912 1277 τελείου
941 1212 996 1275 καί
1016 1210 1161 1329 παροχῆς
1189 1206 1300 1296 ἀφθό-

195 1339 253 1379 νου
283 1313 394 1381 τοότον
425 1315 492 1399 ἔχει
521 1317 667 1402 παροχία
695 1318 751 1378 κάι
772 1310 1000 1399 ἀφθονώτατον
1021 1311 1195 1395 πρύτανιν·
1246 1335 1297 1375 και
1294 1313 1341 1372 10

197 1416 252 1481 διό
284 1414 387 1501 πόσης
415 1417 563 1503 ἀφορμῆς
593 1415 710 1500 ε’χοόρει
739 1416 790 1500 ἐφ
824 1402 848 1499 ᾧ
879 1414 1001 1496 μηδένα
1032 1412 1087 1493 τῆς
1118 1413 1154 1474 εἰι
1182 1405 1297 1481 τούτου

196 1517 343 1591 εάποιίας
368 1518 608 1640 ἀπολειφθῆναι
637 1510 818 1599 ἀπείρατον.
873 1510 980 1601 ἀπῄτει
1002 1510 1062 1633 γὰρ
1088 1512 1142 1576 καί
1168 1500 1222 1575 τόν
1245 1530 1299 1575 το-

196 1613 337 1702 ξότην“
311 1642 354 1693 οος
383 1616 543 1735 εὐστόχως
564 1617 724 1698 βάλλοντα
748 1613 803 1679 καί
827 1611 861 1679 τό
890 1616 1019 1698 θέλετ’
1003 1613 1058 1677 snt*
1080 1614 1199 1675 σκοποῦ
1219 1634 1299 1674 συν-

196 1720 385 1799 τιθέμενον,
416 1741 470 1781 και
496 1715 551 1781 τόν
572 1719 721 1799 λογχίτην
748 1715 791 1791 ώς
819 1714 1092 1801 ἀκραιφνέστατοκ
1112 1700 1300 1794 διαδορατί-

198 1820 317 1897 ζοντα
322 1842 375 1882 και
407 1817 463 1901 την
487 1818 600 1902 λόγχην
626 1817 812 1899 εάθυβόλοος
842 1816 1134 1900 δπισυστρὲφοντα,
1167 1838 1220 1878 και
1243 1837 1299 1879 τον
1309 1820 1342 1873 15

196 1912 329 2001 ἱππότην
359 1916 402 1994 σός
434 1926 499 1994 τοῖς
518 1915 630 1992 νώτοις
650 1920 710 1981 τοῦ
732 1917 829 1981 ἵππου
856 1917 1038 2039 ἀτρεμαίως
1067 1914 1299 2034 ε’πικαθὴμενρν

196 2019 230 2081 ἓν
251 2042 292 2105 τφ
279 2021 401 2100 θεῖν,
424 2043 477 2082 και
497 2018 552 2083 τὸν
573 2016 702 2104 ὁπλίτην
734 2016 928 2101 στρατιώτην
955 2017 989 2080 όν
1018 2008 1135 2095 ἀπασι,
1168 2017 1223 2079 καί
1244 2014 1299 2080 τόν

195 2116 293 2202 ψιλόν
323 2123 378 2184 καί
399 2121 563 2205 ἀπέριττον
591 2116 634 2194 σός
654 2120 825 2200 εάτολμιας
857 2117 1038 2203 μαρτυρίαν
1060 2116 1221 2235 είσάμοντρι
1244 2118 1300 2179 καί

197 2220 236 2305 τῇ
258 2220 361 2297 διώξει
383 2216 419 2283 τό
439 2217 571 2304 θήραμα
593 2208 956 2305 προκαταλαμβάνοντα,
978 2220 1033 2281 καί
1053 2215 1109 2283 τόν
1134 2214 1233 2303 σοφόν
1254 2213 1326 2291 ώς

197 2323 400 2405 μεμυημένον
423 2317 463 2384 τά
490 2324 670 2404 κρείττονα
732 2322 817 2403 η’λόει
840 2321 875 2386 δὲ
904 2322 959 2382 καί
980 2315 1079 2383 αάτόν
1099 2316 1155 2381 τόν
1176 2310 1343 2403 ἀσοφονλθ
1418 2361 1419 2377 ι

60 2411 219 2505 λλλθωῖ
239 2420 298 2485 καί
318 2413 447 2505 όφρονα
470 2420 512 2497 ώς
533 2418 691 2486 όκπτοντον
711 2421 771 2483 wo
789 2422 958 2503 βελτίονος.
1004 2418 1156 2506 φρόνιμον
1176 2418 1298 2503 δπερῄ-
1418 2410 1419 2415 ’

198 2542 253 2606 ρεν
275 2515 318 2597 ὥς
338 2520 509 2605 εάβουλίας
531 2520 746 2603 δοκιμώτατον
767 2514 916 2605 ὄργανον,
937 2518 990 2584 τόν
1011 2542 1043 2585 τε
1070 2516 1298 2604 μετεωρολόγοι

254 2698 602 2856 ἰοπρρσφερόμενοιῦ.
694 2714 739 2767 17.
756 2716 789 2772 ἐν
808 2670 929 2775 butem?
989 2713 1055 2767 ·21.
1073 2710 1122 2773 τόν
1141 2712 1173 2769 ot
1191 2712 1297 2788 φρόνι-

312 2803 329 2839 ν
1176 2830 1184 2841 .

196 2967 387 3021 inmutabilem
414 2975 441 3019 et
464 2968 624 3022 inturbatam
648 2968 741 3021 barum
766 2968 964 3036 possessiouem
990 2968 1024 3019 iis
1056 2966 1194 3019 confirmat
1214 2970 1245 3019 'et
1269 2968 1298 3021 iit

197 3041 319 3092 omnibus
335 3039 438 3090 adiutor
455 3047 482 3091 et
500 3042 600 3104 socius,
616 3056 705 3109 neque
725 3040 811 3093 solum
824 3056 873 3091 rex
892 3039 1030 3091 sedetiam
1044 3045 1120 3106 pater
1138 3038 1233 3091 bonus.
1253 3040 1298 3090 iu·
1391 3100 1394 3108 Ι

196 3111 311 3179 «legabat
329 3110 398 3162 enim
414 3111 520 3162 omnino
536 3119 562 3162 et
576 3126 665 3162 curam
679 3113 817 3164 maximam
834 3110 998 3175 instituebat,
1017 3119 1046 3163 ut
1064 3124 1168 3161 omnem
1187 3109 1297 3163 tolleret

197 3187 378 3249 econspectu
396 3189 485 3232 terrae
503 3182 627 3232 iniuriam
646 3190 673 3234 et
690 3183 781 3251 legum
799 3182 1009 3259 neglectionem.
1291 3212 1294 3217 ·

295 3276 369 3327 Finis
387 3284 474 3328 autem
492 3266 627 3345 regiorum
645 3278 836 3330 beneficiorum
858 3285 884 3329 et
908 3278 1079 3347 largitionum
1104 3294 1192 3347 oeque
1210 3279 1297 3330 satie-

88 3378 94 3383 ·
194 3354 235 3399 tas
256 3348 362 3403 omniuo
388 3354 460 3411 erat,
485 3364 574 3417 neque
592 3350 683 3401 dicere
701 3351 726 3399 ei
745 3347 875 3417 promtu'm
901 3358 973 3414 erat,
1003 3350 1073 3419 quod
1091 3349 1124 3401 ab
1142 3349 1295 3403 Alexandro

194 3418 340 3473 Macedone
358 3434 547 3487 nonuunquam
565 3419 767 3505 proferebatur,
788 3420 892 3489 quando
915 3420 1019 3472 nullum
1037 3421 1196 3473 beneficium
1214 3435 1295 3487 pere-

196 3498 287 3559 gerat:
310 3491 407 3557 ,hodie
431 3505 487 3542 nou
504 3493 635 3559 regnavi:
628 3499 652 3527 ·“
671 3493 756 3543 omnis
776 3492 845 3542 enim
865 3490 922 3545 dies
950 3496 1035 3546 omnis
1053 3494 1116 3545 doni
1135 3492 1251 3559 perlecti
1270 3498 1297 3542 et

195 3562 348 3631 largitionis
366 3563 500 3631 benignae
525 3563 596 3613 hunc
622 3562 702 3614 babet
722 3562 879 3631 largitorem
905 3570 931 3613 et
955 3563 1174 3632 benignissimum
1193 3563 1296 3630 princi-

194 3648 273 3699 pem3
292 3642 372 3702 atque
392 3635 462 3684 omui
483 3635 583 3702 impetu
604 3649 636 3685 eo
655 3634 827 3701 procedebat,
847 3642 876 3685 ut
893 3649 971 3686 nemo
992 3635 1198 3687 beneficientiae
1218 3634 1295 3685 buius

194 3702 395 3771 relinqueretur
416 3721 529 3771 expers:
552 3705 676 3757 laudabat
696 3706 766 3755 enim
786 3712 813 3755 et
824 3706 990 3773 sagittarium
1009 3714 1038 3757 ut
1056 3706 1190 3758 scienter
1186 3706 1296 3757 iacien-

193 3781 295 3824 temet
322 3775 437 3826 iaculum
462 3778 494 3827 ad
519 3777 597 3829 linem
622 3784 842 3844 componentem,
869 3784 896 3827 et
919 3776 1050 3829 hastatum
1076 3785 1106 3828 ut
1124 3777 1308 3845 integerrime,

195 3844 342 3894 certantem
362 3852 388 3895 et
409 3846 509 3899 hastam
530 3865 563 3898 ex
580 3849 693 3900 aduerso
713 3856 879 3912 vertentem,
905 3856 932 3898 et
953 3851 1068 3915 equitem
1087 3851 1116 3899 ut
1138 3855 1215 3915 tergo
1235 3849 1297 3915 equi

195 3915 330 3982 intrepide
344 3915 522 3968 insidentcm'
515 3936 542 3970 m
562 3921 702 3982 currendo,
723 3928 750 3969 ct
764 3920 853 3986 gravis
873 3926 1021 3971 armaturae
1032 3918 1168 3969 militem
1162 3936 1189 3971 m
1208 3918 1296 3969 omni.

195 3984 254 4049 bus,
276 3994 303 4037 et
319 3986 390 4038 leuis
409 3997 557 4042 armaturae
576 3991 687 4041 militem
713 3998 740 4042 et
759 3990 906 4056 simplicem
923 3998 953 4043 ut
971 3991 1098 4043 audaciae
1117 3990 1297 4043 testimonium

196 4055 380 4120 proferentem
399 4067 425 4110 et
444 4063 632 4126 persecutione
651 4077 707 4113 rem
725 4061 835 4126 petitam
855 4070 1038 4148 occupantem,
1058 4069 1085 4112 et
1103 4063 1253 4143 sapientem
1267 4067 1298 4112 ut

195 4126 330 4180 initiatum
348 4130 514 4198 melioribus,
533 4131 708 4185 miserabatur
722 4139 809 4185 autem
825 4136 869 4185 et'
862 4148 949 4203 ipsum
963 4134 1133 4203 insipientem
1153 4131 1198 4187 vel
1219 4131 1298 4185 etiam
