2875 4734
203 257 278 331 ιοο
373 223 377 227 ’
504 185 722 326 mortuas
753 237 1011 321 amnuoma

202 432 316 516 δάρων
343 429 402 514 τῆν
435 426 549 493 τούτου
580 424 771 509 κατάσχεσιν
799 424 854 490 κατ’
873 423 1055 508 άπόληριιν,
1090 421 1126 507 όν,
1156 418 1200 506 τῷ
1221 420 1310 507 μέσην

204 534 263 599 τού
289 533 445 614 βασιλέως
473 530 616 609 οἰομένου
648 524 821 611 εἰρηνεύειν
856 523 896 589 τό
926 522 1118 607 πράγματα·
1171 516 1229 603 τὴν
1246 513 1309 602 γάρ

204 636 268 698 τοόν
285 631 432 716 Τούρκων
453 629 559 715 άπηνῆ
582 626 787 714 ἐπικράτειαν
810 628 853 702 εἰς
867 626 961 692 οόόὲν
980 626 1135 706 ἐλογίζετο
1150 621 1190 684 δι’
1208 619 1311 684 όναλ-

204 736 317 819 γησόαν
341 731 395 796 καί
417 740 511 813 μῖσος
532 729 565 795 τό
587 727 667 814 πρός
687 729 876 811 Ῥωμαίους,
898 727 940 802 τός
965 723 1075 789 ἔοικεν.

298 823 392 921 Ἐνῷ
419 836 475 897 καί
502 831 669 910 δικάζοντα
692 828 858 911 πολλάκις,
880 825 923 905 ὥς
946 825 1074 905 εἴωθεν,
1102 823 1337 906 α’σομβότους5

204 938 293 1011 δόιας
327 933 381 998 κατ’
409 934 582 1019 α’προσφυη
605 936 755 1014 βασιλεῖ,
776 929 830 995 κατ’
860 926 1037 1009 α’νευλόγως
1060 921 1308 1001 καταδικάζοντα

140 1018 144 1033 ’
201 1035 276 1110 τούς
299 1032 488 1116 άνθριύπους
509 1026 692 1115 όποθήκαις
722 1033 782 1094 τῶν
810 1026 1069 1114 συνηγορούντων
1087 1032 1153 1115 τοϊς
1174 1026 1308 1107 χείροσι,

204 1139 311 1222 φῆμαι
335 1129 647 1214 καταλαμβάνουσαν,
667 1128 742 1207 τούς
766 1126 927 1217 Τούρκους
950 1131 1099 1210 λέγουσαι
1121 1125 1196 1207 περὶ
1214 1120 1307 1187 Χαλέ

204 1234 323 1319 κηδόνα
347 1237 401 1298 κατ’
413 1231 618 1316 Χρυσόπολιν
640 1235 857 1315 κατατρέχειν,
880 1220 954 1314 ύρτι
975 1230 1096 1312 πρῶτον
1116 1226 1154 1314 τῇ
1176 1222 1308 1311 τοιαύτη

128 1329 135 1337 ’
204 1330 416 1421 πλησιοχιόρηι
438 1329 706 1418 ἐπιφοιτήσαντος
726 1332 775 1419 γῇ,
808 1331 959 1411 οόόεμόαν
982 1324 1127 1413 ταραχὴν
1149 1325 1309 1387 όνεποιόυν
1319 1336 1352 1389 10
1411 1356 1415 1361 ·

107 1449 109 1461 “
204 1432 260 1498 καὶ
279 1429 457 1515 σύγχυσιν,
485 1433 554 1497 αλλ’
584 1431 627 1507 τός
659 1429 830 1513 όλλοτριάς
858 1427 969 1512 χώρας
998 1424 1185 1509 πασχούσης
1212 1419 1307 1498 αότός

204 1523 360 1618 ύρροντις
392 1530 512 1613 ἔμενεν.
563 1527 663 1606 οότως
695 1524 755 1594 οόν
780 1530 881 1595 αότού
906 1527 1055 1612 ἔχοντος,
1090 1526 1105 1589 ό
1136 1553 1173 1592 τα
1201 1526 1309 1607 πρῶτα
1341 1574 1344 1581 .

205 1638 282 1717 παρ’
304 1632 406 1696 αότού
437 1634 545 1717 φόρων
566 1629 749 1720 Νικηφόρος
779 1628 795 1694 ό
824 1632 991 1714 λογοθότης
1017 1629 1075 1692 τού
1099 1621 1229 1713 δρόμου,
1253 1621 1309 1708 την

205 1736 251 1808 εἰς
271 1730 328 1795 τόν
345 1734 483 1814 βασιλέα
505 1725 632 1796 εύνοιαν
655 1728 855 1813 πολλαχόθεν
889 1723 1105 1812 δπιοεμνύνειν
1128 1723 1233 1811 ἐαυτῷ
1253 1747 1309 1789 oo·

205 1834 387 1917 φιζόμενος,
411 1830 546 1916 ἔπραττε
567 1834 628 1913 μὲν
651 1825 711 1896 ὅσοι
739 1830 840 1920 τούτῳ
862 1833 1043 1918 βουλομένῳ
1066 1832 1158 1915 ἐνῆν,
1181 1828 1352 1897 ἄποτοί-15

203 1932 275 2014 χιζε
298 1931 334 1996 δὲ
359 1934 414 2015 τῆς
444 1934 501 1997 τού
524 1936 680 2013 βασιλέως
702 1927 826 2017 όγάπης
851 1929 906 2014 την
928 1954 962 1994 τε
991 1933 1112 2015 μητέρα
1145 1928 1199 1993 καί
1230 1928 1307 2005 τούς

206 2029 381 2113 όμαόμονας
401 2037 456 2098 κατ’
474 2037 547 2109 τούς
568 2032 698 2107 λοιπούς
719 2039 877 2117 συγγενεῖς
898 2029 941 2106 οἷς
961 2032 1187 2114 βασιλειύντας
1210 2031 1308 2113 δῆθεν

205 2131 261 2196 κατ’
283 2129 319 2197 τό
343 2143 491 2200 συνοῖσον
521 2135 606 2223 αύτῷ
627 2131 672 2219 μη
694 2135 871 2214 θέλοντας,
892 2131 946 2197 κατ’
967 2128 1015 2197 ότι
1040 2131 1139 2205 αύτός
1160 2130 1254 2211 μόνος
1279 2151 1315 2191 το

205 2237 373 2319 συμφόρου
391 2233 480 2323 adep
500 2231 745 2313 διασποοδάζων
770 2239 952 2318 καθέστηκε.
975 2235 1024 2297 διό
1048 2233 1087 2317 δη“
1112 2234 1167 2295 κατ’
1185 2226 1309 2313 μεγάλα

206 2332 295 2420 παρὰ
320 2337 363 2422 τῷ
385 2339 516 2416 βασιλεῖ
538 2334 687 2419 δυνηθεὶς
710 2332 806 2410 αότός
840 2326 877 2418 ἧν
899 2333 916 2399 δ
939 2332 972 2401 τό
988 2336 1059 2417 ,πάν
1081 2334 1231 2416 διεξάγων
1253 2335 1358 2415 τῆςηη

135 2460 144 2472 ‘
205 2435 385 2521 βασιλείας,
402 2438 459 2499 κατ’
476 2441 518 2521 τῷ
539 2440 671 2528 βασιλεῖ
695 2437 872 2517 ἐπιτρόπων
891 2432 924 2499 τό
959 2433 1235 2519 πραχθησόμενον,
1257 2429 1310 2495 κατ’

205 2532 263 2609 τός
285 2534 381 2615 τιμάς
414 2534 470 2599 καί
487 2538 637 2621 προνοιάς
668 2527 715 2620 οἷς
745 2532 888 2617 ἐβούλετο
907 2535 1119 2621 χαριζόμενος
1149 2531 1202 2597 διά
1225 2538 1307 2616 λημ-

278 2710 516 2839 ῗρυηλγροσφυεις
539 2713 688 2781 interprete
723 2711 744 2767 G
769 2712 934 2785 όπροσφυῆ.
1077 2709 1103 2763 8.
1123 2708 1305 2784 καταλαμβά-

186 2939 190 2947 “
207 2963 318 3018 praeses
338 2955 426 3001 autem
444 2948 556 3003 Alexini
575 2949 693 3019 agitabat
710 2950 787 3002 donis
814 2949 891 3001 buius
915 2951 1093 3002 retentionem
1118 2957 1145 3001 et
1163 2948 1307 3015 captivita.

206 3030 278 3085 tem,
302 3022 362 3072 dum
381 3029 430 3073 rex
448 3030 523 3090 putat
546 3038 589 3074 res
609 3037 669 3074 esse
687 3030 803 3089 pacatas.
841 3021 981 3074 'lurcorum
1007 3023 1076 3073 enim
1101 3019 1235 3073 crudelem
1258 3020 1309 3071 do.

207 3092 380 3145 minationem
397 3093 476 3145 nihili
495 3092 611 3145 faciebat
629 3095 794 3161 impatientia
815 3102 843 3146 et
861 3095 922 3145 odio
934 3094 1105 3156 Graecorum,
1125 3100 1154 3143 ut
1175 3091 1309 3151 ridetur„

306 3164 379 3215 luter
406 3180 475 3233 quae
501 3180 559 3215 cum
589 3181 649 3216 eum
668 3166 856 3217 diiudicantem
876 3181 974 3233 saepe,
994 3174 1023 3216 ut
1041 3164 1154 3227 solebat,
1173 3162 1235 3215 lites
1249 3172 1309 3213 'non

208 3244 391 3303 aptartneque
415 3237 625 3287 accommodatas
643 3238 718 3305 regi,
752 3245 778 3287 et
795 3238 977 3303 imprudenter
1005 3238 1168 3289 damnantem
1188 3234 1309 3286 homines

209 3304 324 3357 consilio
339 3306 476 3370 peioribus
489 3307 682 3372 auxiliantium,
698 3309 767 3359 lama
780 3316 979 3375 assequeretur,
1002 3308 1102 3371 dicens,
1121 3307 1218 3357 loreas
1238 3306 1310 3356 eirca

209 3374 408 3430 chalcedonem
428 3376 644 3446 ethrysopolin
665 3381 852 3445 percursiones
872 3380 971 3443 lacere,
990 3387 1045 3430 tum
1063 3380 1174 3445 primum
1192 3386 1244 3427 tam
1265 3377 1309 3427 vi.

209 3448 288 3500 cinae
307 3447 441 3500 inhiantes
460 3456 558 3515 terroe,
577 3450 677 3501 nullam
696 3450 798 3503 turbam
816 3450 884 3503 hacc
904 3453 930 3502 ei
948 3450 1104 3502 iniioiebant
1123 3456 1149 3500 ct
1168 3448 1309 3508 conlusio.

208 3534 289 3571 nem:
316 3519 364 3571 sed
378 3520 454 3589 quasi
473 3521 561 3573 aliena
585 3530 657 3573 terra
676 3531 829 3586 vexaretur,
848 3524 907 3589 ipse
930 3522 1071 3588 impatiens
1096 3520 1225 3572 manebat.
1264 3519 1309 3585 qui

208 3592 316 3663 quidem
335 3607 393 3643 curn
413 3591 493 3643 talem
512 3587 543 3644 τέ
561 3593 713 3659 praeberet,
733 3592 910 3661 Nicephorus,
936 3594 980 3660 qai
999 3595 1097 3660 primas
1116 3592 1149 3643 ab
1169 3607 1200 3642 eo
1221 3591 1309 3644 reler.

207 3670 260 3726 ret,
279 3661 419 3730 logotheta
444 3665 538 3729 stadii,
563 3664 661 3714 bonum
689 3680 753 3731 erga
777 3680 869 3733 regem
892 3665 1006 3726 animum
1032 3664 1189 3732 plerumque
1210 3666 1309 3715 iactare
1321 3670 1334 3717 i

209 3730 322 3796 callens,
343 3734 440 3802 agebat
458 3736 573 3802 quidem,
594 3751 769 3803 quaecunque
790 3752 822 3787 ea
841 3736 914 3789 illius
934 3738 1021 3787 animo
1042 3744 1131 3788 erant:
1152 3735 1310 3787 excludebat

209 3811 298 3854 antem
317 3819 332 3854 a
350 3807 424 3873 regis
445 3821 535 3858 amore
554 3815 662 3858 matrem
683 3814 709 3858 οι
729 3809 944 3876 consanguineos
965 3816 991 3859 et
1010 3818 1115 3861 ceteros
1134 3816 1262 3877 cognatos
1281 3813 1318 3856 ut.

207 3889 323 3942 regnare
350 3876 456 3929 scilicet
482 3881 622 3946 cupientes
648 3894 737 3947 neque
757 3881 827 3947 quod
847 3880 872 3930 ei
899 3879 1066 3946 profuturum
1086 3889 1158 3933 esset
1175 3879 1308 3940 volentes,
1345 3912 1349 3917 -

208 3955 236 3997 et
251 3946 327 4015 qnasi
346 3948 405 4013 ipse
424 3948 497 3999 solus
516 3950 584 4001 utile
604 3952 628 4001 ei
647 3960 754 4019 pararet
774 3952 889 4004 exstitit:
911 3951 1082 4018 quamobrem
1102 3954 1181 4004 etiarn
1199 3950 1309 4002 multum

207 4019 277 4084 apud
296 4032 388 4085 regem
407 4018 500 4070 valens
519 4022 578 4088 ipae
598 4030 663 4086 erat,
683 4024 729 4091 qui
754 4024 841 4079 omnia
861 4022 1003 4089 perliceret
1031 4026 1108 4090 regni
1128 4030 1155 4075 et
1175 4023 1233 4090 regi
1253 4028 1309 4071 tra·

208 4088 285 4140 deret
302 4103 372 4156 qnae
391 4097 481 4140 essent
498 4093 602 4159 agenda
620 4101 647 4142 et
666 4094 781 4146 bonores
808 4102 835 4145 et
859 4094 1111 4161 administrationes,
1124 4094 1226 4163 ·quibus
1246 4090 1310 4143 vel.

208 4156 258 4221 let,
277 4160 377 4215 donans
396 4159 524 4215 reditibus
543 4177 597 4213 non
615 4167 725 4232 paruis:
746 4168 889 4217 eratenim
908 4172 1015 4232 praetor
1035 4174 1125 4219 cetera
1144 4166 1210 4218 vitia
1231 4163 1310 4217 etiam
