2875 4734
533 232 743 303 ursmare.
1068 206 1071 213 ’
1113 230 1189 315 σοι·

81 386 226 479 μεγόλην
257 393 314 458 ούκ
343 393 513 479 ἠμβλύνθη
541 398 597 459 καί
621 397 874 481 βασιλικωτάτην
900 401 1095 486 προαίρεσιν,
1117 406 1187 469 ἀλλ’

82 490 243 578 α’φθόνοις
263 496 360 577 χερσί
380 494 435 557 καί
456 492 693 578 μεγαλοδώροις
706 494 828 575 πάντας
844 498 925 581 ύπὲρ
948 503 1053 565 πᾶσαν
1074 502 1186 571 ἐλπίδα

81 596 228 676 ἰσχυρούς
255 593 496 679 κατεπλούτισε,
524 600 579 660 καί
600 601 778 680 φιλοτίμοις
807 594 971 677 δεξιώσεσι
999 601 1055 665 καί
1075 601 1188 686 ρ’όμαις

81 694 348 780 μυριοταλύντοις
369 693 504 777 στρατόν
527 693 605 761 κατοὶ
621 701 680 761 τού
698 701 918 779 α’ντικειμόνου
932 705 1109 785 Βρυεννίου
1134 710 1190 769 καί

14 861 15 864 ¹
57 796 148 857 braia
173 786 474 879 όλλων.Ιτυρυι’ννων
495 800 649 878 ’μέγιστον
678 800 880 883 παρεκίνησε,
910 801 965 864 καί
985 800 1078 865 ου’δὲν
1100 804 1189 889 αύτῷ

82 886 204 977 ἔπορον
236 889 257 977 ἢ
285 898 388 971 ἐνδεὲς
416 895 450 961 τό
471 896 624 981 παρύπαν
653 897 866 984 συνήντησεν·
921 902 964 977 αἱς
987 898 1068 967 εἶναι
1093 908 1188 988 δῆλον

80 994 139 1057 καί
172 994 278 1079 α’ληθη
308 992 362 1060 τόν
391 996 529 1063 παλαιόν
555 995 610 1061 καί
645 996 860 1066 συνετώτατον
894 1000 1005 1087 λόγον,
1037 996 1085 1068 ότι
1109 998 1186 1068 ὅπου

81 1098 269 1177 προαίρεσις
291 1094 416 1181 α’μαθη,
441 1096 476 1163 τό
493 1102 615 1163 κωλῦον
637 1093 741 1177 ούόέν,
763 1100 904 1179 μάλιστα
921 1106 957 1167 δὲ
979 1108 1112 1185 βασιλεῖ
1128 1108 1189 1169 τῶν

82 1188 190 1260 ἄλλων
214 1195 404 1283 ξύπερφόρον
430 1196 464 1263 τό
488 1197 646 1265 πλούσιον.
706 1204 761 1264 καί
792 1196 898 1277 ούδείς
933 1198 998 1268 εἶδέ
1019 1206 1096 1269 ποτέ
1116 1230 1188 1269 τινα

40 1296 201 1360 1οτούτοιν
224 1298 412 1379 πενόμενον·
457 1298 527 1363 ἀλλ’
549 1293 623 1364 όσον
645 1297 817 1387 ε’ξόντλητα
846 1311 921 1387 παρ’
944 1308 1045 1370 αύτυύ
1069 1307 1109 1369 δι’
1132 1306 1188 1367 εύ-

81 1398 191 1473 ποιίας
212 1396 252 1462 τό
272 1396 426 1483 χρηματα
447 1403 504 1463 καί
523 1396 724 1483 χρεωλυσίας
745 1404 905 1488 πεποίητο,
926 1410 1076 1469 τοσοῦτον
1098 1403 1185 1487 παραὶ

82 1502 142 1560 τοῦ
160 1501 384 1587 βασιλεύοντος
405 1494 530 1566 όνιοθεν
551 1504 789 1587 ἑπιχορηγεῖται
819 1506 920 1595 τούτῳ
943 1504 1024 1591 πηγη
1045 1508 1101 1567 καί
1123 1528 1184 1568 πο-

72 1599 188 1681 ταμός
213 1603 345 1682 χρυσῶν
365 1598 597 1687 α’νεξόντλητος.
651 1596 787 1688 όληθινη
815 1604 877 1689 γὰρ
899 1609 986 1671 ἐστίν
1009 1600 1148 1686 ἄμπελος
1171 1603 1187 1670 ὃ

82 1703 141 1784 τῆς
169 1697 317 1786 α’φθόνου
352 1697 556 1781 μεταδόσεως
583 1702 711 1786 κύριος,
754 1709 904 1771 τοσούτου
936 1706 1185 1787 ἑπαυξανόμενσς

41 1812 72 1865 15
83 1796 160 1867 όσον
181 1804 361 1884 περιτόμνει
381 1800 435 1865 τόν
458 1808 593 1867 πλούτου
615 1808 669 1869 καί
696 1807 860 1889 σκορπίζει
885 1810 926 1869 δι’
948 1808 1141 1891 α’γαθότητα.
1194 1824 1214 1877 l.
1228 1820 1317 1881 224v.

180 1901 279 1968 Ἀλλὰ
307 1899 345 1967 τὰ
376 1906 437 1985 μὲν
467 1905 543 1986 περί
563 1907 621 1969 τού
650 1906 758 1989 σοφοῦ
789 1911 946 1987 βασιλέως
968 1906 1044 1971 κατὰ
1074 1907 1186 1990 καιρόν

82 2007 238 2083 λελόξεται
259 1998 405 2087 όστερον,
428 1999 477 2070 ότε
487 2008 601 2069 τούτου
622 2000 642 2089 η
664 2004 757 2081 πόλις
779 2004 907 2090 λαμπροὶ
930 2011 1085 2091 λαμπραῖς
1103 2006 1187 2072 ’ύπο-

28 2169 33 2175 ,
84 2108 206 2182 δέξεται
228 2103 292 2168 καί
319 2103 455 2188 μυρίαις
485 2107 610 2195 τιμήσῃ,
634 2113 703 2182 ταῖς
730 2106 907 2192 εὐφημίαις
934 2110 989 2173 καί
1009 2105 1199 2192 πανηγύρει

83 2229 157 2270 σιν·
200 2207 234 2269 ἔν
255 2206 291 2268 δὲ
310 2212 377 2280 τοῖς
398 2198 556 2287 ἑσπερίοις
574 2210 686 2290 μέρεσι
710 2206 839 2291 φεύγων
864 2212 923 2289 μὲν
942 2208 957 2273 ό
979 2210 1038 2272 τού
1055 2213 1188 2290 ’Βρυεν-

41 2308 156 2369 θθνίου
178 2301 380 2390 αύτόδελφος
401 2302 481 2387 μετὰ
505 2307 567 2369 τῶν
587 2307 670 2394 ἄμφ’
697 2304 795 2371 αύτόν
818 2309 864 2392 ,τῇ
882 2308 1050 2395 Ῥαιδεστηύ
1071 2330 1190 2390 προσε-

83 2410 213 2490 adduce,
235 2405 290 2471 καί
309 2404 428 2490 ταύτης
448 2403 535 2481 ἐντός
557 2406 779 2491 εἰσελήλυθεν,
800 2406 829 2472 οἱ
851 2410 886 2471 δὲ
907 2407 1110 2484 Πατζινόκοι
1131 2407 1189 2491 την

84 2512 148 2572 τῶν
171 2507 371 2573 Μακεδόνων
392 2509 590 2573 α’ποστασίαν
613 2508 698 2574 ι’δίαν
714 2509 891 2593 εύπραγίαν
910 2512 964 2572 καί
985 2503 1113 2573 εόνοιαν
1135 2514 1189 2572 λο-

83 2608 260 2691 γιούμενοι,
289 2607 370 2691 μετὰ
397 2606 540 2693 πλήθους
561 2604 624 2672 ὀύκ
654 2606 823 2693 ἐλαχίστου
853 2612 893 2697 τῇ
925 2608 1190 2694 ἈδριανουπόλειΙ
1262 2662 1268 2667 ,

159 2771 186 2896 li
203 2770 326 2895 ημρληοη
345 2770 375 2824 G.
472 2771 499 2824 9.
519 2769 737 2845 ύπερφέροντιλ
780 2772 783 2783 “
843 2771 904 2827 οἶδε
925 2771 954 2825 G.
1039 2772 1088 2826 to.
1107 2768 1215 2839 ἐξόν

156 2860 252 2908 ιητον
294 2878 301 2892 ·

84 2988 244 3042 liberalibus
263 3004 354 3043 omncs
374 3004 455 3058 snpra
473 3006 576 3048 omnem
595 3004 669 3056 spem
688 2988 768 3041 valde
786 2988 882 3039 ditavit
902 2996 929 3040 et
955 2986 1111 3038 honorificis
1137 3002 1188 3038 ex.

86 3062 256 3129 ceptionibus
275 3070 302 3113 et
319 3061 505 3131 largitionibus
523 3060 666 3110 multorum
684 3057 846 3109 talentorum
866 3058 1012 3108 exercitum
1023 3064 1115 3107 contra
1134 3071 1186 3123 op.

84 3134 206 3201 positum
229 3132 393 3198 Brvenniurn
420 3140 447 3181 et
473 3138 579 3181 ceteros
602 3137 730 3194 tyrannos
755 3129 895 3179 maximum
926 3128 1071 3178 excitavit:
1097 3142 1187 3195 neque

86 3205 229 3271 quidquam
249 3205 275 3255 ei
292 3204 402 3268 inopiae
420 3199 473 3257 vel,
486 3199 651 3252 difficultatis
669 3200 777 3251 omuino
797 3199 923 3262 obvenit,
943 3200 980 3249 ita
998 3206 1028 3249 ut
1056 3199 1091 3251 sit
1110 3197 1184 3249 clara

87 3282 116 3325 et
133 3290 199 3327 vera
218 3276 304 3326 oratio
323 3273 372 3323 illa
388 3278 495 3322 vetusta
514 3278 541 3321 et
557 3272 773 3339 prudentissima,
792 3272 838 3323 ubi
857 3269 998 3321 consilium
1021 3270 1118 3321 bonum
1138 3271 1188 3321 ad.

86 3347 132 3411 sit,
151 3346 189 3397 ibi
206 3345 275 3397 nihil
297 3358 356 3395 esse
376 3341 569 3409 impedimenti,
586 3344 700 3395 maxime
718 3351 806 3395 autem
824 3358 916 3411 regem
929 3344 1027 3393 ceteris
1048 3340 1185 3393 excellere

86 3417 207 3470 divitiis:
234 3424 314 3482 atque
336 3428 415 3465 nemo
439 3414 517 3465 novit
539 3430 654 3483 unquam
679 3430 828 3483 quenquam
858 3414 950 3465 borum
980 3427 1111 3479 egenum:
1141 3414 1188 3463 sed

72 3496 216 3557 'quantum
236 3484 427 3537 exhauriuntur
455 3485 488 3536 ab
507 3501 539 3537 eo
558 3488 669 3539 divitiae
697 3486 839 3541 beneficiis
866 3495 892 3537 et
914 3485 1011 3537 officiis
1029 3482 1187 3543 solvendis,

85 3567 189 3611 tantum
208 3572 224 3607 a
241 3571 307 3623 rege
327 3571 424 3623 supero
444 3558 587 3623 praebetur
605 3558 667 3609 huic
688 3559 748 3611 fons
768 3566 795 3609 et
813 3558 910 3610 duviua
927 3556 984 3607 auri
1004 3552 1186 3603 inexhaustus.

89 3645 158 3681 vera
177 3629 246 3679 enim
266 3629 329 3680 vitis
349 3637 391 3682 est
406 3629 540 3697 benignae
559 3630 710 3698 largitionis
729 3630 860 3693 dominus,
879 3630 1092 3686 tantumauctus,
1103 3638 1190 3689 quan-

87 3710 143 3754 tum
164 3701 361 3752 circumscribit
378 3701 496 3765 divitias,
517 3709 544 3753 et
561 3701 663 3767 spargit
687 3707 798 3767 propter
820 3702 955 3752 virtutem.

191 3788 243 3840 Sed
262 3788 295 3838 de
315 3790 436 3855 sapiente
455 3804 520 3855 rege
542 3803 591 3841 suo
609 3794 730 3853 tempore
752 3788 857 3838 dicetur
873 3793 976 3853 postea,
996 3786 1099 3852 quando
1121 3783 1191 3835 hunc

88 3862 152 3914 urbs
171 3859 310 3927 splendida
325 3856 463 3924 splendide
475 3860 592 3927 excipiet
611 3867 638 3909 et
651 3856 889 3909 innumerabilibus
903 3850 1047 3908 honorabit
1066 3855 1189 3907 laudibus

89 3941 117 3982 et
135 3933 220 3984 lestis.
241 3932 268 3981 in
291 3931 501 3982 occidentalibus
513 3939 607 3990 ‘autem
628 3929 747 3996 partibus
769 3928 876 3996 lugiens
895 3928 978 3979 frater
991 3928 1119 3993 Brvennii
1131 3937 1189 3975 cum

61 4067 64 4071 ι
90 4004 156 4067 suis,
175 4002 307 4055 llaedesto
327 4003 554 4069 appropinquavit
572 4009 600 4051 et
617 4000 685 4051 banc
710 3999 801 4051 urbem
825 4000 943 4051 intravit.
981 3998 1116 4051 Patzinaci
1140 4008 1191 4043 au-

93 4082 147 4124 tenr
163 4074 336 4131 Macedonum
355 4073 512 4126 seditionem
532 4088 605 4125 suam
626 4070 782 4123 felicitatem
803 4080 830 4123 et
852 4070 1068 4123 benevolentiam
1093 4072 1192 4132 putan-

94 4151 136 4197 tes
158 4160 217 4198 cam
237 4144 411 4199 multitudiue
425 4160 481 4215 non
499 4146 608 4199 minima
621 4141 798 4210 adrianopoli
817 4144 1061 4212 appropinquarunt
1080 4144 1106 4189 et
1124 4135 1193 4187 banc
