2875 4734
574 350 785 417 nicaeam.
1149 306 1214 412 ’τε

120 513 209 599 αύτῷ
234 475 365 593 βασιλεύ
395 509 518 594 γέγονεν
551 510 593 586 ὥς
626 509 741 593 μερικὴ
767 535 814 585 τις
843 505 1017 592 δυσβουλία
1042 507 1096 574 καί
1125 511 1221 574 συνέ-

118 620 226 690 λεοσις
255 610 449 696 συνετάραξε
488 608 523 674 τό
564 611 721 696 ύπηκοου,
750 613 826 695 ούχί
861 609 1003 695 συνθήκη
1043 607 1130 692 κοινὴ
1167 614 1221 676 καί
1265 658 1270 672 ι
1332 641 1338 650 “

122 718 304 799 σογκίνησις
333 711 547 794 ἐξεπολέμωσε
573 717 703 792 τοῦτον,
736 712 792 776 καί
812 714 955 796 θύρσους
974 711 1223 794 ἐνεπλήσθησαν,

86 832 89 836 ’
122 818 170 890 εἰς
191 811 324 896 ἐρευναν
345 809 445 887 εόθός
470 816 616 898 διανέστη
639 817 694 876 καί
721 815 785 877 τοῖν
805 816 1040 897 τετολμημένων
1065 812 1224 894 ἐκδίκησιν

95 914 140 978 55
163 917 298 996 κρατῶν.
349 915 403 976 καί
434 915 504 978 ἐπεί
524 919 636 978 λαθεῖν
663 915 722 975 ούκ
747 916 819 996 ἐνῆν
848 908 923 986 τούς
950 907 1103 977 τοσούτου
1125 913 1224 974 κακού

123 1013 348 1098 πρωτεργάτας
369 1015 423 1077 καί
442 1012 638 1089 στασιαστὰς
660 1018 715 1078 καί
736 1013 947 1096 συνίστορας,
972 1004 1083 1097 ἤγοντο
1104 1006 1227 1076 τούτων

127 1115 261 1196 συχνοί,
288 1119 344 1178 καί
369 1113 593 1188 καθοσιώσεοος
621 1117 666 1189 είς
697 1117 831 1196 βασιλέα
855 1117 1033 1199 φερομένης
1054 1114 1225 1194 ἐκρίνοντο.

125 1218 181 1278 καί
203 1211 232 1278 οἱ
253 1217 313 1294 μὲν
335 1212 475 1296 εἱρκταῖς
499 1215 678 1297 δημοσιάις,
702 1211 732 1276 οἱ
755 1216 790 1277 δέ
809 1215 973 1293 α’μειδέσιν
988 1214 1136 1286 οίκίοκοις
1158 1210 1227 1275 ἐδί-

128 1317 229 1380 δοντο.
273 1306 363 1377 άλλοι
387 1317 422 1378 δὲ
442 1310 564 1378 τούτων
587 1313 643 1378 τόν
666 1311 804 1380 θάνατον
826 1316 967 1378 ἐκκλῖναι
988 1311 1228 1391 σπουδάζοντες,

78 1425 114 1478 10
127 1414 336 1498 ὑποσχέσεσιν
358 1412 542 1496 ἐλευθερίας
564 1413 754 1500 σαινόμενοι,
784 1412 972 1499 προεδίδουν
992 1408 1130 1495 ἐτέρους.
1172 1412 1228 1477 καί

125 1517 200 1580 καθ’
232 1509 366 1599 ἑκάστην
397 1513 668 1597 συνελαμβάνοντο
699 1516 830 1600 συχνοί,
859 1513 914 1577 καί
942 1512 1042 1598 φόβος
1062 1507 1129 1593 εἶχε
1152 1508 1226 1585 τούς

126 1621 291 1692 πλείστους
314 1617 365 1680 ἵνα
386 1614 429 1698 μὴ
452 1619 663 1702 σολληφθοόσι
681 1612 959 1701 κατηγορούμενοι.
1002 1617 1080 1686 τέως
1102 1613 1138 1675 δέ
1157 1636 1224 1692 μα-

124 1721 279 1800 στιγώσας
301 1714 423 1781 τούτων
445 1718 533 1791 τινάς
560 1716 577 1778 δ
601 1721 737 1799 κρατεῖν,
760 1714 883 1790 καί·είς
904 1716 974 1799 φιός
995 1712 1072 1788 τούς
1093 1710 1226 1794 ἐπιβού-

126 1824 200 1894 λους
223 1816 412 1900 προαγαγών
434 1819 509 1882 ου’δὲ
528 1820 600 1900 πρίν
621 1817 853 1900 α’γνοουμένους
875 1813 930 1880 διοὶ
950 1815 982 1880 τό
998 1814 1170 1896 ἐκραγῆναι
1190 1809 1227 1875 τό

79 1941 115 1994 15
128 1901 353 1999 μελετώμενον,
377 1921 463 2007 φυγῇ
485 1916 617 1991 τούτους
638 1920 694 1982 καί
717 1919 871 2000 δημεύσει
892 1917 1143 1999 προσεζημίωσε,
1163 1937 1229 1996 μη-

127 2023 203 2086 δένα
227 2021 268 2084 δι’
292 2017 424 2100 αἵματος
445 2017 692 2104 τιμωρήσασθαι
716 2019 949 2101 ἀνασχόμενος,
982 2015 1053 2080 ἀλλ’
1074 2013 1228 2097 εύψύχας

125 2120 186 2204 την
210 2122 377 2202 παροινίαν
411 2119 464 2183 καί
490 2119 703 2203 μετριώτερον
734 2116 877 2201 ἐνεγκοόν.
919 2113 980 2200 πρό
1005 2118 1040 2180 δὲ
1062 2110 1227 2180 πάντωνό

124 2221 288 2305 εἰρημένος
306 2215 458 2302 ἔπαρχος,
479 2217 662 2295 συνειδότος
684 2216 909 2303 κατηγορηθείς
923 2215 978 2280 καί
995 2216 1127 2299 κριθείς,
1148 2209 1226 2276 ύπε.

125 2324 218 2409 ρορίρ
241 2321 295 2383 καί
308 2319 458 2404 δημεύσει
476 2318 557 2385 κατά
574 2318 631 2402 την
654 2316 754 2403 αύτην
776 2319 897 2401 ἡμέραν
913 2321 969 2400 τῆς
980 2316 1128 2396 ταραχῆς
1148 2308 1226 2376 dns·

76 2419 247 2505 κοβλήθη,
279 2418 387 2485 είσιιόν
415 2423 475 2502 μὲν
495 2421 539 2495 είς
571 2419 611 2484 τά
632 2425 781 2502 βασιλεια
810 2412 853 2493 ύς
876 2419 990 2482 τινοῖν
1012 2416 1146 2480 δεόντων
1168 2436 1228 2476 κα-

126 2518 296 2605 τορδακοός
319 2520 374 2586 καί
393 2519 427 2588 τό
450 2507 622 2605 στασιάζον
653 2517 873 2602 κατευνακύς,
902 2519 1094 2606 ἀφαιρεθείς
1116 2517 1152 2580 δέ
1172 2513 1228 2599 την

128 2617 231 2706 ζιόνην
254 2624 310 2686 καί
335 2620 374 2686 τά
404 2621 579 2711 παράσημα
608 2628 664 2691 καί
690 2623 878 2708 κατάκριτος
907 2617 1154 2705 ἀπροσδοκήτοις
1174 2638 1228 2700 γε-

128 2745 268 2804 νομενος.

198 2859 223 2909 3.
243 2839 346 2913 τοῦτοί
453 2862 478 2944 5
501 2858 655 2921 τοσούτους
676 2860 704 2915 G.

123 2979 200 3030 bunc
218 2987 319 3032 aestum
338 2987 365 3032 et
385 2983 491 3034 omniuo
509 2999 664 3051 persuasum
685 2993 726 3035 est
743 2983 826 3049 regiis
846 2990 873 3033 ct
890 2982 948 3050 regi
964 2981 1027 3049 ipsi,
1045 2980 1128 3043 partis
1141 2991 1228 3044 quan.

128 3052 187 3102 dam
205 3051 420 3104 malevolentiam
441 3064 467 3104 et
487 3056 710 3119 conspirationem
728 3053 852 3103 turbasse
874 3048 1019 3112 subiectod,
1048 3063 1136 3118 neque
1161 3062 1228 3100 vero

127 3122 280 3188 pactionem
300 3139 465 3174 communem
485 3133 511 3174 et
530 3125 742 3174 coniurationem
764 3123 834 3173 hunc
852 3123 926 3173 bello
945 3123 1102 3184 induxisse,
1123 3125 1149 3167 et
1167 3121 1228 3184 ani?

126 3207 169 3243 mo
188 3193 290 3259 impleti
310 3204 379 3257 sunt,
400 3196 432 3244 ad
451 3194 656 3259 inquisitionem
672 3195 758 3244 statim
778 3195 894 3244 surrexit
912 3201 939 3243 et
957 3194 1123 3258 inceptorum
1143 3188 1228 3242 ultio.

125 3279 185 3314 nem
205 3265 356 3330 imperator.
395 3272 474 3329 atquc
494 3273 552 3314 cum
571 3279 625 3314 non
644 3265 729 3314 latere
748 3273 858 3331 possent
877 3266 942 3316 tanti
961 3264 1023 3314 mali
1048 3272 1173 3314 auctores
1200 3270 1227 3313 et

125 3334 246 3386 seditiosi
267 3344 294 3386 et
312 3335 423 3396 conscii,
443 3335 710 3401 deprehendebantur
729 3335 822 3386 borum
848 3337 923 3386 multi
950 3345 976 3386 et
1001 3335 1170 3386 dedicatione
1193 3335 1226 3387 ad

124 3402 216 3474 regem
237 3406 291 3457 lata
309 3405 500 3469 iudicabuntur,
520 3414 602 3473 atquc
622 3406 668 3456 alii
688 3408 794 3472 quidem
817 3407 932 3458 vinculis
942 3406 1067 3473 publicis,
1078 3407 1124 3457 alii
1139 3406 1226 3456 tristi.

124 3477 174 3528 bus
193 3477 323 3528 aediliciis
345 3476 523 3540 tradebantur,
543 3477 593 3528 alii
612 3487 699 3528 autem
719 3478 814 3530 horum
834 3487 945 3529 mortem
965 3479 1067 3529 evitare
1093 3478 1228 3529 studentes

125 3548 263 3618 promissis
287 3545 419 3598 libertatis
448 3548 543 3598 molliti
574 3549 722 3615 prodebant
739 3550 828 3614 alios,
861 3558 888 3601 et
911 3548 1030 3617 quotidie
1056 3548 1229 3614 capiebantur

126 3619 212 3679 multi,
245 3625 272 3666 et
290 3626 373 3671 metus
392 3618 500 3669 tenebat
519 3620 658 3684 plurimos,
679 3636 713 3669 ne
732 3630 891 3688 caperentur
917 3619 1044 3671 accusati.
1089 3627 1229 3684 postquam

124 3697 213 3740 autem
240 3703 288 3753 per
305 3697 408 3755 tempus
425 3690 535 3756 aliquod
560 3692 702 3758 castigavit
721 3695 813 3744 borum
833 3692 959 3758 quosdam
986 3691 1134 3754 imperator¹
1156 3697 1184 3739 et
1200 3690 1228 3740 in

124 3761 211 3810 lucem
236 3761 391 3813 insidiantes
419 3766 560 3830 produxit,
581 3777 647 3830 quos
671 3777 706 3813 ne
732 3772 811 3815 autea
836 3763 940 3828 quidem
971 3762 1145 3827 ignoraverat
1169 3777 1228 3811 cum

125 3830 266 3882 consilium
292 3837 472 3899 prorupisset,
501 3835 597 3887 exsilio
621 3833 670 3884 hos
699 3844 726 3885 et
749 3834 931 3900 publicatione
953 3833 1071 3898 punivit,
1096 3835 1228 3884 neminem

125 3902 256 3969 sanguine
275 3918 306 3954 se
325 3906 472 3966 puniturum
494 3907 641 3973 pollicitus,
661 3907 708 3958 sed
728 3918 861 3972 generose
880 3904 1002 3954 iniuriam
1022 3913 1048 3955 et
1066 3906 1227 3955 moderatius

126 3974 225 4024 ferens.
268 3974 338 4025 Ante
369 3990 458 4029 omnes
493 3986 580 4028 autem
610 3983 829 4028 commemoratus
861 3976 1013 4041 praefectus
1046 3975 1228 4026 conscientiae

125 4053 264 4097 accusatus
280 4054 306 4095 et
324 4049 457 4104 damnatus
479 4051 553 4102 exilii
574 4061 599 4102 et
618 4046 806 4113 publicationis
826 4046 918 4098 eodem
937 4048 979 4096 dic
999 4048 1092 4097 turbae
1105 4045 1228 4094 inductus

127 4124 175 4178 ⁰⁵⁸,
195 4118 331 4185 ingressus
351 4120 378 4169 in
396 4124 509 4190 regiam,
532 4125 606 4190 quasi
633 4119 735 4185 aliquid
749 4120 960 4171 necessariorum
977 4119 1046 4168 bens
1066 4117 1176 4166 lecisset
1201 4122 1228 4163 et

126 4190 285 4240 seditionem
312 4195 520 4258 composuisset,
555 4195 673 4261 privatus
710 4197 797 4241 autem
829 4187 937 4258 cingulo
973 4196 1000 4239 et
1026 4184 1176 4256 insignibus
1202 4192 1228 4233 et

127 4259 263 4313 damnatus
282 4268 388 4328 praeter
408 4268 634 4332 exspectationem
664 4264 757 4315 lactus.
