2875 4734
151 198 281 338 cm·
488 256 708 325 κισπιειιε
738 240 1055 317 imaumm

188 428 347 512 ἐχόμενος,
368 420 420 485 κατ’
441 416 561 499 νάκτωρ
585 439 636 477 και
632 412 731 493 μεθ
753 408 875 493 ἡμέραν
894 410 961 479 τοῖς
985 403 1165 472 καθολικοῖς
1188 392 1289 479 πράγ-

123 579 130 586 -
186 551 286 609 μασιν
309 521 538 606 ε’παγρυπνοάν,
561 541 612 580 και
608 517 731 579 taxato
753 502 911 593 α’κροατής
928 507 962 569 ἐν
984 508 1055 577 ταῖς
1094 500 1291 563 άνέσεσικιι-

180 626 376 706 ’θιστάμενος
398 623 453 685 καί
475 621 589 700 κρίνων
612 612 758 698 άρφανάν
787 634 840 673 και
836 609 998 671 δικαιῶν
1016 600 1122 722 χήραν
1142 596 1222 663 κατά
1254 595 1288 661 τά
1414 676 1415 683 ¹

186 734 275 793 θεῖον
299 726 420 809 λόγιον,
441 744 492 816 και
489 719 729 789 παντοδαπαῖς
750 713 912 777 ἑπιδόσεσι
934 705 1143 789 χαρισμάτων
1173 703 1224 763 καὶ
1245 720 1291 762 τι·
1415 741 1416 779 ¹

186 831 255 911 μάν
277 824 514 908 soroyspos‘poos
537 816 591 882 διά
614 811 733 895 παντὸς
755 809 789 877 τά
809 807 954 895 άπήκοον,
975 808 1050 870 ον’δὲ
1073 800 1129 867 τάν
1148 824 1292 885 ννκτερι-
1300 827 1316 880 5
1416 821 1417 841 ι

187 928 255 998 νόν
251 927 380 1011 χρόνον
399 922 461 1001 ἔξω
483 923 545 985 τάν
566 914 684 982 ἑαυτου
673 907 959 990 σπονδασμάτων
982 908 1111 989 ε’τι’,θετο
1135 903 1216 967 α’λλά
1230 910 1339 977 τοῖς

186 1031 322 1113 βιβλιοις
347 1031 398 1088 καὶ
426 1030 495 1094 ταῖς
524 1014 738 1098 ἀναγνώσεσιν
768 1002 973 1082 ε’πιδιδοάςι
961 1003 1075 1070 suardo
1103 1005 1293 1084 πολνῖστορα

85 1160 87 1164 ·
187 1154 241 1195 και
236 1111 468 1210 μεμυημένον
490 1118 527 1185 τά
557 1122 632 1181 θεῖα
656 1116 803 1197 περιίστα
828 1108 881 1175 κατ’
905 1106 944 1173 τά
975 1102 1174 1188 άνθράπινα.
1218 1108 1293 1185 ἐμέ-

188 1238 264 1314 λησε
287 1230 314 1290 δ’
336 1225 420 1311 αὐτῷ
441 1226 495 1287 soi
516 1222 652 1300 νομικῶν
672 1210 912 1295 διαταγμάτων,
934 1234 987 1273 και
984 1205 1213 1289 διορθώσεως
1232 1205 1294 1269 τάν
1422 1299 1423 1317 ¹

189 1326 499 1414 ἀμφισβητουμένων
523 1321 705 1403 δογμάτων,
727 1318 782 1380 καί
805 1314 1000 1392 καταστολής
1021 1312 1084 1373 τάν
1104 1328 1293 1388 τικτομενωκ
1302 1326 1336 1380 10
1423 1379 1424 1413 ¹

191 1422 349 1508 ἐξαάιάν
370 1426 540 1504 καδοιμάν.
586 1416 635 1484 διά
660 1416 715 1482 καί
743 1415 800 1481 τοῦ
821 1414 896 1495 περὶ
928 1415 989 1475 τῶν
1010 1411 1212 1491 μαινομένων
1233 1431 1293 1471 σο-

191 1532 304 1594 νοίκων
325 1526 500 1610 κεφαλαίου
529 1522 791 1602 διακλονηθὲντος
811 1518 887 1578 ποτὲ
907 1514 1084 1596 θεραπείαν
1105 1504 1294 1633 άκριβεστά-

191 1655 246 1715 τήν
266 1631 306 1717 τῇ
329 1622 567 1710 άμφισβήτήσει
589 1619 800 1703 κήδεμονικοις
828 1614 1010 1696 ἐπεζήτησε.
1056 1636 1107 1675 και
1129 1603 1294 1693 εδράνδτι

192 1727 209 1792 6
232 1732 267 1793 ἐν
292 1725 481 1847 άοιδάμρι
443 1750 479 1810 τῃ
502 1720 588 1804 λήξει
608 1716 761 1801 βασιλεῦς
783 1720 873 1797 κῦρις
895 1711 1023 1783 Λέων
1003 1728 1124 1795 εγραψε
1145 1716 1185 1793 μὲ
1187 1736 1205 1775 ν
1225 1732 1296 1773 νεα.

173 1828 252 1913 ’ράν
273 1829 348 1909 περὶ
367 1821 495 1903 τούτων,
518 1820 708 1906 συνεχάσθή
724 1821 759 1885 δὲ
772 1822 816 1882 τά
796 1816 933 1940 γράνρι
957 1818 1012 1879 καί
1032 1810 1191 1896 ἄπρακτος
1206 1808 1294 1892 ἔμει.
1278 1834 1337 1887 .15

191 1952 260 2007 νει,
282 1925 432 2010 ἀνήγειρε
457 1924 578 2008 ταύτην
596 1925 755 1986 πεσοῦσαν
776 1922 832 1997 καί
852 1917 886 1982 τὸ
918 1916 1033 2000 κράτος
1057 1916 1296 1998 ἐπεψηφίσατδ,

191 2028 346 2094 κάλλιστα
370 2028 502 2110 προθείς
525 2023 585 2099 τάς
608 2024 736 2102 αι’τιάς,
765 2017 917 2104 καὶπρὸς
940 2014 976 2080 τά
1007 2014 1242 2100 μεγαλοπρεπές
1262 2036 1295 2077 τε

192 2129 248 2195 καί
268 2127 469 2209 δικαιότερονΙ
485 2128 518 2203 ἐξ
541 2124 699 2209 άφορμιδν
721 2122 862 2204 εάλάγων
891 2118 1123 2203 περικαλλάνας
1157 2116 1193 2181 τά
1218 2119 1296 2181 θάσ-

195 2255 309 2311 πισμα,
332 2222 426 2310 ὅρους
446 2248 480 2288 τε
500 2225 597 2300 τάξας
614 2226 669 2308 τῆς
692 2226 810 2304 μανιάς
830 2246 882 2285 και
916 2218 1053 2303 τρόπους
1080 2221 1134 2282 καί
1158 2218 1324 2302 χρόνους

194 2332 367 2413 ὑπομονῆς,
390 2328 444 2391 καί
464 2326 633 2411 τηνικαῦτα
665 2324 699 2389 τά
738 2325 903 2405 διαζάγιον
935 2317 1195 2405 προτρεψάμενος
1222 2312 1342 2394 6sospo
1435 2346 1436 2423 ¹

194 2428 403 2557 δήριωδῶς“
385 2454 403 2511 η
427 2426 516 2503 νόσος
541 2429 725 2510 ἑκμαάνηται
755 2422 810 2487 καί
833 2425 875 2510 τῷ
899 2425 1093 2487 σονοικοῦντι
1121 2422 1300 2501 καθορᾶται
1435 2428 1436 2435 ’

194 2530 363 2617 αφόρητος,
386 2528 441 2592 κατ’
460 2526 476 2593 6
495 2524 611 2611 χρόνος
630 2524 687 2611 τήν
708 2527 822 2590 ελπι’δα
843 2508 1128 2607 τήςθεραπείας’
1106 2522 1301 2609 απει’πη,-καί

193 2629 229 2698 τά
254 2629 358 2697 δεινὸν
379 2629 606 2716 άπεραίρήται.

240 2806 243 2811 ’
266 2816 311 2871 22
330 2782 464 2888 ἀφόρητα
484 2813 514 2869 0.

195 3005 313 3076 vigilem
333 3014 361 3057 et
380 3020 519 3057 cansarum
534 3005 665 3057 auditor'
657 3021 685 3057 m
697 3005 867 3069 remissione,
889 3012 915 3057 et
933 3004 1054 3057 iudicans
1072 3004 1165 3057 orbum
1185 3014 1212 3057 et
1231 3007 1301 3057 iuste

196 3087 312 3131 mactans
332 3077 438 3128 viduam
457 3077 601 3128 secuudum
621 3077 740 3129 divinum
758 3077 856 3129 dictum
879 3085 905 3128 et
923 3077 1005 3128 variis
1023 3075 1224 3129 accessionibus
1243 3076 1300 3127 lar-

195 3152 326 3219 gitionum
347 3147 522 3199 othonorum
542 3162 639 3198 ornans
654 3149 763 3199 omnino
782 3147 928 3212 subiectos,
947 3164 982 3199 ne
1001 3148 1097 3198 noctis
1095 3148 1212 3215 quidem
1230 3156 1302 3198 tem-

196 3236 245 3289 pus
267 3228 341 3271 extra
360 3235 407 3271 sua
427 3220 513 3271 stadia
531 3218 662 3285 ponebat.
682 3220 729 3271 sed
747 3218 838 3270 bibliis
861 3226 888 3269 ct
906 3217 1066 3271 lectionibus
1086 3219 1150 3270 dans
1169 3232 1230 3271 seso
1249 3232 1301 3285 po-

195 3290 355 3357 tyhistorem
382 3297 409 3340 et
427 3291 558 3341 initiatum
579 3289 659 3340 rebus
684 3290 783 3341 divinis
811 3290 990 3341 constituebat
1008 3297 1034 3340 et
1053 3290 1183 3341 humanis.
1221 3303 1301 3339 curae

196 3367 272 3413 eraut
287 3362 312 3411 ei
333 3362 411 3411 etiam
430 3360 520 3427 legum
541 3362 747 3413 constitutiones
767 3368 793 3411 et
808 3362 1013 3414 ,emendationes
1032 3362 1178 3428 ancipitum
1196 3358 1302 3411 edicto-

195 3446 253 3486 rum
274 3439 301 3482 et
319 3432 528 3498 compositiones
554 3433 688 3483 turbarum
707 3447 776 3499 quae
800 3445 834 3483 ex
859 3433 893 3483 iis
911 3440 1094 3484 nascerentur.
1134 3431 1302 3500 quamobrem

197 3504 277 3556 etiam
297 3518 356 3553 cum
376 3511 455 3569 caput
473 3502 506 3553 de
528 3503 641 3571 furiosis
664 3503 824 3572 coniugibus
849 3503 990 3572 aliquando
1009 3504 1203 3570 disceptaretur
1223 3517 1302 3554 cura.

99 3581 104 3590 '
196 3575 297 3628 tionem
328 3574 553 3626 accuratissimam
578 3574 737 3627 dubitationi
765 3576 885 3626 studiose
913 3576 1062 3642 quaesivit:
1094 3583 1120 3626 ct
1151 3576 1302 3640 inveniens,

197 3647 288 3699 divum
307 3659 399 3713 regem
424 3645 558 3717 dominum
582 3646 699 3698 Leonem
726 3647 868 3712 scripsisse
886 3646 1023 3698 novellam
1043 3646 1076 3696 de
1096 3646 1147 3711 his,
1167 3646 1304 3698 confusam

196 3724 285 3769 satem
318 3732 378 3769 esse
398 3731 455 3766 eam
475 3725 608 3769 vetustate
637 3718 785 3771 etirritam
804 3718 942 3782 mansisse,
963 3719 1136 3770 resuscitavit
1155 3718 1223 3769 banc
1242 3718 1304 3785 lap.

198 3803 254 3842 sam
271 3792 298 3836 et
314 3790 460 3853 potentiam
481 3789 506 3839 ei
525 3788 637 3853 addidit,
668 3788 850 3856 pulcherrime
869 3790 998 3841 adiicieos
1027 3805 1120 3841 causas
1139 3797 1166 3840 et
1180 3790 1305 3858 magnifi-

198 3858 303 3911 centius
330 3866 356 3909 et
383 3860 477 3911 iustius
507 3875 540 3911 ex
567 3861 754 3913 occasionibus
773 3859 957 3926 probahilibus
984 3860 1115 3915 adornans
1135 3861 1258 3927 edictum,
1279 3868 1306 3911 ct

197 3931 265 3983 fines
284 3930 448 3981 constituens
468 3931 565 3984 furoris
586 3940 612 3983 et
629 3932 722 3984 modos
737 3939 763 3984 et
781 3940 901 3998 tempora
916 3932 1071 3999 patientiae,
1091 3940 1171 3999 atque
1190 3939 1243 3982 tom
1262 3932 1306 3983 di-

198 4001 315 4052 voi-tium
333 4014 522 4067 proponens,
540 4019 598 4055 cnm
617 4004 721 4057 bestiae
741 4005 825 4055 instar
850 4001 957 4055 morbos
978 4002 1080 4054 fureret
1108 4010 1134 4053 et
1153 4002 1305 4054 coutuber.
1350 4052 1363 4063 ,

199 4071 257 4122 nali
277 4079 420 4137 appareret
448 4072 629 4127 intolerabilis
655 4082 682 4127 et
706 4082 809 4141 teinpus
835 4088 909 4142 spem
939 4075 1085 4127 curationis
1104 4080 1209 4127 vetaret
1225 4081 1306 4163 atque

201 4140 351 4209 periculam
370 4150 521 4212 augeretur
562 4194 565 4199 .
