2875 4734
226 286 300 372 tlt
447 337 454 342 -
532 291 752 362 urcuamrs
778 285 1042 357 nmmrotmu

216 470 381 541 'stertente
409 472 455 544 εἰς
485 465 554 554 την
570 462 828 587 βασιλεύουσαν,
860 461 922 545 πρὸ
951 461 1009 523 τού
1030 457 1085 542 τὴν
1120 456 1204 520 ἰδίαν
1227 424 1329 519 οἰκίαν

228 573 416 651 καταλαβεῖν
446 568 612 651 παρῆλθον
633 565 679 640 είς
701 564 739 627 τοὶ
761 567 927 644 βασίλεια,
948 556 1002 623 καί
1034 582 1078 644 τῳ
1062 558 1247 641 λογοθὲτη
1269 559 1330 621 Νι-

126 704 129 708 .
227 670 355 758 ,ηφόρῳ
385 667 464 752 πρὸς
494 663 605 747 λόγους
628 659 732 728 stede
751 660 912 727 πάντατὰ
938 658 1182 775 συνενεχθέντα
1189 650 1331 739 προσήγ-

225 777 325 858 γειλα,
350 772 406 834 καί
425 768 461 832 τδ
482 768 624 849 ποιητέον
648 762 737 849 αύτῷ
759 764 1003 843 συνεβούλευσα,
1027 758 1081 822 καί
1100 757 1143 831 eir
1166 750 1213 819 ὅτι
1235 754 1331 835 τύχι-

147 943 151 951 ,
227 894 290 938 στα
311 868 376 955 χρη
398 867 454 952 τήν
474 888 507 931 τε
530 862 717 931 Ῥαιδεστδν
748 860 974 948 χρυσοβούλλῳ
1007 859 1088 947 λόγῳ
1109 855 1358 935 serentapicum

225 973 282 1037 sul
303 964 546 1057 φιλανθρώποις
580 962 760 1046 δεξιώσεσιν
792 960 1035 1043 οἰκειώσασθαι,
1065 981 1118 1021 ιιαι
1154 952 1210 1029 τδς
1232 949 1331 1027 ἄλλος

225 1070 381 1145 πόλειςι
355 1068 518 1149 τοσαύτας,
538 1066 592 1129 καί
614 1060 649 1127 τὸ
667 1060 896 1146 στρατιωτικὸν
917 1059 948 1135 ἐς
969 1058 1084 1125 ταύτδν
1105 1060 1330 1139 συναθροίσαι,
1413 1093 1416 1100 -

226 1174 282 1235 καί
301 1171 488 1253 depulsione
508 1164 565 1249 τὴν
584 1167 647 1229 τῶν
669 1168 824 1228 πλείστων
847 1161 924 1245 πρὸς
954 1159 1009 1225 τδν
1030 1154 1209 1239 ἀποστάτην
1229 1147 1331 1219 συνύ-

183 1346 187 1357 .
225 1275 370 1354 &poento
415 1262 501 1351 απῆν
521 1264 597 1354 γὰρ
605 1262 652 1338 ἔτι
667 1266 722 1347 τῆς
740 1257 1034 1349 Ἀδριανουπδλεως
1056 1260 1095 1322 oo’
1113 1256 1228 1338 μικρὸν
1250 1275 1330 1319 απο-

141 1438 143 1442 ,
226 1362 334 1451 θον,“
316 1390 367 1433 ote
387 1370 443 1431 καί
465 1367 509 1455 τῷ
530 1349 728 1451 Βασιλύκη,”
731 1365 775 1451 τῷ
798 1362 1006 1481 ἀποσταλέντι
1034 1362 1098 1442 μετ’
1124 1353 1219 1421 αύτδν
1240 1354 1333 1417 doust
1341 1374 1374 1425 10

226 1473 434 1556 Δυρραχιου,
466 1463 662 1552 παρατυχών
691 1462 778 1540 ε’ντδς
798 1466 856 1527 τού
887 1485 996 1537 αστεος
1017 1465 1074 1580 της
1098 1456 1330 1539 Θεσσαλονίκης

226 1692 326 1752 μασιν
340 1691 357 1730 ο
347 1666 565 1755 ‘Boctldutoc
583 1667 625 1750 τῷ
646 1663 714 1729 τότε
737 1661 904 1747 έχρήσατο,
920 1664 1185 1745 κατεπολέμησεν
1192 1648 1233 1721 dv
1252 1659 1331 1720 τοῦ-

127 1802 137 1817 2
226 1790 281 1835 τον
301 1763 336 1832 έν
358 1768 445 1855 ἀρχῇ
466 1771 522 1851 τῆς
542 1765 748 1842 ἀποστάσεως
770 1763 958 1830 σαλεύοντα.
1003 1758 1079 1825 ὅδὲ
1101 1760 1310 1843 λογοθέτης’
1294 1781 1329 1821 εν

226 1864 418 1950 μειδιάματι
445 1870 631 1949 ποιούμενος
667 1863 708 1930 τύ
737 1868 813 1949 παρ’
848 1867 929 1946 εμού
957 1861 1056 1952 τούτῳ
1084 1858 1164 1944 μετὰ
1187 1860 1373 1940 σπουδης15

228 1963 457 2052 εἶσηγούμενα,
489 1973 721 2051 μετεωρισμοῖς
751 1964 818 2031 τισί
839 1991 892 2030 και
888 1964 1088 2047 ἀναβολαῖς
1110 1987 1149 2028 τα
1140 1961 1253 2043 μηδὲ
1270 1983 1331 2039 μι-

227 2071 308 2151 spele
343 2068 546 2159 ύπερθέσεονς
588 2055 722 2147 δεύμενα
755 2068 1006 2149 παραδέδωκεν,
1032 2069 1118 2186 έονςνΙ
1112 2066 1178 2128 ’τού
1207 2058 1332 2135 πάθους
1386 2076 1391 2087 ·

229 2168 477 2252 φλεγμαίνοντος
507 2191 566 2251 την
595 2192 740 2253 ιατρειαν
769 2170 1005 2253 ἐπεχείρησομ
983 2162 1110 2259 μέν,”
1089 2185 1178 2250 syros
1198 2166 1233 2229 tt
1266 2160 1332 2243 μδ-

228 2267 285 2351 τήν
306 2269 489 2351 παρακινεῖν
510 2264 551 2332 τὰ
567 2266 709 2351 α’κίνητα.
731 2272 785 2331 καί
804 2264 876 2332 τότε
898 2269 997 2332 πάλιν
1014 2261 1159 2353 η’σθύμην
1182 2265 1225 2341 ὥς
1246 2265 1332 2350 καλῷ

228 2363 266 2432 τδ
288 2365 386 2431 κακὸν
408 2371 522 2433 ιὀἷσθαι
545 2367 643 2452 ύλίγοι
668 2369 733 2431 τοῖν
756 2368 890 2452 ένιῆμϊν
916 2367 1094 2451 α’νθρτδτιαιν
1115 2366 1309 2449 δεδύνηνται.
1341 2372 1375 2428 to

329 2465 532 2550 Καταλαβιδν
561 2463 618 2531 ούν
639 2468 684 2542 εἰς
707 2469 960 2551 Τραϊανούπολιν
987 2463 1195 2550 δΒρυέννιος
1216 2486 1332 2545 συνην-

231 2561 427 2651 τήδηπαροὶ
450 2570 508 2631 τού
529 2569 673 2652 α’δελφού
703 2572 758 2633 καί
776 2568 839 2631 τῶν
860 2569 1090 2653 συναραμένων
1112 2566 1195 2651 αύτῷ
1218 2560 1332 2645 Φρύγ-

228 2688 292 2751 γαν
313 2670 370 2730 καί
390 2667 621 2732 Μακεδονικῶν
641 2665 861 2757 παρατάξεσιν.Ι
881 2668 1096 2752 παρήχθησαν
1118 2668 1147 2729 δ’
1168 2662 1255 2749 αύτῷ
1278 2664 1333 2727 καί

999 2768 1001 2774 ’
1219 2768 1242 2805 0

231 2948 325 3008 urbem
343 2956 486 3019 antequam
509 2964 593 3001 meam
611 2950 716 3001 domum
733 2958 891 3018 assequutus
917 2964 984 3014 sum,
1002 2948 1106 3002 accessi
1124 2948 1157 2999 ad
1174 2948 1285 3030 regiam,
1305 2957 1333 3001 et

231 3036 293 3073 eum
310 3020 450 3091 logotheta
468 3018 621 3087 Nicephoro
642 3020 793 3074 collocutus
822 3021 909 3072 omnia
928 3028 1087 3089 quaegesta
1107 3028 1182 3071 erant
1200 3020 1332 3084 nuntiavi,

232 3092 346 3161 quidve
357 3092 509 3143 iaciendum
536 3100 608 3143 esset
637 3093 819 3159 εἰρινέοισι,
847 3100 927 3159 atque
948 3106 1025 3159 quam
1047 3091 1188 3142 celerrime
1207 3097 1333 3157 oportere

230 3152 393 3216 llaedeslum
417 3164 588 3229 imperatoria
615 3166 738 3215 oratione
762 3162 914 3218 demulcere
933 3171 960 3214 et
984 3162 1103 3217 humanis
1123 3160 1331 3213 allocutionibus

220 3232 389 3297 {conciliare
410 3241 490 3301 atque
508 3242 611 3285 ceteras
629 3236 709 3287 urbes
726 3236 801 3299 item,
822 3243 849 3286 et
867 3235 1012 3285 exercitum
1030 3236 1057 3286 iu
1076 3248 1155 3284 unum
1173 3232 1262 3284 locum
1281 3248 1331 3283 co.

232 3318 299 3371 gere
325 3311 353 3355 et
366 3303 517 3355 dissolvero
536 3304 709 3371 plurimorum
728 3307 761 3357 ad
780 3313 925 3373 apostatam
944 3312 1121 3358 conventum:
1150 3304 1242 3354 aberat
1260 3304 1331 3354 enirn

233 3374 367 3425 etiamtum
396 3375 429 3425 ab
452 3373 629 3443 Adrianopoli
654 3391 709 3427 non
736 3376 853 3443 paulum,
879 3376 982 3444 quando
1014 3378 1091 3427 etiarn
1116 3390 1173 3425 cum
1196 3370 1331 3437 Basilace,

232 3445 279 3513 qui
297 3445 330 3496 ad
344 3461 403 3496 eum
412 3446 508 3509 missus
527 3455 593 3510 erat,
612 3448 673 3499 duci
685 3447 846 3514 Dyrrhachii
873 3448 1037 3500 conveniens
1054 3448 1124 3497 intra
1142 3445 1232 3497 urbem
1244 3442 1332 3498 Thes-

231 3514 371 3571 salomem
391 3517 449 3568 de
442 3520 554 3585 imperio
578 3518 648 3585 egit:
675 3527 755 3587 atque
774 3520 797 3570 si
821 3520 913 3569 dextre
930 3518 1010 3571 rebus
1029 3517 1177 3570 Basilacius
1196 3524 1249 3567 tum
1268 3532 1331 3568 usus

232 3594 320 3651 esset,
338 3586 509 3641 debellasset
532 3588 634 3639 hunc
626 3605 654 3638 ιιι
680 3590 812 3657 principio
838 3590 980 3642 seditionis
1004 3590 1054 3641 sibi
1082 3603 1136 3640 uon
1158 3594 1329 3641 constantem.

231 3658 280 3711 ted
297 3656 437 3725 logotheta
455 3660 510 3711 risu
528 3660 666 3725 excipiens
685 3676 755 3729 quae
773 3676 788 3711 a
805 3676 847 3711 me
866 3660 928 3711 huic
948 3662 1065 3713 studiose
1083 3660 1266 3723 narrabantur,
1286 3658 1332 3711 le-

231 3728 311 3779 vitati
330 3736 357 3779 et
375 3730 524 3783 dilatationi
546 3746 587 3795 ea,
611 3746 679 3797 qnae
708 3747 744 3782 ne
762 3733 896 3784 minimam
914 3732 1020 3800 quidem
1040 3732 1235 3783 cunctationem
1254 3739 1332 3797 pate-

231 3805 343 3862 rentur,
361 3800 483 3865 tradidit,
503 3803 588 3853 donec
605 3800 675 3853 malo
695 3801 824 3871 flagrante
848 3804 1005 3855 medicinam
1030 3804 1197 3868 experiretur
1217 3800 1332 3868 quidem,

232 3869 281 3924 ted
299 3868 467 3939 intelligeret
491 3888 521 3925 se
546 3872 643 3924 frustra
661 3890 772 3926 movere
799 3890 867 3942 quae
888 3876 992 3926 moveri
1015 3888 1068 3924 non
1095 3881 1233 3941 poterant:
1252 3882 1333 3941 atque

231 3947 289 4063 λιηιιιι
312 3954 403 4064 rfursus
418 3944 507 4006 sensi,
539 3959 639 4009 paucos
666 3945 856 3999 hodiernorum
880 3944 1016 3998 hominum
1035 3946 1128 3998 valere
1153 3944 1249 3997 malum
1267 3944 1333 4011 pul-

235 4026 299 4064 cro
328 4027 418 4064 unare.

333 4101 479 4154 essecutus
497 4115 563 4168 ergo
582 4102 754 4172 Trianopolin
771 4104 922 4172 Bryennius
949 4104 1066 4157 occurrit
1086 4105 1222 4159 ordinibus
1242 4104 1334 4157 fratris

235 4174 265 4219 et
280 4170 327 4237 qui
345 4185 404 4223 eum
431 4186 464 4224 eo
488 4182 659 4226 surrexerant
676 4175 839 4243 Frangorum
865 4185 892 4229 et
914 4175 1102 4231 Macedonum:
1128 4175 1210 4231 allata
1228 4185 1290 4231 suat
1310 4177 1335 4229 ei
