2875 4734
582 212 790 283 ms'ltttttt.
874 244 883 249 ·
1040 314 1043 321 Ι
1148 208 1233 287 «311

134 380 190 439 λον
209 376 250 462 τῇ
268 332 399 465 α’ρρήτιρ
420 379 509 464 φορᾷ
529 377 583 441 καί
604 370 755 453 ε’άτινάξει
765 372 1079 457 προσαρασσόμενον,
1104 372 1162 459 τὴν
1175 372 1238 461 ῥῆ-

136 480 184 554 ξιν
201 478 312 556 βιαίαν
336 478 393 541 καί
413 470 575 558 ἀπότομον
596 479 749 559 ίμποιεῖν.
793 472 950 560 τοσαύτην
972 477 999 538 δ’
1021 467 1105 539 εἶναι
1127 477 1169 562 τῷ
1185 498 1238 541 κε·
1281 526 1286 535 .

135 580 255 664 ραυνίρι
277 575 358 659 πυρί
374 575 433 661 τὴν
454 576 594 662 φυσικήν
615 600 698 661 φασι
719 578 946 660 λεπτομέρειαν
967 571 1010 651 οἷς
1032 572 1114 660 μηδὲ
1138 573 1238 641 δάνο-

134 678 214 740 urar
237 676 473 756 καταβλάπτειν
493 677 530 741 τὸ
552 675 655 759 μανὸν
676 671 697 761 ἢ
717 674 920 761 ὁπωσδήποτε
944 668 1001 741 σάν
1026 672 1238 758 πόρουςίχον

108 775 228 857 δυάμα
250 768 272 858 ἢ
291 780 445 860 βραχείαις
472 779 572 858 σ’πάς,
602 774 695 844 άποίά
709 781 782 845 ,εἶσι
813 780 852 842 τά
882 800 917 841 τε
947 780 1011 843 τάν
1039 772 1238 861 άφασμάτσον

134 878 237 941 πάπλα
257 877 314 941 καί
335 870 395 941 ὅσα
422 881 569 944 τοιαῦτα·
611 883 667 944 καί
684 883 833 945 τοσοῦτον
855 873 924 961 ὅτι,
947 870 1006 942 κάν
1026 876 1108 965 τάχῃ
1131 877 1237 950 λινοῦς

135 972 358 1097 άπάιζεσμοςῆ
384 973 630 1058 βαμβάκινος’
609 1006 627 1061 η
657 973 768 1061 ἑτέρας
796 972 873 1063 υλης
903 979 1122 1061 ε’ξυφασμίνον
1156 970 1237 1059 κρά·

134 1067 250 1141 οπεδον
271 1075 503 1159 auditumst
482 1103 555 1161 εχον
585 1104 747 1163 χρυσιου,
782 1081 903 1202 ἐμπέσῃ
941 1079 977 1141 δὲ
1006 1100 1160 1161 κεραυνος
1191 1078 1266 1151 esai.
1280 1088 1366 1145 237r

135 1172 231 1255 αυ’το’,
267 1173 300 1242 τὸ
330 1201 388 1257 μεν
418 1187 583 1262 χρυσιόν
589 1181 716 1245 άλλοιοι
741 1203 793 1243 και
824 1177 867 1255 ὥς
907 1181 940 1243 ἐν
971 1181 1090 1264 χωνείᾳ
1122 1173 1272 1263 φλογος

92 1276 191 1349 ιοὲνα
218 1279 322 1357 βάλον
349 1286 457 1359 ποιεῖ,
490 1277 525 1344 τά
563 1283 598 1345 δὲ
632 1283 691 1344 τοῦ
721 1275 912 1365 ὑφάσματος
942 1272 1106 1400 σωμάτιον
1136 1275 1238 1357 άβλα-

134 1380 189 1460 βες
209 1378 445 1460 καταλιμπάνει.
490 1379 545 1445 καί
564 1380 619 1447 ε’πι
636 1385 693 1448 roi
715 1376 888 1464 άνθράπου
912 1377 993 1443 δὲ’
969 1376 1138 1452 τοσαύτας·
1182 1371 1236 1440 διά

137 1476 197 1565 γάρ
221 1482 285 1543 τῶν
304 1478 430 1601 άδὴλαν
452 1480 560 1562 πόρων
576 1505 631 1576 του
655 1482 803 1563 σώματος
824 1481 926 1543 ου’τοῦ
947 1476 1171 1561 εἰσερχόμενον
1198 1473 1237 1541 τά

110 1582 196 1668 μὲν
217 1575 305 1644 oeulos
324 1578 424 1645 ου’τοῦ
447 1576 491 1656 ὥς
495 1566 691 1678 υλικάτερα
714 1580 770 1645 καί
792 1579 910 1663 πόρους
932 1604 977 1662 μη
1000 1575 1116 1660 ε”χοντα
1139 1602 1239 1641 κατα·

60 1729 63 1740 .
135 1684 270 1762 νίμοται.
317 1680 351 1744 τό
375 1682 405 1744 δ’
427 1654 545 1758 ἔξωθεν
561 1684 655 1762 σῶμα
678 1680 827 1757 πολλάκις
841 1679 881 1744 σί
897 1680 1096 1764 κατοφλίχει,
1117 1702 1170 1742 και
1182 1698 1240 1741 ευ

93 1798 127 1851 15
137 1787 277 1867 ρισκεται
300 1782 422 1864 κοῦφον
445 1783 509 1845 τάν
537 1783 707 1846 innobiles
735 1781 923 1863 σπλάγχνων
956 1780 1102 1853 καθάπαξ
1134 1779 1239 1844 λειπό.

136 1904 240 1964 μενον.
286 1878 317 1945 οἱ
341 1884 376 1946 oi
397 1882 522 1946 ι’διάται
542 1882 691 1962 μέγιστον
712 1876 841 1963 ἑρπετὸν
866 1881 1080 1960 δρακοντάίες
1110 1880 1240 1943 α’ντέλε-

135 2005 190 2065 γον
210 1980 269 2064 τὴν
302 1983 409 2046 αἰτίαν
432 1982 495 2045 τιὸν
515 1974 664 2046 τοιοάτοον
692 1982 830 2063 εἰσάγειν
853 1981 988 2059 παθῶν,
1021 1975 1240 2062 ἁρπαζόμενον

136 2083 196 2163 μὲν
217 2077 280 2159 iuri
305 2078 445 2165 άοράτου
467 2078 550 2155 τινὸς
573 2078 757 2161 δυνάμεως,
777 2073 865 2158 ὄνυξι
889 2081 924 2142 δὲ
952 2078 1007 2143 καί
1027 2078 1161 2160 δυνάμει
1185 2082 1240 2163 τῆς

136 2185 170 2247 is
188 2182 274 2268 αάτῷ
296 2183 491 2266 τραχύτητος
512 2182 567 2248 καί
587 2183 648 2250 τῶν
668 2174 805 2265 ἑλιγμῶν
832 2175 871 2243 τά
895 2179 1118 2263 προστυχόντα
1143 2180 1240 2260 διαρ-

91 2282 301 2369 λθρηγνάειν,
323 2275 403 2346 ὅπου
427 2282 550 2367 δηλαδὴ
570 2282 653 2371 τάχῃ
674 2278 731 2357 τάς
764 2282 971 2355 α’ντιπτάσεις
1001 2284 1055 2343 καί
1082 2278 1240 2345 α’ντισπά-

136 2406 204 2457 αεις
228 2381 329 2447 αὐτοῦ
350 2385 569 2467 προσερείδειν
591 2387 647 2448 κατ’
670 2384 865 2465 άντιβαίνειν
885 2389 951 2455 τοῖς
973 2378 1109 2446 ἕλκουσι.

239 2479 364 2547 Kaloi
385 2486 447 2565 μὲν
468 2481 503 2549 ἐκ
516 2487 582 2548 τοῦ
607 2486 700 2567 α’έρος
724 2486 837 2565 λεῖμμα
858 2484 999 2547 τοιοῦτον
1024 2468 1080 2547 καί
1091 2484 1239 2548 τοσοῦτον

136 2590 201 2658 τοῖς
231 2582 485 2700 φιλοπράγμοσιν
512 2585 674 2665 ε’μποιοῖν.
717 2582 734 2645 ὅ
765 2586 801 2647 δὲ
821 2579 974 2667 βασιλιάς
995 2584 1057 2651 ates·
1078 2584 1239 2667 προτέρων

212 2742 254 2795 16.
263 2738 460 2866 ιλρπεστγιὶνίλ
532 2745 575 2798 23.
594 2752 656 2813 post
672 2746 812 2818 ἐμποιοῦν
837 2745 914 2799 deest
936 2745 1095 2819 δισταμμόν
1113 2743 1159 2821 vel
1178 2742 1241 2812 quid

211 2815 307 2868 εἱστία.

140 2962 282 3016 fracturam
306 2959 451 3015 violentam
478 2971 506 3015 et
523 2964 697 3030 praeeipitem
716 2964 850 3015 excitare·
879 2969 977 3014 tantam
997 2968 1085 3012 autem
1104 2976 1164 3014 essa
1183 2960 1240 3013 iul.

139 3035 229 3086 mineo
248 3034 305 3117 igni
323 3033 471 3087 naturalem
490 3036 663 3097 tenuitatem,
681 3041 711 3084 ut
729 3046 782 3083 non
807 3033 893 3098 possit
916 3032 1010 3084 damno
1029 3032 1138 3083 allicere
1159 3039 1240 3085 tenua

140 3104 186 3158 vel
205 3105 394 3174 quovismodo
426 3111 529 3156 meatus
555 3104 656 3155 habens
681 3117 778 3170 eorpus
806 3102 851 3155 rel
870 3103 964 3155 brevia
989 3102 1127 3167 foramina,
1147 3102 1240 3171 quales

140 3184 202 3229 sunt
219 3184 352 3229 textorum
371 3183 462 3228 vestes
478 3181 506 3225 et
517 3173 597 3225 talia:
615 3176 697 3243 atquo
715 3176 768 3238 ita,
787 3181 816 3225 ut
834 3175 856 3227 si
878 3183 918 3227 est
939 3190 972 3227 ex
991 3173 1047 3225 lino
1067 3174 1241 3243 ligamentum

1284 1162 1396 1191 -..ω-,δ

140 3245 187 3299 vel
202 3246 391 3314 bombycinum
419 3246 464 3297 vel
485 3260 518 3297 ex
536 3244 590 3297 aliu
613 3246 723 3297 materia
748 3252 821 3297 texta
839 3247 929 3297 instita
948 3246 1120 3314 ligamentum
1139 3244 1240 3299 habens
1308 3264 1309 3267 ¹

141 3327 308 3382 aureum„et
325 3316 419 3369 incidit
437 3315 566 3368 fulmen
559 3332 586 3367 rn
605 3316 681 3383 illuri,
702 3332 794 3375 aurum
814 3324 929 3369 mutetur
949 3326 976 3371 et
994 3326 1119 3386 tanquam
1137 3316 1240 3370 eonlla..

141 3399 200 3444 tura
220 3389 340 3441 llammae
360 3402 441 3440 unum
465 3388 575 3455 globum
591 3396 742 3457 componat,
761 3397 861 3441 tentum
891 3397 978 3441 autem
999 3404 1096 3456 eorpus
1114 3390 1241 3441 intactum

87 3503 89 3510 ,
140 3461 292 3528 relinquat:
311 3466 391 3526 atque
409 3460 437 3510 in
459 3459 566 3511 homine
584 3460 657 3512 item.
695 3475 744 3528 per
757 3460 885 3513 obscuros
912 3462 981 3511 enim
1000 3468 1102 3512 meatus
1121 3460 1241 3525 eorporis

140 3534 307 3599 ingressum,
334 3530 477 3583 interiores
503 3532 682 3599 simpertus,
711 3541 741 3583 ut
758 3533 842 3599 magis
858 3546 1013 3598 acorporeus
1031 3545 1119 3598 neque
1139 3538 1241 3583 meatus

141 3601 281 3665 babentes,
300 3601 447 3668 depaseit,·
462 3610 600 3654 externum
626 3612 713 3656 autem
740 3617 837 3669 corpus
865 3617 946 3668 saepe
974 3617 1028 3654 non
1048 3601 1196 3665 comburit3
1216 3608 1243 3652 et
1311 3654 1312 3657 ,

141 3673 278 3726 invenitur
297 3672 377 3724 inane
401 3674 536 3726 intestinis
554 3674 643 3727 subito
661 3674 795 3727 relicturo.
845 3674 961 3739 imperiti
980 3680 1068 3725 autem
1088 3680 1181 3724 eontra
1197 3672 1240 3725 di.

143 3744 239 3797 cebant
257 3744 397 3796 maximum
417 3760 534 3797 vermem
556 3746 679 3797 draconis
696 3746 781 3798 instar
800 3758 904 3796 causam
923 3742 1016 3795 talium
1034 3743 1135 3795 inferre
1153 3742 1241 3796 mulo-

141 3831 213 3869 rum:
239 3823 341 3882 raptum
365 3815 399 3867 ab
417 3815 549 3867 invisibili
574 3818 707 3883 pote-ntia,
733 3815 867 3883 unguibus
886 3822 973 3866 autem
1003 3823 1029 3866 et
1048 3815 1075 3867 vi
1094 3815 1241 3867 celeritatis

143 3895 170 3939 et
189 3884 322 3938 turbinum
346 3887 459 3940 adversa
476 3903 666 3955 perrumpere,
686 3887 791 3955 quando
810 3886 897 3958 illidat
926 3887 1087 3939 eontrarium
1107 3901 1194 3938 casum
1215 3892 1243 3937 et

141 3958 321 4013 resistentiam
349 3966 376 4009 et
394 3966 486 4012 eontra
503 3975 536 4010 ao
553 3959 690 4012 trahentes
710 3965 770 4024 eat,
791 3966 872 4026 atque
891 3973 924 4011 er
942 3974 1005 4011 aere
1024 3966 1168 4011 monstrum
1185 3956 1241 4009 tale
1324 3952 1331 3975 “

143 4038 170 4083 et
188 4037 290 4091 tantum
309 4030 458 4096 negotiosis
477 4030 596 4083 allicere.

243 4118 295 4172 Sed
314 4134 362 4173 rex
381 4118 515 4185 prioribus
528 4120 636 4174 studens
656 4126 683 4172 et
700 4126 782 4174 noctu
802 4127 829 4172 et
845 4120 888 4174 die
908 4119 1080 4190 generalibus
1098 4116 1206 4173 rebus
1198 4134 1245 4171 ιυ-ι
1328 4159 1331 4169 ,
