<?xml version="1.0" encoding="UTF-8"?>
<!DOCTYPE html PUBLIC "-//W3C//DTD XHTML 1.0 Transitional//EN"
    "http://www.w3.org/TR/xhtml1/DTD/xhtml1-transitional.dtd">
<html xmlns="http://www.w3.org/1999/xhtml" xml:lang="en" lang="en">
 <head>
  <title>
</title>
<meta http-equiv="Content-Type" content="text/html;charset=utf-8" />
  <meta name='ocr-system' content='tesseract 3.04.00' />
  <meta name='ocr-capabilities' content='ocr_page ocr_carea ocr_par ocr_line ocrx_word'/>
</head>
<body>
  <div class='ocr_page' id='page_1' title='image "./corpusscriptoru05theogoog/corpusscriptoru05theogoog_0353.png"; bbox 0 0 2875 4734; ppageno 0'>
   <div class='ocr_carea' id='block_1_1' title="bbox 594 192 1240 330">
    <p class='ocr_par' dir='ltr' id='par_1_1' title="bbox 594 192 1240 330">
     <span class='ocr_line' id='line_1_1' title="bbox 594 192 1240 330; baseline 0.012 -35"><span class='ocrx_word' id='word_1_1' title='bbox 594 228 801 326; x_wconf 80' lang='lat' dir='ltr'><strong>msrpsm.</strong></span> <span class='ocrx_word' id='word_1_2' title='bbox 1066 300 1080 330; x_wconf 20' lang='lat'><strong><em>‚³</em></strong></span> <span class='ocrx_word' id='word_1_3' title='bbox 1145 192 1240 303; x_wconf 79' lang='lat' dir='ltr'><strong>&#39;eoo</strong></span> 
     </span>
    </p>
   </div>
   <div class='ocr_carea' id='block_1_2' title="bbox 81 386 1364 2789">
    <p class='ocr_par' dir='ltr' id='par_1_2' title="bbox 81 386 1364 2799">
     <span class='ocr_line' id='line_1_2' title="bbox 135 386 1239 475; baseline 0.005 -22"><span class='ocrx_word' id='word_1_4' title='bbox 135 392 400 472; x_wconf 70' lang='grc' dir='ltr'><strong><em>βεβασιλευκότος</em></strong></span> <span class='ocrx_word' id='word_1_5' title='bbox 422 386 661 475; x_wconf 79' lang='grc' dir='ltr'><strong><em>αότάδεληοςό</em></strong></span> <span class='ocrx_word' id='word_1_6' title='bbox 688 387 921 472; x_wconf 83' lang='grc' dir='ltr'><strong><em>Κωνοτόντιος,</em></strong></span> <span class='ocrx_word' id='word_1_7' title='bbox 947 392 1092 470; x_wconf 73' lang='grc' dir='ltr'><strong><em>ἀντίπαις</em></strong></span> <span class='ocrx_word' id='word_1_8' title='bbox 1116 388 1161 459; x_wconf 80' lang='grc' dir='ltr'><strong><em>ἀν</em></strong></span> <span class='ocrx_word' id='word_1_9' title='bbox 1183 392 1239 461; x_wconf 78' lang='grc' dir='ltr'><strong><em>ἔτι.</em></strong></span> 
     </span>
     <span class='ocr_line' id='line_1_3' title="bbox 135 483 1237 579; baseline 0.005 -26"><span class='ocrx_word' id='word_1_10' title='bbox 135 492 192 574; x_wconf 85' lang='grc' dir='ltr'><strong><em>τῆς</em></strong></span> <span class='ocrx_word' id='word_1_11' title='bbox 211 490 443 574; x_wconf 74' lang='grc' dir='ltr'><strong><em>βασιλευούσης</em></strong></span> <span class='ocrx_word' id='word_1_12' title='bbox 464 483 585 563; x_wconf 82' lang='grc' dir='ltr'><strong><em>πόλεως</em></strong></span> <span class='ocrx_word' id='word_1_13' title='bbox 608 493 663 555; x_wconf 92' lang='grc' dir='ltr'><strong><em>καί</em></strong></span> <span class='ocrx_word' id='word_1_14' title='bbox 683 494 746 555; x_wconf 77' lang='grc' dir='ltr'><strong><em>τῶν</em></strong></span> <span class='ocrx_word' id='word_1_15' title='bbox 768 492 950 575; x_wconf 70' lang='grc' dir='ltr'><strong><em>ἀνακτόρων</em></strong></span> <span class='ocrx_word' id='word_1_16' title='bbox 971 494 1057 575; x_wconf 84' lang='grc' dir='ltr'><strong><em>παρά</em></strong></span> <span class='ocrx_word' id='word_1_17' title='bbox 1078 498 1136 557; x_wconf 84' lang='grc' dir='ltr'><strong><em>τοό</em></strong></span> <span class='ocrx_word' id='word_1_18' title='bbox 1157 522 1237 579; x_wconf 77' lang='grc' dir='ltr'><strong><em>συγ·</em></strong></span> 
     </span>
     <span class='ocr_line' id='line_1_4' title="bbox 134 589 1240 678; baseline 0.007 -25"><span class='ocrx_word' id='word_1_19' title='bbox 134 590 227 671; x_wconf 85' lang='grc' dir='ltr'><strong><em>γόνου</em></strong></span> <span class='ocrx_word' id='word_1_20' title='bbox 251 594 595 678; x_wconf 17' lang='grc' dir='ltr'><strong><em>ἀπείργετορκαίπρός</em></strong></span> <span class='ocrx_word' id='word_1_21' title='bbox 619 589 675 674; x_wconf 77' lang='grc' dir='ltr'><strong><em>την</em></strong></span> <span class='ocrx_word' id='word_1_22' title='bbox 697 593 869 675; x_wconf 75' lang='grc' dir='ltr'><strong><em>ἀντιπέραν</em></strong></span> <span class='ocrx_word' id='word_1_23' title='bbox 890 592 1042 677; x_wconf 84' lang='grc' dir='ltr'><strong><em>η’λαόνετο</em></strong></span> <span class='ocrx_word' id='word_1_24' title='bbox 1064 593 1240 661; x_wconf 78' lang='grc' dir='ltr'><strong><em>θάλασσαν.</em></strong></span> 
     </span>
     <span class='ocr_line' id='line_1_5' title="bbox 135 689 1238 777; baseline 0.006 -23"><span class='ocrx_word' id='word_1_25' title='bbox 135 689 150 754; x_wconf 90' lang='grc' dir='ltr'><strong><em>ό</em></strong></span> <span class='ocrx_word' id='word_1_26' title='bbox 170 694 204 755; x_wconf 85' lang='grc' dir='ltr'><strong><em>δὲ</em></strong></span> <span class='ocrx_word' id='word_1_27' title='bbox 229 690 464 775; x_wconf 83' lang='grc' dir='ltr'><strong><em>Βοτοινειοὶτης,</em></strong></span> <span class='ocrx_word' id='word_1_28' title='bbox 492 691 610 774; x_wconf 88' lang='grc' dir='ltr'><strong><em>πατρός</em></strong></span> <span class='ocrx_word' id='word_1_29' title='bbox 636 693 683 755; x_wconf 79' lang='grc' dir='ltr'><strong><em>ἐπ’</em></strong></span> <span class='ocrx_word' id='word_1_30' title='bbox 707 694 799 777; x_wconf 80' lang='grc' dir='ltr'><strong><em>αὐτῷ</em></strong></span> <span class='ocrx_word' id='word_1_31' title='bbox 820 692 984 777; x_wconf 79' lang='grc' dir='ltr'><strong><em>σπλάγχνα</em></strong></span> <span class='ocrx_word' id='word_1_32' title='bbox 1007 699 1062 759; x_wconf 95' lang='grc' dir='ltr'><strong><em>καί</em></strong></span> <span class='ocrx_word' id='word_1_33' title='bbox 1090 693 1238 761; x_wconf 87' lang='grc' dir='ltr'><strong><em>διόθεσιν</em></strong></span> 
     </span>
     <span class='ocr_line' id='line_1_6' title="bbox 107 790 1239 877; baseline 0.002 -19"><span class='ocrx_word' id='word_1_34' title='bbox 107 790 387 877; x_wconf 83' lang='grc' dir='ltr'><strong><em>5ένδεικνόμενος,</em></strong></span> <span class='ocrx_word' id='word_1_35' title='bbox 410 791 464 855; x_wconf 94' lang='grc' dir='ltr'><strong><em>καί</em></strong></span> <span class='ocrx_word' id='word_1_36' title='bbox 484 792 548 856; x_wconf 81' lang='grc' dir='ltr'><strong><em>τοόν</em></strong></span> <span class='ocrx_word' id='word_1_37' title='bbox 569 791 754 876; x_wconf 90' lang='grc' dir='ltr'><strong><em>ἀνακτόρων</em></strong></span> <span class='ocrx_word' id='word_1_38' title='bbox 771 791 862 871; x_wconf 36' lang='grc' dir='ltr'><strong><em>,ἐντός</em></strong></span> <span class='ocrx_word' id='word_1_39' title='bbox 886 797 1061 877; x_wconf 78' lang='grc' dir='ltr'><strong><em>εἰσεδέχετο</em></strong></span> <span class='ocrx_word' id='word_1_40' title='bbox 1083 798 1138 859; x_wconf 90' lang='grc' dir='ltr'><strong><em>καί</em></strong></span> <span class='ocrx_word' id='word_1_41' title='bbox 1159 793 1239 860; x_wconf 85' lang='grc' dir='ltr'><strong><em>σόν-</em></strong></span> 
     </span>
     <span class='ocr_line' id='line_1_7' title="bbox 134 886 1237 980; baseline 0.001 -24"><span class='ocrx_word' id='word_1_42' title='bbox 134 895 260 957; x_wconf 92' lang='grc' dir='ltr'><strong><em>δειπνον</em></strong></span> <span class='ocrx_word' id='word_1_43' title='bbox 280 889 427 969; x_wconf 75' lang='grc' dir='ltr'><strong><em>ἐποιεῖτο,</em></strong></span> <span class='ocrx_word' id='word_1_44' title='bbox 451 893 505 956; x_wconf 93' lang='grc' dir='ltr'><strong><em>καί</em></strong></span> <span class='ocrx_word' id='word_1_45' title='bbox 526 889 645 977; x_wconf 79' lang='grc' dir='ltr'><strong><em>φθόνον</em></strong></span> <span class='ocrx_word' id='word_1_46' title='bbox 670 892 717 956; x_wconf 74' lang='grc' dir='ltr'><strong><em>ἐπ’</em></strong></span> <span class='ocrx_word' id='word_1_47' title='bbox 740 893 828 980; x_wconf 75' lang='grc' dir='ltr'><strong><em>ον’τιβ</em></strong></span> <span class='ocrx_word' id='word_1_48' title='bbox 850 886 870 975; x_wconf 76' lang='grc' dir='ltr'><em>ἢ</em></span> <span class='ocrx_word' id='word_1_49' title='bbox 894 894 1035 974; x_wconf 79' lang='grc' dir='ltr'><strong><em>ὑποψίαν</em></strong></span> <span class='ocrx_word' id='word_1_50' title='bbox 1056 893 1126 958; x_wconf 78' lang='grc' dir='ltr'><strong><em>τινὰ</em></strong></span> <span class='ocrx_word' id='word_1_51' title='bbox 1151 900 1237 977; x_wconf 83' lang='grc' dir='ltr'><strong><em>λαμ·</em></strong></span> 
     </span>
     <span class='ocr_line' id='line_1_8' title="bbox 131 986 1236 1081; baseline 0.002 -24"><span class='ocrx_word' id='word_1_52' title='bbox 131 990 242 1075; x_wconf 80' lang='grc' dir='ltr'><strong><em>βάνειν</em></strong></span> <span class='ocrx_word' id='word_1_53' title='bbox 263 994 320 1055; x_wconf 86' lang='grc' dir='ltr'><strong><em>οόκ</em></strong></span> <span class='ocrx_word' id='word_1_54' title='bbox 344 986 481 1074; x_wconf 75' lang='grc' dir='ltr'><strong><em>ἤθελεν·</em></strong></span> <span class='ocrx_word' id='word_1_55' title='bbox 525 988 601 1055; x_wconf 88' lang='grc' dir='ltr'><strong><em>όθεν</em></strong></span> <span class='ocrx_word' id='word_1_56' title='bbox 623 996 678 1055; x_wconf 88' lang='grc' dir='ltr'><strong><em>καί</em></strong></span> <span class='ocrx_word' id='word_1_57' title='bbox 699 996 761 1057; x_wconf 79' lang='grc' dir='ltr'><strong><em>τῶν</em></strong></span> <span class='ocrx_word' id='word_1_58' title='bbox 783 997 964 1075; x_wconf 83' lang='grc' dir='ltr'><strong><em>προσόντων</em></strong></span> <span class='ocrx_word' id='word_1_59' title='bbox 997 995 1085 1081; x_wconf 78' lang='grc' dir='ltr'><strong><em>αότῷ</em></strong></span> <span class='ocrx_word' id='word_1_60' title='bbox 1112 996 1236 1080; x_wconf 76' lang='grc' dir='ltr'><strong><em>χρημά-</em></strong></span> 
     </span>
     <span class='ocr_line' id='line_1_9' title="bbox 132 1092 1236 1179; baseline 0.002 -22"><span class='ocrx_word' id='word_1_61' title='bbox 132 1117 195 1157; x_wconf 92' lang='grc' dir='ltr'><strong><em>των</em></strong></span> <span class='ocrx_word' id='word_1_62' title='bbox 213 1114 246 1156; x_wconf 85' lang='grc' dir='ltr'><strong><em>τε</em></strong></span> <span class='ocrx_word' id='word_1_63' title='bbox 267 1095 322 1156; x_wconf 86' lang='grc' dir='ltr'><strong><em>καί</em></strong></span> <span class='ocrx_word' id='word_1_64' title='bbox 342 1095 510 1177; x_wconf 89' lang='grc' dir='ltr'><strong><em>κτημότων</em></strong></span> <span class='ocrx_word' id='word_1_65' title='bbox 530 1094 686 1173; x_wconf 84' lang='grc' dir='ltr'><strong><em>ου’δεμίαν</em></strong></span> <span class='ocrx_word' id='word_1_66' title='bbox 707 1092 879 1177; x_wconf 70' lang='grc' dir='ltr'><strong><em>περικοπὴν</em></strong></span> <span class='ocrx_word' id='word_1_67' title='bbox 899 1092 1078 1179; x_wconf 77' lang='grc' dir='ltr'><strong><em>έτιοιησατο.</em></strong></span> <span class='ocrx_word' id='word_1_68' title='bbox 1133 1098 1236 1160; x_wconf 73' lang='grc' dir='ltr'><strong><em>τοιοῦ-</em></strong></span> 
     </span>
     <span class='ocr_line' id='line_1_10' title="bbox 132 1188 1364 1281; baseline 0 -22"><span class='ocrx_word' id='word_1_69' title='bbox 132 1217 183 1270; x_wconf 89' lang='grc' dir='ltr'><strong><em>τος</em></strong></span> <span class='ocrx_word' id='word_1_70' title='bbox 206 1188 245 1275; x_wconf 82' lang='grc' dir='ltr'><strong><em>ἤν</em></strong></span> <span class='ocrx_word' id='word_1_71' title='bbox 268 1194 284 1255; x_wconf 86' lang='grc' dir='ltr'><strong><em>ό</em></strong></span> <span class='ocrx_word' id='word_1_72' title='bbox 308 1191 539 1275; x_wconf 85' lang='grc' dir='ltr'><strong><em>Βοτανειότης,</em></strong></span> <span class='ocrx_word' id='word_1_73' title='bbox 563 1190 620 1275; x_wconf 74' lang='grc' dir='ltr'><strong><em>την</em></strong></span> <span class='ocrx_word' id='word_1_74' title='bbox 641 1193 751 1281; x_wconf 74' lang='grc' dir='ltr'><strong><em>ψυχην</em></strong></span> <span class='ocrx_word' id='word_1_75' title='bbox 773 1193 916 1276; x_wconf 87' lang='grc' dir='ltr'><strong><em>καθαρός</em></strong></span> <span class='ocrx_word' id='word_1_76' title='bbox 939 1192 1018 1277; x_wconf 72' lang='grc' dir='ltr'><strong><em>ὑπὲρ</em></strong></span> <span class='ocrx_word' id='word_1_77' title='bbox 1045 1191 1149 1278; x_wconf 77' lang='grc' dir='ltr'><strong><em>ἥλιον,</em></strong></span> <span class='ocrx_word' id='word_1_78' title='bbox 1182 1199 1364 1261; x_wconf 55' lang='lat' dir='ltr'><strong>seclusos.</strong></span> 
     </span>
     <span class='ocr_line' id='line_1_11' title="bbox 88 1292 1236 1379; baseline 0.004 -21"><span class='ocrx_word' id='word_1_79' title='bbox 88 1293 338 1378; x_wconf 78' lang='grc' dir='ltr'><strong><em>1οτηνγνοόμην</em></strong></span> <span class='ocrx_word' id='word_1_80' title='bbox 360 1292 570 1376; x_wconf 88' lang='grc' dir='ltr'><strong><em>ἀπειρόκακον</em></strong></span> <span class='ocrx_word' id='word_1_81' title='bbox 594 1292 677 1375; x_wconf 80' lang='grc' dir='ltr'><strong><em>ἔχων</em></strong></span> <span class='ocrx_word' id='word_1_82' title='bbox 698 1298 753 1357; x_wconf 98' lang='grc' dir='ltr'><strong><em>καί</em></strong></span> <span class='ocrx_word' id='word_1_83' title='bbox 773 1296 876 1379; x_wconf 88' lang='grc' dir='ltr'><strong><em>πόσης</em></strong></span> <span class='ocrx_word' id='word_1_84' title='bbox 892 1297 1071 1379; x_wconf 77' lang='grc' dir='ltr'><strong><em>’ἐλευθέραν</em></strong></span> <span class='ocrx_word' id='word_1_85' title='bbox 1087 1298 1236 1375; x_wconf 77' lang='grc' dir='ltr'><strong><em>ὑπονοίας</em></strong></span> 
     </span>
     <span class='ocr_line' id='line_1_12' title="bbox 133 1390 1235 1482; baseline 0.005 -24"><span class='ocrx_word' id='word_1_86' title='bbox 133 1394 247 1478; x_wconf 71' lang='grc' dir='ltr'><strong><em>δεινῆς.</em></strong></span> <span class='ocrx_word' id='word_1_87' title='bbox 269 1394 349 1459; x_wconf 83' lang='grc' dir='ltr'><strong><em>ἀλλά</em></strong></span> <span class='ocrx_word' id='word_1_88' title='bbox 373 1398 429 1458; x_wconf 85' lang='grc' dir='ltr'><strong><em>καί</em></strong></span> <span class='ocrx_word' id='word_1_89' title='bbox 448 1390 511 1474; x_wconf 78' lang='grc' dir='ltr'><strong><em>τός,</em></strong></span> <span class='ocrx_word' id='word_1_90' title='bbox 531 1396 562 1459; x_wconf 84' lang='grc' dir='ltr'><strong><em>εί</em></strong></span> <span class='ocrx_word' id='word_1_91' title='bbox 579 1394 623 1477; x_wconf 74' lang='grc' dir='ltr'><strong><em>μή</em></strong></span> <span class='ocrx_word' id='word_1_92' title='bbox 637 1408 692 1469; x_wconf 86' lang='grc' dir='ltr'><strong><em>’τις</em></strong></span> <span class='ocrx_word' id='word_1_93' title='bbox 713 1392 1060 1480; x_wconf 82' lang='grc' dir='ltr'><strong><em>ἀνεξερεόνητοςχόρις</em></strong></span> <span class='ocrx_word' id='word_1_94' title='bbox 1076 1407 1235 1482; x_wconf 80' lang='grc' dir='ltr'><strong><em>περιεῖπεν</em></strong></span> 
     </span>
     <span class='ocr_line' id='line_1_13' title="bbox 132 1487 1235 1580; baseline -0.005 -18"><span class='ocrx_word' id='word_1_95' title='bbox 132 1494 241 1577; x_wconf 87' lang='grc' dir='ltr'><strong><em>αάτόν,</em></strong></span> <span class='ocrx_word' id='word_1_96' title='bbox 264 1487 322 1559; x_wconf 84' lang='grc' dir='ltr'><strong><em>οόκ</em></strong></span> <span class='ocrx_word' id='word_1_97' title='bbox 343 1489 381 1559; x_wconf 82' lang='grc' dir='ltr'><strong><em>ἀν</em></strong></span> <span class='ocrx_word' id='word_1_98' title='bbox 402 1498 448 1569; x_wconf 82' lang='grc' dir='ltr'><strong><em>εἰς</em></strong></span> <span class='ocrx_word' id='word_1_99' title='bbox 467 1500 615 1561; x_wconf 80' lang='grc' dir='ltr'><strong><em>τοσοῦτον</em></strong></span> <span class='ocrx_word' id='word_1_100' title='bbox 636 1497 841 1577; x_wconf 84' lang='grc' dir='ltr'><strong><em>συμπαθείας</em></strong></span> <span class='ocrx_word' id='word_1_101' title='bbox 852 1495 1007 1580; x_wconf 71' lang='grc' dir='ltr'><strong><em>ἐλήλυθεν</em></strong></span> <span class='ocrx_word' id='word_1_102' title='bbox 1029 1498 1138 1571; x_wconf 80' lang='grc' dir='ltr'><strong><em>τόςκοί</em></strong></span> <span class='ocrx_word' id='word_1_103' title='bbox 1157 1523 1235 1580; x_wconf 91' lang='grc' dir='ltr'><strong><em>προ.</em></strong></span> 
     </span>
     <span class='ocr_line' id='line_1_14' title="bbox 131 1595 1234 1681; baseline 0.005 -22"><span class='ocrx_word' id='word_1_104' title='bbox 131 1601 218 1681; x_wconf 84' lang='grc' dir='ltr'><strong><em>φακῆ</em></strong></span> <span class='ocrx_word' id='word_1_105' title='bbox 240 1597 398 1661; x_wconf 87' lang='grc' dir='ltr'><strong><em>ἀντίδικον</em></strong></span> <span class='ocrx_word' id='word_1_106' title='bbox 419 1598 473 1660; x_wconf 84' lang='grc' dir='ltr'><strong><em>καί</em></strong></span> <span class='ocrx_word' id='word_1_107' title='bbox 493 1599 661 1677; x_wconf 85' lang='grc' dir='ltr'><strong><em>πολέμιον,</em></strong></span> <span class='ocrx_word' id='word_1_108' title='bbox 682 1600 736 1660; x_wconf 91' lang='grc' dir='ltr'><strong><em>καί</em></strong></span> <span class='ocrx_word' id='word_1_109' title='bbox 759 1595 803 1671; x_wconf 71' lang='grc' dir='ltr'><strong><em>σός</em></strong></span> <span class='ocrx_word' id='word_1_110' title='bbox 824 1596 928 1679; x_wconf 78' lang='grc' dir='ltr'><strong><em>ἀκμην</em></strong></span> <span class='ocrx_word' id='word_1_111' title='bbox 951 1598 1096 1679; x_wconf 76' lang='grc' dir='ltr'><strong><em>νεότητος</em></strong></span> <span class='ocrx_word' id='word_1_112' title='bbox 1127 1602 1234 1681; x_wconf 78' lang='grc' dir='ltr'><strong><em>ἐπιβε-</em></strong></span> 
     </span>
     <span class='ocr_line' id='line_1_15' title="bbox 129 1692 1232 1784; baseline 0.005 -26"><span class='ocrx_word' id='word_1_113' title='bbox 129 1696 269 1783; x_wconf 86' lang='grc' dir='ltr'><strong><em>βηκότα,</em></strong></span> <span class='ocrx_word' id='word_1_114' title='bbox 291 1699 346 1760; x_wconf 85' lang='grc' dir='ltr'><strong><em>καί</em></strong></span> <span class='ocrx_word' id='word_1_115' title='bbox 364 1692 501 1770; x_wconf 85' lang='grc' dir='ltr'><strong><em>ἀτόπους</em></strong></span> <span class='ocrx_word' id='word_1_116' title='bbox 523 1693 625 1777; x_wconf 87' lang='grc' dir='ltr'><strong><em>όρμός</em></strong></span> <span class='ocrx_word' id='word_1_117' title='bbox 656 1698 711 1760; x_wconf 87' lang='grc' dir='ltr'><strong><em>καί</em></strong></span> <span class='ocrx_word' id='word_1_118' title='bbox 733 1696 1040 1777; x_wconf 84' lang='grc' dir='ltr'><strong><em>ἀναπεμπαζόμενον</em></strong></span> <span class='ocrx_word' id='word_1_119' title='bbox 1062 1698 1120 1781; x_wconf 76' lang='grc' dir='ltr'><strong><em>τὴν</em></strong></span> <span class='ocrx_word' id='word_1_120' title='bbox 1155 1699 1232 1784; x_wconf 87' lang='grc' dir='ltr'><strong><em>πρός</em></strong></span> 
     </span>
     <span class='ocr_line' id='line_1_16' title="bbox 85 1796 1233 1883; baseline 0.001 -21"><span class='ocrx_word' id='word_1_121' title='bbox 85 1800 336 1881; x_wconf 67' lang='grc' dir='ltr'><strong><em>ηηεόδαιμονίαν</em></strong></span> <span class='ocrx_word' id='word_1_122' title='bbox 371 1800 427 1881; x_wconf 81' lang='grc' dir='ltr'><strong><em>τῆς</em></strong></span> <span class='ocrx_word' id='word_1_123' title='bbox 455 1801 621 1874; x_wconf 86' lang='grc' dir='ltr'><strong><em>βασιλείας</em></strong></span> <span class='ocrx_word' id='word_1_124' title='bbox 647 1798 703 1860; x_wconf 86' lang='grc' dir='ltr'><strong><em>καί</em></strong></span> <span class='ocrx_word' id='word_1_125' title='bbox 733 1796 787 1861; x_wconf 88' lang='grc' dir='ltr'><strong><em>τόν</em></strong></span> <span class='ocrx_word' id='word_1_126' title='bbox 819 1803 1010 1883; x_wconf 86' lang='grc' dir='ltr'><strong><em>καθαιρέτην</em></strong></span> <span class='ocrx_word' id='word_1_127' title='bbox 1041 1803 1097 1863; x_wconf 80' lang='grc' dir='ltr'><strong><em>τοῦ</em></strong></span> <span class='ocrx_word' id='word_1_128' title='bbox 1124 1803 1233 1881; x_wconf 78' lang='grc' dir='ltr'><strong><em>μένους</em></strong></span> 
     </span>
     <span class='ocr_line' id='line_1_17' title="bbox 132 1895 1295 1983; baseline 0 -18"><span class='ocrx_word' id='word_1_129' title='bbox 132 1902 236 1965; x_wconf 76' lang='grc' dir='ltr'><strong><em>αόταῑν</em></strong></span> <span class='ocrx_word' id='word_1_130' title='bbox 255 1895 430 1982; x_wconf 74' lang='grc' dir='ltr'><strong><em>γενόμενον,</em></strong></span> <span class='ocrx_word' id='word_1_131' title='bbox 453 1902 736 1979; x_wconf 80' lang='grc' dir='ltr'><strong><em>προσοικειοόσθαι</em></strong></span> <span class='ocrx_word' id='word_1_132' title='bbox 759 1902 814 1983; x_wconf 80' lang='grc' dir='ltr'><strong><em>καί</em></strong></span> <span class='ocrx_word' id='word_1_133' title='bbox 841 1896 996 1979; x_wconf 81' lang='grc' dir='ltr'><strong><em>παρόδου</em></strong></span> <span class='ocrx_word' id='word_1_134' title='bbox 1014 1898 1141 1961; x_wconf 75' lang='grc' dir='ltr'><strong><em>διδόναι</em></strong></span> <span class='ocrx_word' id='word_1_135' title='bbox 1173 1923 1233 1961; x_wconf 45' lang='grc' dir='ltr'><strong><em>σοι</em></strong></span> <span class='ocrx_word' id='word_1_136' title='bbox 1290 1960 1295 1965; x_wconf 94' lang='grc'>.</span> 
     </span>
     <span class='ocr_line' id='line_1_18' title="bbox 127 1997 1232 2085; baseline -0.005 -20"><span class='ocrx_word' id='word_1_137' title='bbox 127 2005 229 2066; x_wconf 87' lang='grc' dir='ltr'><strong><em>νιέναι</em></strong></span> <span class='ocrx_word' id='word_1_138' title='bbox 246 2000 332 2085; x_wconf 71' lang='grc' dir='ltr'><strong><em>αὐτῷ</em></strong></span> <span class='ocrx_word' id='word_1_139' title='bbox 353 1998 408 2063; x_wconf 82' lang='grc' dir='ltr'><strong><em>καί</em></strong></span> <span class='ocrx_word' id='word_1_140' title='bbox 428 2003 684 2085; x_wconf 76' lang='grc' dir='ltr'><strong><em>συνευωχεῖσθαι</em></strong></span> <span class='ocrx_word' id='word_1_141' title='bbox 706 1997 763 2061; x_wconf 80' lang='grc' dir='ltr'><strong><em>καί</em></strong></span> <span class='ocrx_word' id='word_1_142' title='bbox 790 2006 950 2061; x_wconf 83' lang='grc' dir='ltr'><strong><em>κοινωνεῖν</em></strong></span> <span class='ocrx_word' id='word_1_143' title='bbox 981 1998 1066 2085; x_wconf 72' lang='lat' dir='ltr'><strong>crispi</strong></span> <span class='ocrx_word' id='word_1_144' title='bbox 1095 2000 1151 2061; x_wconf 92' lang='grc' dir='ltr'><strong><em>καί</em></strong></span> <span class='ocrx_word' id='word_1_145' title='bbox 1169 2006 1232 2073; x_wconf 80' lang='grc' dir='ltr'><strong><em>τοῖς</em></strong></span> 
     </span>
     <span class='ocr_line' id='line_1_19' title="bbox 124 2097 1230 2184; baseline -0.001 -20"><span class='ocrx_word' id='word_1_146' title='bbox 124 2100 296 2184; x_wconf 86' lang='grc' dir='ltr'><strong><em>βασιλείοις</em></strong></span> <span class='ocrx_word' id='word_1_147' title='bbox 319 2103 627 2182; x_wconf 78' lang='grc' dir='ltr'><strong><em>συναναμίγνυσθαι.</em></strong></span> <span class='ocrx_word' id='word_1_148' title='bbox 672 2097 688 2162; x_wconf 87' lang='grc' dir='ltr'><strong><em>ό</em></strong></span> <span class='ocrx_word' id='word_1_149' title='bbox 714 2102 771 2182; x_wconf 80' lang='grc' dir='ltr'><strong><em>δέ,</em></strong></span> <span class='ocrx_word' id='word_1_150' title='bbox 789 2097 846 2181; x_wconf 76' lang='grc' dir='ltr'><strong><em>την</em></strong></span> <span class='ocrx_word' id='word_1_151' title='bbox 868 2102 1025 2180; x_wconf 87' lang='grc' dir='ltr'><strong><em>βασιλέως</em></strong></span> <span class='ocrx_word' id='word_1_152' title='bbox 1047 2098 1230 2182; x_wconf 79' lang='grc' dir='ltr'><strong><em>εόεργεσίαν</em></strong></span> 
     </span>
     <span class='ocr_line' id='line_1_20' title="bbox 96 2196 1231 2286; baseline 0.001 -23"><span class='ocrx_word' id='word_1_153' title='bbox 96 2269 104 2286; x_wconf 27' lang='lat' dir='ltr'>x</span> <span class='ocrx_word' id='word_1_154' title='bbox 128 2200 313 2264; x_wconf 88' lang='grc' dir='ltr'><strong><em>κακοποιίαν</em></strong></span> <span class='ocrx_word' id='word_1_155' title='bbox 334 2204 367 2278; x_wconf 80' lang='grc' dir='ltr'><strong><em>έξ</em></strong></span> <span class='ocrx_word' id='word_1_156' title='bbox 389 2200 583 2282; x_wconf 83' lang='grc' dir='ltr'><strong><em>ἀχαριστίας</em></strong></span> <span class='ocrx_word' id='word_1_157' title='bbox 615 2196 798 2281; x_wconf 76' lang='grc' dir='ltr'><strong><em>ἡγούμενος,</em></strong></span> <span class='ocrx_word' id='word_1_158' title='bbox 822 2200 877 2262; x_wconf 96' lang='grc' dir='ltr'><strong><em>καί</em></strong></span> <span class='ocrx_word' id='word_1_159' title='bbox 896 2200 972 2281; x_wconf 87' lang='grc' dir='ltr'><strong><em>μηδ’</em></strong></span> <span class='ocrx_word' id='word_1_160' title='bbox 997 2200 1041 2275; x_wconf 84' lang='grc' dir='ltr'><strong><em>εἰς</em></strong></span> <span class='ocrx_word' id='word_1_161' title='bbox 1073 2203 1147 2263; x_wconf 79' lang='grc' dir='ltr'><strong><em>νοῦν</em></strong></span> <span class='ocrx_word' id='word_1_162' title='bbox 1170 2202 1231 2280; x_wconf 79' lang='grc' dir='ltr'><strong><em>ίμ-</em></strong></span> 
     </span>
     <span class='ocr_line' id='line_1_21' title="bbox 81 2293 1230 2387; baseline -0.001 -22"><span class='ocrx_word' id='word_1_163' title='bbox 81 2301 238 2382; x_wconf 67' lang='grc' dir='ltr'><strong><em>ηρβαλοόν</em></strong></span> <span class='ocrx_word' id='word_1_164' title='bbox 259 2296 307 2366; x_wconf 88' lang='grc' dir='ltr'><strong><em>ότι</em></strong></span> <span class='ocrx_word' id='word_1_165' title='bbox 332 2298 402 2378; x_wconf 78' lang='grc' dir='ltr'><strong><em>ἐξόν</em></strong></span> <span class='ocrx_word' id='word_1_166' title='bbox 433 2293 469 2363; x_wconf 80' lang='grc' dir='ltr'><strong><em>δν</em></strong></span> <span class='ocrx_word' id='word_1_167' title='bbox 491 2303 535 2387; x_wconf 73' lang='grc' dir='ltr'><strong><em>τῷ</em></strong></span> <span class='ocrx_word' id='word_1_168' title='bbox 556 2305 687 2380; x_wconf 85' lang='grc' dir='ltr'><strong><em>βασιλεῖ</em></strong></span> <span class='ocrx_word' id='word_1_169' title='bbox 708 2298 764 2363; x_wconf 85' lang='grc' dir='ltr'><strong><em>καί</em></strong></span> <span class='ocrx_word' id='word_1_170' title='bbox 793 2299 999 2385; x_wconf 80' lang='grc' dir='ltr'><strong><em>ὀφειλόμενον</em></strong></span> <span class='ocrx_word' id='word_1_171' title='bbox 1021 2302 1145 2375; x_wconf 82' lang='grc' dir='ltr'><strong><em>παντως</em></strong></span> <span class='ocrx_word' id='word_1_172' title='bbox 1168 2294 1230 2384; x_wconf 80' lang='grc' dir='ltr'><strong><em>ἀρ-</em></strong></span> 
     </span>
     <span class='ocr_line' id='line_1_22' title="bbox 130 2389 1229 2486; baseline 0 -21"><span class='ocrx_word' id='word_1_173' title='bbox 130 2404 187 2486; x_wconf 91' lang='grc' dir='ltr'><strong><em>δην</em></strong></span> <span class='ocrx_word' id='word_1_174' title='bbox 218 2389 371 2465; x_wconf 77' lang='grc' dir='ltr'><strong><em>ἀπολέσαι</em></strong></span> <span class='ocrx_word' id='word_1_175' title='bbox 392 2403 501 2465; x_wconf 84' lang='grc' dir='ltr'><strong><em>τοῦτον</em></strong></span> <span class='ocrx_word' id='word_1_176' title='bbox 531 2404 586 2465; x_wconf 87' lang='grc' dir='ltr'><strong><em>καί</em></strong></span> <span class='ocrx_word' id='word_1_177' title='bbox 609 2399 651 2473; x_wconf 79' lang='grc' dir='ltr'><strong><em>ἀς</em></strong></span> <span class='ocrx_word' id='word_1_178' title='bbox 678 2398 799 2481; x_wconf 75' lang='grc' dir='ltr'><strong><em>ἐχθρόν</em></strong></span> <span class='ocrx_word' id='word_1_179' title='bbox 834 2402 888 2463; x_wconf 88' lang='grc' dir='ltr'><strong><em>καί</em></strong></span> <span class='ocrx_word' id='word_1_180' title='bbox 921 2402 1097 2479; x_wconf 75' lang='grc' dir='ltr'><strong><em>ἀντίδικον,</em></strong></span> <span class='ocrx_word' id='word_1_181' title='bbox 1135 2403 1229 2465; x_wconf 81' lang='grc' dir='ltr'><strong><em>οόδὲν</em></strong></span> 
     </span>
     <span class='ocr_line' id='line_1_23' title="bbox 128 2496 1229 2589; baseline -0.006 -23"><span class='ocrx_word' id='word_1_182' title='bbox 128 2507 270 2568; x_wconf 83' lang='grc' dir='ltr'><strong><em>τοιοῦτον</em></strong></span> <span class='ocrx_word' id='word_1_183' title='bbox 290 2504 488 2586; x_wconf 78' lang='grc' dir='ltr'><strong><em>διενοήσατο,</em></strong></span> <span class='ocrx_word' id='word_1_184' title='bbox 511 2501 565 2565; x_wconf 85' lang='grc' dir='ltr'><strong><em>καί</em></strong></span> <span class='ocrx_word' id='word_1_185' title='bbox 587 2496 696 2565; x_wconf 75' lang='grc' dir='ltr'><strong><em>ἄνετον</em></strong></span> <span class='ocrx_word' id='word_1_186' title='bbox 719 2503 807 2589; x_wconf 69' lang='lat' dir='ltr'><strong>adipi</strong></span> <span class='ocrx_word' id='word_1_187' title='bbox 829 2500 886 2585; x_wconf 79' lang='grc' dir='ltr'><strong><em>την</em></strong></span> <span class='ocrx_word' id='word_1_188' title='bbox 912 2499 996 2584; x_wconf 69' lang='grc' dir='ltr'><strong><em>ζωήν</em></strong></span> <span class='ocrx_word' id='word_1_189' title='bbox 1016 2500 1133 2585; x_wconf 74' lang='grc' dir='ltr'><strong><em>κοίτην</em></strong></span> <span class='ocrx_word' id='word_1_190' title='bbox 1154 2505 1229 2565; x_wconf 89' lang='grc' dir='ltr'><strong><em>δια.</em></strong></span> 
     </span>
     <span class='ocr_line' id='line_1_24' title="bbox 127 2594 1232 2689; baseline -0.003 -20"><span class='ocrx_word' id='word_1_191' title='bbox 127 2601 231 2689; x_wconf 77' lang='grc' dir='ltr'><strong><em>γωγην</em></strong></span> <span class='ocrx_word' id='word_1_192' title='bbox 252 2606 428 2686; x_wconf 82' lang='grc' dir='ltr'><strong><em>εὐδαίμονα</em></strong></span> <span class='ocrx_word' id='word_1_193' title='bbox 450 2605 503 2667; x_wconf 82' lang='grc' dir='ltr'><strong><em>καί</em></strong></span> <span class='ocrx_word' id='word_1_194' title='bbox 527 2606 683 2668; x_wconf 84' lang='grc' dir='ltr'><strong><em>πλουσίαν</em></strong></span> <span class='ocrx_word' id='word_1_195' title='bbox 704 2602 748 2678; x_wconf 85' lang='grc' dir='ltr'><strong><em>ιός</em></strong></span> <span class='ocrx_word' id='word_1_196' title='bbox 769 2600 802 2666; x_wconf 85' lang='grc' dir='ltr'><strong><em>τὸ</em></strong></span> <span class='ocrx_word' id='word_1_197' title='bbox 827 2607 902 2687; x_wconf 87' lang='grc' dir='ltr'><strong><em>πρίν</em></strong></span> <span class='ocrx_word' id='word_1_198' title='bbox 924 2609 1160 2681; x_wconf 85' lang='grc' dir='ltr'><strong><em>καταλέλοιπεν,</em></strong></span> <span class='ocrx_word' id='word_1_199' title='bbox 1179 2594 1232 2669; x_wconf 65' lang='grc' dir='ltr'><strong><em>ίανΙ</em></strong></span> 
     </span>
     <span class='ocr_line' id='line_1_25' title="bbox 126 2695 1228 2789; baseline 0.002 -23"><span class='ocrx_word' id='word_1_200' title='bbox 126 2703 221 2786; x_wconf 89' lang='grc' dir='ltr'><strong><em>βόλον</em></strong></span> <span class='ocrx_word' id='word_1_201' title='bbox 240 2702 308 2788; x_wconf 78' lang='grc' dir='ltr'><strong><em>εἶχε</em></strong></span> <span class='ocrx_word' id='word_1_202' title='bbox 337 2703 392 2770; x_wconf 89' lang='grc' dir='ltr'><strong><em>τόν</em></strong></span> <span class='ocrx_word' id='word_1_203' title='bbox 412 2701 503 2770; x_wconf 80' lang='grc' dir='ltr'><strong><em>ἔνδον</em></strong></span> <span class='ocrx_word' id='word_1_204' title='bbox 527 2695 723 2788; x_wconf 72' lang='grc' dir='ltr'><strong><em>ἄνθρωπον,</em></strong></span> <span class='ocrx_word' id='word_1_205' title='bbox 746 2706 801 2768; x_wconf 94' lang='grc' dir='ltr'><strong><em>καί</em></strong></span> <span class='ocrx_word' id='word_1_206' title='bbox 822 2704 908 2770; x_wconf 88' lang='grc' dir='ltr'><strong><em>κότον</em></strong></span> <span class='ocrx_word' id='word_1_207' title='bbox 928 2701 1043 2789; x_wconf 74' lang='grc' dir='ltr'><strong><em>ἔτρεφε</em></strong></span> <span class='ocrx_word' id='word_1_208' title='bbox 1067 2702 1144 2770; x_wconf 76' lang='grc' dir='ltr'><strong><em>κατὰ</em></strong></span> <span class='ocrx_word' id='word_1_209' title='bbox 1169 2707 1228 2770; x_wconf 75' lang='grc' dir='ltr'><strong><em>τοῦ</em></strong></span> 
     </span>
    </p>
   </div>
   <div class='ocr_carea' id='block_1_3' title="bbox 121 3000 1288 4133">
    <p class='ocr_par' dir='ltr' id='par_1_3' title="bbox 121 3000 1288 4133">
     <span class='ocr_line' id='line_1_26' title="bbox 127 3000 1225 3074; baseline 0 -21"><span class='ocrx_word' id='word_1_210' title='bbox 127 3003 204 3069; x_wconf 88' lang='lat' dir='ltr'><strong>pueri</strong></span> <span class='ocrx_word' id='word_1_211' title='bbox 222 3000 307 3053; x_wconf 80' lang='lat' dir='ltr'><strong>sdluuc</strong></span> <span class='ocrx_word' id='word_1_212' title='bbox 329 3002 430 3074; x_wconf 75' lang='lat' dir='ltr'><strong>inetur,</strong></span> <span class='ocrx_word' id='word_1_213' title='bbox 455 3003 487 3054; x_wconf 87' lang='lat' dir='ltr'><strong><em>ub</em></strong></span> <span class='ocrx_word' id='word_1_214' title='bbox 506 3003 572 3054; x_wconf 90' lang='lat' dir='ltr'><strong>urbe</strong></span> <span class='ocrx_word' id='word_1_215' title='bbox 601 3010 628 3052; x_wconf 90' lang='lat' dir='ltr'><strong>et</strong></span> <span class='ocrx_word' id='word_1_216' title='bbox 652 3002 729 3067; x_wconf 81' lang='lat' dir='ltr'><strong>regin</strong></span> <span class='ocrx_word' id='word_1_217' title='bbox 746 3015 795 3067; x_wconf 91' lang='lat' dir='ltr'><strong>per</strong></span> <span class='ocrx_word' id='word_1_218' title='bbox 822 3006 963 3066; x_wconf 77' lang='lat' dir='ltr'><strong>cognatum</strong></span> <span class='ocrx_word' id='word_1_219' title='bbox 981 3000 1178 3064; x_wconf 80' lang='lat' dir='ltr'>removebatur,</span> <span class='ocrx_word' id='word_1_220' title='bbox 1198 3008 1225 3053; x_wconf 86' lang='lat' dir='ltr'><strong><em>ot</em></strong></span> 
     </span>
     <span class='ocr_line' id='line_1_27' title="bbox 127 3071 1224 3136; baseline -0.005 -12"><span class='ocrx_word' id='word_1_221' title='bbox 127 3075 159 3125; x_wconf 87' lang='lat' dir='ltr'><strong><em>ud</em></strong></span> <span class='ocrx_word' id='word_1_222' title='bbox 177 3089 249 3125; x_wconf 85' lang='lat' dir='ltr'><strong>mure</strong></span> <span class='ocrx_word' id='word_1_223' title='bbox 268 3074 413 3126; x_wconf 75' lang='lat' dir='ltr'><strong>ducebatur</strong></span> <span class='ocrx_word' id='word_1_224' title='bbox 435 3074 584 3124; x_wconf 77' lang='lat' dir='ltr'><strong>adversum.</strong></span> <span class='ocrx_word' id='word_1_225' title='bbox 626 3071 782 3125; x_wconf 79' lang='lat' dir='ltr'><strong>Botaniates</strong></span> <span class='ocrx_word' id='word_1_226' title='bbox 812 3077 899 3120; x_wconf 85' lang='lat' dir='ltr'><strong>nutem</strong></span> <span class='ocrx_word' id='word_1_227' title='bbox 923 3071 1006 3136; x_wconf 87' lang='lat' dir='ltr'><strong>putris</strong></span> <span class='ocrx_word' id='word_1_228' title='bbox 1025 3071 1053 3121; x_wconf 89' lang='lat' dir='ltr'><strong><em>in</em></strong></span> <span class='ocrx_word' id='word_1_229' title='bbox 1073 3087 1131 3121; x_wconf 90' lang='lat' dir='ltr'><strong>eum</strong></span> <span class='ocrx_word' id='word_1_230' title='bbox 1151 3072 1224 3124; x_wconf 89' lang='lat' dir='ltr'><strong>inte.</strong></span> 
     </span>
     <span class='ocr_line' id='line_1_28' title="bbox 127 3142 1225 3209; baseline 0 -13"><span class='ocrx_word' id='word_1_231' title='bbox 127 3146 195 3196; x_wconf 81' lang='lat' dir='ltr'><strong>stine</strong></span> <span class='ocrx_word' id='word_1_232' title='bbox 217 3152 244 3196; x_wconf 84' lang='lat' dir='ltr'><strong>et</strong></span> <span class='ocrx_word' id='word_1_233' title='bbox 269 3146 448 3197; x_wconf 90' lang='lat' dir='ltr'><strong>conditionem</strong></span> <span class='ocrx_word' id='word_1_234' title='bbox 474 3142 616 3193; x_wconf 87' lang='lat' dir='ltr'><strong>ostendens</strong></span> <span class='ocrx_word' id='word_1_235' title='bbox 642 3142 720 3193; x_wconf 86' lang='lat' dir='ltr'><strong>etium</strong></span> <span class='ocrx_word' id='word_1_236' title='bbox 741 3142 809 3192; x_wconf 90' lang='lat' dir='ltr'><strong>intrn</strong></span> <span class='ocrx_word' id='word_1_237' title='bbox 830 3142 931 3209; x_wconf 81' lang='lat' dir='ltr'><strong>regiam</strong></span> <span class='ocrx_word' id='word_1_238' title='bbox 951 3157 1008 3193; x_wconf 91' lang='lat' dir='ltr'><strong>eum</strong></span> <span class='ocrx_word' id='word_1_239' title='bbox 1030 3142 1179 3208; x_wconf 86' lang='lat' dir='ltr'><strong>recipiebat</strong></span> <span class='ocrx_word' id='word_1_240' title='bbox 1198 3150 1225 3197; x_wconf 81' lang='lat' dir='ltr'><strong>et</strong></span> 
     </span>
     <span class='ocr_line' id='line_1_29' title="bbox 127 3212 1288 3280; baseline 0 -13"><span class='ocrx_word' id='word_1_241' title='bbox 127 3217 268 3267; x_wconf 79' lang='lat' dir='ltr'><strong>convivam</strong></span> <span class='ocrx_word' id='word_1_242' title='bbox 285 3215 426 3275; x_wconf 79' lang='lat' dir='ltr'><strong>reddebat,</strong></span> <span class='ocrx_word' id='word_1_243' title='bbox 452 3220 532 3280; x_wconf 82' lang='lat' dir='ltr'><strong>atque</strong></span> <span class='ocrx_word' id='word_1_244' title='bbox 550 3213 676 3264; x_wconf 85' lang='lat' dir='ltr'><strong>invidiam</strong></span> <span class='ocrx_word' id='word_1_245' title='bbox 699 3214 732 3265; x_wconf 94' lang='lat' dir='ltr'><strong>de</strong></span> <span class='ocrx_word' id='word_1_246' title='bbox 759 3227 791 3264; x_wconf 91' lang='lat' dir='ltr'><strong>eo</strong></span> <span class='ocrx_word' id='word_1_247' title='bbox 817 3212 862 3264; x_wconf 85' lang='lat' dir='ltr'><strong>vel</strong></span> <span class='ocrx_word' id='word_1_248' title='bbox 881 3214 1060 3280; x_wconf 78' lang='lat' dir='ltr'><strong>suspicionem</strong></span> <span class='ocrx_word' id='word_1_249' title='bbox 1081 3215 1224 3280; x_wconf 77' lang='lat' dir='ltr'><strong>concipere</strong></span> <span class='ocrx_word' id='word_1_250' title='bbox 1282 3252 1288 3267; x_wconf 44' lang='lat' dir='ltr'><strong>r</strong></span> 
     </span>
     <span class='ocr_line' id='line_1_30' title="bbox 125 3284 1223 3355; baseline -0.001 -17"><span class='ocrx_word' id='word_1_251' title='bbox 125 3287 248 3340; x_wconf 83' lang='lat' dir='ltr'><strong>nolebat:</strong></span> <span class='ocrx_word' id='word_1_252' title='bbox 276 3285 446 3355; x_wconf 80' lang='lat' dir='ltr'><strong>quamobrem</strong></span> <span class='ocrx_word' id='word_1_253' title='bbox 472 3284 551 3334; x_wconf 85' lang='lat' dir='ltr'><strong>etiem</strong></span> <span class='ocrx_word' id='word_1_254' title='bbox 574 3300 661 3335; x_wconf 88' lang='lat' dir='ltr'><strong>rerum</strong></span> <span class='ocrx_word' id='word_1_255' title='bbox 688 3291 715 3336; x_wconf 93' lang='lat' dir='ltr'><strong>et</strong></span> <span class='ocrx_word' id='word_1_256' title='bbox 740 3285 958 3352; x_wconf 87' lang='lat' dir='ltr'><strong>possessionum,</strong></span> <span class='ocrx_word' id='word_1_257' title='bbox 985 3299 1053 3351; x_wconf 88' lang='lat' dir='ltr'><strong>quue</strong></span> <span class='ocrx_word' id='word_1_258' title='bbox 1079 3286 1104 3337; x_wconf 92' lang='lat' dir='ltr'><strong>ei</strong></span> <span class='ocrx_word' id='word_1_259' title='bbox 1124 3294 1223 3351; x_wconf 86' lang='lat' dir='ltr'><strong>esseut,</strong></span> 
     </span>
     <span class='ocr_line' id='line_1_31' title="bbox 124 3354 1225 3423; baseline -0.004 -12"><span class='ocrx_word' id='word_1_260' title='bbox 124 3358 225 3411; x_wconf 86' lang='lat' dir='ltr'><strong>nullum</strong></span> <span class='ocrx_word' id='word_1_261' title='bbox 246 3357 454 3410; x_wconf 74' lang='lat' dir='ltr'><strong>deminutionem</strong></span> <span class='ocrx_word' id='word_1_262' title='bbox 473 3354 547 3407; x_wconf 89' lang='lat' dir='ltr'><strong>lecit.</strong></span> <span class='ocrx_word' id='word_1_263' title='bbox 584 3355 646 3407; x_wconf 87' lang='lat' dir='ltr'><strong>tulis</strong></span> <span class='ocrx_word' id='word_1_264' title='bbox 666 3365 723 3407; x_wconf 87' lang='lat' dir='ltr'><strong>erat</strong></span> <span class='ocrx_word' id='word_1_265' title='bbox 746 3356 915 3420; x_wconf 84' lang='lat' dir='ltr'><strong>Botuniutes‚</strong></span> <span class='ocrx_word' id='word_1_266' title='bbox 936 3357 1023 3408; x_wconf 86' lang='lat' dir='ltr'><strong>enimc</strong></span> <span class='ocrx_word' id='word_1_267' title='bbox 1044 3370 1125 3421; x_wconf 89' lang='lat' dir='ltr'><strong>purus</strong></span> <span class='ocrx_word' id='word_1_268' title='bbox 1144 3372 1225 3423; x_wconf 86' lang='lat' dir='ltr'><strong>snpra</strong></span> 
     </span>
     <span class='ocr_line' id='line_1_32' title="bbox 124 3426 1224 3495; baseline -0.002 -14"><span class='ocrx_word' id='word_1_269' title='bbox 124 3430 209 3481; x_wconf 91' lang='lat' dir='ltr'><strong>solem</strong></span> <span class='ocrx_word' id='word_1_270' title='bbox 230 3436 257 3478; x_wconf 89' lang='lat' dir='ltr'><strong>et</strong></span> <span class='ocrx_word' id='word_1_271' title='bbox 274 3428 411 3495; x_wconf 77' lang='lat' dir='ltr'><strong>ingenium</strong></span> <span class='ocrx_word' id='word_1_272' title='bbox 440 3426 504 3477; x_wconf 83' lang='lat' dir='ltr'><strong>muli</strong></span> <span class='ocrx_word' id='word_1_273' title='bbox 530 3440 625 3493; x_wconf 82' lang='lat' dir='ltr'><strong>expers</strong></span> <span class='ocrx_word' id='word_1_274' title='bbox 648 3427 749 3478; x_wconf 84' lang='lat' dir='ltr'><strong>habens</strong></span> <span class='ocrx_word' id='word_1_275' title='bbox 776 3435 802 3477; x_wconf 85' lang='lat' dir='ltr'><strong>et</strong></span> <span class='ocrx_word' id='word_1_276' title='bbox 827 3429 898 3485; x_wconf 89' lang='lat' dir='ltr'><strong>omni</strong></span> <span class='ocrx_word' id='word_1_277' title='bbox 926 3427 1039 3478; x_wconf 88' lang='lat' dir='ltr'><strong>liberum</strong></span> <span class='ocrx_word' id='word_1_278' title='bbox 1069 3428 1224 3494; x_wconf 75' lang='lat' dir='ltr'><strong>suspicione</strong></span> 
     </span>
     <span class='ocr_line' id='line_1_33' title="bbox 125 3498 1225 3567; baseline -0.001 -16"><span class='ocrx_word' id='word_1_279' title='bbox 125 3502 200 3552; x_wconf 85' lang='lat' dir='ltr'><strong>dira:</strong></span> <span class='ocrx_word' id='word_1_280' title='bbox 220 3499 267 3550; x_wconf 92' lang='lat' dir='ltr'><strong><em>sed</em></strong></span> <span class='ocrx_word' id='word_1_281' title='bbox 287 3498 331 3550; x_wconf 82' lang='lat' dir='ltr'><strong>uel</strong></span> <span class='ocrx_word' id='word_1_282' title='bbox 346 3498 396 3561; x_wconf 84' lang='lat' dir='ltr'><strong>sic,</strong></span> <span class='ocrx_word' id='word_1_283' title='bbox 417 3498 469 3549; x_wconf 88' lang='lat' dir='ltr'><strong>nisi</strong></span> <span class='ocrx_word' id='word_1_284' title='bbox 488 3498 615 3565; x_wconf 73' lang='lat' dir='ltr'><strong>quaedem</strong></span> <span class='ocrx_word' id='word_1_285' title='bbox 627 3512 680 3550; x_wconf 92' lang='lat' dir='ltr'><strong><em>non</em></strong></span> <span class='ocrx_word' id='word_1_286' title='bbox 699 3499 886 3567; x_wconf 77' lang='lat' dir='ltr'><strong>investiganda</strong></span> <span class='ocrx_word' id='word_1_287' title='bbox 902 3499 987 3566; x_wconf 81' lang='lat' dir='ltr'><strong>gretia</strong></span> <span class='ocrx_word' id='word_1_288' title='bbox 1006 3498 1225 3551; x_wconf 71' lang='lat' dir='ltr'><strong>circumdedisset</strong></span> 
     </span>
     <span class='ocr_line' id='line_1_34' title="bbox 125 3568 1223 3635; baseline -0.008 -11"><span class='ocrx_word' id='word_1_289' title='bbox 125 3588 194 3635; x_wconf 90' lang='lat' dir='ltr'><strong>eum,</strong></span> <span class='ocrx_word' id='word_1_290' title='bbox 221 3585 275 3620; x_wconf 92' lang='lat' dir='ltr'><strong><em>non</em></strong></span> <span class='ocrx_word' id='word_1_291' title='bbox 297 3570 329 3621; x_wconf 85' lang='lat' dir='ltr'><strong><em>ud</em></strong></span> <span class='ocrx_word' id='word_1_292' title='bbox 348 3576 447 3620; x_wconf 66' lang='lat' dir='ltr'><strong>tanum</strong></span> <span class='ocrx_word' id='word_1_293' title='bbox 473 3568 680 3620; x_wconf 84' lang='lat' dir='ltr'><strong>misericordium</strong></span> <span class='ocrx_word' id='word_1_294' title='bbox 700 3572 837 3634; x_wconf 86' lang='lat' dir='ltr'><strong>venisset,</strong></span> <span class='ocrx_word' id='word_1_295' title='bbox 856 3577 885 3620; x_wconf 90' lang='lat' dir='ltr'><strong><em>ut</em></strong></span> <span class='ocrx_word' id='word_1_296' title='bbox 906 3570 985 3621; x_wconf 88' lang='lat' dir='ltr'><strong>etium</strong></span> <span class='ocrx_word' id='word_1_297' title='bbox 999 3568 1154 3621; x_wconf 78' lang='lat' dir='ltr'><strong>manifestus</strong></span> <span class='ocrx_word' id='word_1_298' title='bbox 1173 3569 1223 3621; x_wconf 86' lang='lat' dir='ltr'><strong><em>ud.</em></strong></span> 
     </span>
     <span class='ocr_line' id='line_1_35' title="bbox 123 3634 1223 3707; baseline -0.003 -12"><span class='ocrx_word' id='word_1_299' title='bbox 123 3642 259 3695; x_wconf 78' lang='lat' dir='ltr'><strong>uersurius</strong></span> <span class='ocrx_word' id='word_1_300' title='bbox 275 3649 301 3692; x_wconf 89' lang='lat' dir='ltr'><strong>et</strong></span> <span class='ocrx_word' id='word_1_301' title='bbox 321 3639 406 3690; x_wconf 88' lang='lat' dir='ltr'><strong>hostis</strong></span> <span class='ocrx_word' id='word_1_302' title='bbox 425 3641 513 3707; x_wconf 87' lang='lat' dir='ltr'><strong>etqui</strong></span> <span class='ocrx_word' id='word_1_303' title='bbox 532 3641 607 3707; x_wconf 78' lang='lat' dir='ltr'><strong>quasi</strong></span> <span class='ocrx_word' id='word_1_304' title='bbox 626 3634 718 3691; x_wconf 82' lang='lat' dir='ltr'><strong>dorem</strong></span> <span class='ocrx_word' id='word_1_305' title='bbox 737 3642 884 3692; x_wconf 84' lang='lat' dir='ltr'><strong>iuventutis</strong></span> <span class='ocrx_word' id='word_1_306' title='bbox 902 3640 1068 3692; x_wconf 82' lang='lat' dir='ltr'><strong>ascendisset</strong></span> <span class='ocrx_word' id='word_1_307' title='bbox 1086 3648 1113 3691; x_wconf 87' lang='lat' dir='ltr'><strong>et</strong></span> <span class='ocrx_word' id='word_1_308' title='bbox 1131 3642 1223 3706; x_wconf 86' lang='lat' dir='ltr'><strong>ineptu</strong></span> 
     </span>
     <span class='ocr_line' id='line_1_36' title="bbox 124 3702 1283 3779; baseline -0.002 -14"><span class='ocrx_word' id='word_1_309' title='bbox 124 3712 238 3765; x_wconf 87' lang='lat' dir='ltr'><strong>consiliu</strong></span> <span class='ocrx_word' id='word_1_310' title='bbox 249 3719 275 3762; x_wconf 92' lang='lat' dir='ltr'><strong>et</strong></span> <span class='ocrx_word' id='word_1_311' title='bbox 290 3718 428 3779; x_wconf 72' lang='lat' dir='ltr'><strong>reputaret</strong></span> <span class='ocrx_word' id='word_1_312' title='bbox 439 3726 512 3762; x_wconf 86' lang='lat' dir='ltr'><strong>suam</strong></span> <span class='ocrx_word' id='word_1_313' title='bbox 524 3702 588 3778; x_wconf 70' lang='lat' dir='ltr'><strong>prle</strong></span> <span class='ocrx_word' id='word_1_314' title='bbox 600 3710 731 3763; x_wconf 73' lang='lat' dir='ltr'><strong>felicitate</strong></span> <span class='ocrx_word' id='word_1_315' title='bbox 743 3712 830 3779; x_wconf 79' lang='lat' dir='ltr'><strong>regni,</strong></span> <span class='ocrx_word' id='word_1_316' title='bbox 847 3719 873 3761; x_wconf 92' lang='lat' dir='ltr'><strong>et</strong></span> <span class='ocrx_word' id='word_1_317' title='bbox 886 3719 996 3761; x_wconf 80' lang='lat' dir='ltr'><strong>necator</strong></span> <span class='ocrx_word' id='word_1_318' title='bbox 1011 3712 1119 3777; x_wconf 81' lang='lat' dir='ltr'><strong>generis</strong></span> <span class='ocrx_word' id='word_1_319' title='bbox 1131 3727 1222 3763; x_wconf 89' lang='lat' dir='ltr'><strong>eorum</strong></span> <span class='ocrx_word' id='word_1_320' title='bbox 1280 3754 1283 3771; x_wconf 81' lang='grc'><strong><em>,</em></strong></span> 
     </span>
     <span class='ocr_line' id='line_1_37' title="bbox 124 3781 1221 3852; baseline -0.005 -16"><span class='ocrx_word' id='word_1_321' title='bbox 124 3783 314 3836; x_wconf 83' lang='lat' dir='ltr'><strong>conciliaretur</strong></span> <span class='ocrx_word' id='word_1_322' title='bbox 328 3790 356 3833; x_wconf 89' lang='lat' dir='ltr'><strong>et</strong></span> <span class='ocrx_word' id='word_1_323' title='bbox 367 3783 534 3832; x_wconf 76' lang='lat' dir='ltr'><strong>occasionem</strong></span> <span class='ocrx_word' id='word_1_324' title='bbox 550 3783 626 3832; x_wconf 84' lang='lat' dir='ltr'><strong>duret</strong></span> <span class='ocrx_word' id='word_1_325' title='bbox 636 3781 816 3832; x_wconf 86' lang='lat' dir='ltr'><strong>conveniendi</strong></span> <span class='ocrx_word' id='word_1_326' title='bbox 828 3788 854 3832; x_wconf 90' lang='lat' dir='ltr'><strong>et</strong></span> <span class='ocrx_word' id='word_1_327' title='bbox 868 3783 1029 3835; x_wconf 76' lang='lat' dir='ltr'><strong>convivandi</strong></span> <span class='ocrx_word' id='word_1_328' title='bbox 1039 3791 1065 3834; x_wconf 89' lang='lat' dir='ltr'><strong>et</strong></span> <span class='ocrx_word' id='word_1_329' title='bbox 1077 3782 1221 3852; x_wconf 87' lang='lat' dir='ltr'><strong>colloque.</strong></span> 
     </span>
     <span class='ocr_line' id='line_1_38' title="bbox 121 3851 1221 3922; baseline -0.005 -14"><span class='ocrx_word' id='word_1_330' title='bbox 121 3866 196 3909; x_wconf 89' lang='lat' dir='ltr'><strong>retur</strong></span> <span class='ocrx_word' id='word_1_331' title='bbox 206 3870 266 3905; x_wconf 89' lang='lat' dir='ltr'><strong><em>oum</em></strong></span> <span class='ocrx_word' id='word_1_332' title='bbox 280 3869 312 3904; x_wconf 93' lang='lat' dir='ltr'><strong>eo</strong></span> <span class='ocrx_word' id='word_1_333' title='bbox 326 3861 353 3903; x_wconf 90' lang='lat' dir='ltr'><strong>et</strong></span> <span class='ocrx_word' id='word_1_334' title='bbox 363 3853 456 3919; x_wconf 79' lang='lat' dir='ltr'><strong>regiae</strong></span> <span class='ocrx_word' id='word_1_335' title='bbox 470 3854 687 3919; x_wconf 80' lang='lat' dir='ltr'><strong>coniungeretur.</strong></span> <span class='ocrx_word' id='word_1_336' title='bbox 698 3851 748 3902; x_wconf 90' lang='lat' dir='ltr'><strong>ille</strong></span> <span class='ocrx_word' id='word_1_337' title='bbox 757 3859 843 3901; x_wconf 86' lang='lat' dir='ltr'><strong>nutem</strong></span> <span class='ocrx_word' id='word_1_338' title='bbox 857 3854 929 3922; x_wconf 79' lang='lat' dir='ltr'><strong>regis</strong></span> <span class='ocrx_word' id='word_1_339' title='bbox 940 3851 1151 3906; x_wconf 83' lang='lat' dir='ltr'><strong>beneficientiam</strong></span> <span class='ocrx_word' id='word_1_340' title='bbox 1162 3870 1221 3905; x_wconf 84' lang='lat' dir='ltr'><strong><em>mu.</em></strong></span> 
     </span>
     <span class='ocr_line' id='line_1_39' title="bbox 122 3922 1221 3991; baseline -0.004 -11"><span class='ocrx_word' id='word_1_341' title='bbox 122 3928 240 3980; x_wconf 88' lang='lat' dir='ltr'><strong>lellciom</strong></span> <span class='ocrx_word' id='word_1_342' title='bbox 260 3940 293 3977; x_wconf 85' lang='lat' dir='ltr'><strong>ex</strong></span> <span class='ocrx_word' id='word_1_343' title='bbox 320 3926 425 3991; x_wconf 77' lang='lat' dir='ltr'><strong>ingrato</strong></span> <span class='ocrx_word' id='word_1_344' title='bbox 450 3924 537 3974; x_wconf 89' lang='lat' dir='ltr'><strong>unimo</strong></span> <span class='ocrx_word' id='word_1_345' title='bbox 557 3930 672 3988; x_wconf 87' lang='lat' dir='ltr'><strong>putuns,</strong></span> <span class='ocrx_word' id='word_1_346' title='bbox 700 3938 789 3990; x_wconf 86' lang='lat' dir='ltr'><strong>neque</strong></span> <span class='ocrx_word' id='word_1_347' title='bbox 817 3922 1038 3987; x_wconf 77' lang='lat' dir='ltr'><strong>animadvertens,</strong></span> <span class='ocrx_word' id='word_1_348' title='bbox 1066 3940 1221 3989; x_wconf 88' lang='lat' dir='ltr'><strong>eum,cu1n</strong></span> 
     </span>
     <span class='ocr_line' id='line_1_40' title="bbox 122 3993 1221 4065; baseline -0.005 -15"><span class='ocrx_word' id='word_1_349' title='bbox 122 3998 220 4051; x_wconf 89' lang='lat' dir='ltr'><strong>liceret</strong></span> <span class='ocrx_word' id='word_1_350' title='bbox 237 3997 297 4065; x_wconf 75' lang='lat' dir='ltr'><strong>regi</strong></span> <span class='ocrx_word' id='word_1_351' title='bbox 317 4004 344 4046; x_wconf 90' lang='lat' dir='ltr'><strong>et</strong></span> <span class='ocrx_word' id='word_1_352' title='bbox 361 3994 477 4047; x_wconf 84' lang='lat' dir='ltr'><strong>debitum</strong></span> <span class='ocrx_word' id='word_1_353' title='bbox 497 4002 569 4046; x_wconf 85' lang='lat' dir='ltr'><strong>esset</strong></span> <span class='ocrx_word' id='word_1_354' title='bbox 587 3995 694 4045; x_wconf 92' lang='lat' dir='ltr'><strong>omnino</strong></span> <span class='ocrx_word' id='word_1_355' title='bbox 717 3993 835 4044; x_wconf 85' lang='lat' dir='ltr'><strong>funditus</strong></span> <span class='ocrx_word' id='word_1_356' title='bbox 860 3994 973 4059; x_wconf 87' lang='lat' dir='ltr'><strong>perdere</strong></span> <span class='ocrx_word' id='word_1_357' title='bbox 993 4009 1051 4045; x_wconf 88' lang='lat' dir='ltr'><strong>eum</strong></span> <span class='ocrx_word' id='word_1_358' title='bbox 1071 4003 1099 4044; x_wconf 92' lang='lat' dir='ltr'><strong><em>ut</em></strong></span> <span class='ocrx_word' id='word_1_359' title='bbox 1118 3994 1221 4047; x_wconf 84' lang='lat' dir='ltr'><strong>hostem</strong></span> 
     </span>
     <span class='ocr_line' id='line_1_41' title="bbox 125 4063 1220 4133; baseline -0.005 -12"><span class='ocrx_word' id='word_1_360' title='bbox 125 4079 151 4120; x_wconf 86' lang='lat' dir='ltr'><strong>et</strong></span> <span class='ocrx_word' id='word_1_361' title='bbox 169 4069 361 4131; x_wconf 76' lang='lat' dir='ltr'><strong>adversarium,</strong></span> <span class='ocrx_word' id='word_1_362' title='bbox 380 4066 449 4117; x_wconf 91' lang='lat' dir='ltr'><strong>nihil</strong></span> <span class='ocrx_word' id='word_1_363' title='bbox 469 4063 523 4117; x_wconf 87' lang='lat' dir='ltr'><strong>tule</strong></span> <span class='ocrx_word' id='word_1_364' title='bbox 544 4066 678 4133; x_wconf 80' lang='lat' dir='ltr'><strong>cogitasse</strong></span> <span class='ocrx_word' id='word_1_365' title='bbox 698 4072 725 4115; x_wconf 87' lang='lat' dir='ltr'><strong>et</strong></span> <span class='ocrx_word' id='word_1_366' title='bbox 742 4064 867 4115; x_wconf 85' lang='lat' dir='ltr'><strong>liberum</strong></span> <span class='ocrx_word' id='word_1_367' title='bbox 882 4066 906 4115; x_wconf 91' lang='lat' dir='ltr'><strong>ei</strong></span> <span class='ocrx_word' id='word_1_368' title='bbox 926 4066 1005 4115; x_wconf 84' lang='lat' dir='ltr'><strong>vitam</strong></span> <span class='ocrx_word' id='word_1_369' title='bbox 1026 4073 1052 4115; x_wconf 93' lang='lat' dir='ltr'><strong>et</strong></span> <span class='ocrx_word' id='word_1_370' title='bbox 1070 4079 1220 4117; x_wconf 78' lang='lat' dir='ltr'><strong>commore-</strong></span> 
     </span>
    </p>
   </div>
   <div class='ocr_carea' id='block_1_4' title="bbox 123 4136 1219 4294">
    <p class='ocr_par' dir='ltr' id='par_1_4' title="bbox 123 4136 1219 4318">
     <span class='ocr_line' id='line_1_42' title="bbox 123 4136 1219 4205; baseline -0.001 -13"><span class='ocrx_word' id='word_1_371' title='bbox 123 4142 223 4194; x_wconf 85' lang='lat' dir='ltr'><strong>tionem</strong></span> <span class='ocrx_word' id='word_1_372' title='bbox 241 4141 345 4193; x_wconf 80' lang='lat' dir='ltr'><strong>beatem</strong></span> <span class='ocrx_word' id='word_1_373' title='bbox 366 4146 393 4190; x_wconf 85' lang='lat' dir='ltr'><strong>et</strong></span> <span class='ocrx_word' id='word_1_374' title='bbox 411 4138 535 4205; x_wconf 81' lang='lat' dir='ltr'><strong>divitem,</strong></span> <span class='ocrx_word' id='word_1_375' title='bbox 554 4145 584 4191; x_wconf 90' lang='lat' dir='ltr'><strong><em>ut</em></strong></span> <span class='ocrx_word' id='word_1_376' title='bbox 602 4145 698 4201; x_wconf 79' lang='lat' dir='ltr'><strong>untes,</strong></span> <span class='ocrx_word' id='word_1_377' title='bbox 715 4137 870 4204; x_wconf 84' lang='lat' dir='ltr'><strong>reliquisse,</strong></span> <span class='ocrx_word' id='word_1_378' title='bbox 890 4150 995 4190; x_wconf 84' lang='lat' dir='ltr'><strong>veneno</strong></span> <span class='ocrx_word' id='word_1_379' title='bbox 1014 4136 1151 4203; x_wconf 82' lang='lat' dir='ltr'><strong>perfusum</strong></span> <span class='ocrx_word' id='word_1_380' title='bbox 1169 4136 1219 4191; x_wconf 79' lang='lat' dir='ltr'><strong>lna-</strong></span> 
     </span>
     <span class='ocr_line' id='line_1_43' title="bbox 177 4231 1046 4294; baseline -0.01 0"><span class='ocrx_word' id='word_1_381' title='bbox 177 4236 259 4293; x_wconf 68' lang='lat' dir='ltr'><strong><em>lut</em></strong></span> <span class='ocrx_word' id='word_1_382' title='bbox 277 4236 360 4294; x_wconf 75' lang='lat' dir='ltr'><strong>Attol-</strong></span> <span class='ocrx_word' id='word_1_383' title='bbox 377 4232 446 4290; x_wconf 72' lang='grc' dir='ltr'><strong><em>Πότε.</em></strong></span> <span class='ocrx_word' id='word_1_384' title='bbox 768 4233 772 4246; x_wconf 78' lang='grc'><strong>“</strong></span> <span class='ocrx_word' id='word_1_385' title='bbox 996 4231 1046 4285; x_wconf 80' lang='lat' dir='ltr'><strong><em>to.</em></strong></span> 
     </span>
    </p>
   </div>
   <div class='ocr_carea' id='block_1_5' title="bbox 0 0 1442 4734">
    <p class='ocr_par' dir='ltr' id='par_1_5' title="bbox 0 0 1442 4734">
     <span class='ocr_line' id='line_1_44' title="bbox 0 0 1442 4734; baseline 0 5"><span class='ocrx_word' id='word_1_386' title='bbox 0 0 1442 4734; x_wconf 95' lang='lat' dir='ltr'><strong><em> </em></strong></span> 
     </span>
    </p>
   </div>
  </div>
 </body>
</html>
