<?xml version="1.0" encoding="UTF-8"?>
<!DOCTYPE html PUBLIC "-//W3C//DTD XHTML 1.0 Transitional//EN"
    "http://www.w3.org/TR/xhtml1/DTD/xhtml1-transitional.dtd">
<html xmlns="http://www.w3.org/1999/xhtml" xml:lang="en" lang="en">
 <head>
  <title>
</title>
<meta http-equiv="Content-Type" content="text/html;charset=utf-8" />
  <meta name='ocr-system' content='tesseract 3.04.00' />
  <meta name='ocr-capabilities' content='ocr_page ocr_carea ocr_par ocr_line ocrx_word'/>
</head>
<body>
  <div class='ocr_page' id='page_1' title='image "./corpusscriptoru05theogoog/corpusscriptoru05theogoog_0027.png"; bbox 0 0 2875 4734; ppageno 0'>
   <div class='ocr_carea' id='block_1_1' title="bbox 466 247 1271 350">
    <p class='ocr_par' dir='ltr' id='par_1_1' title="bbox 466 247 1271 350">
     <span class='ocr_line' id='line_1_1' title="bbox 466 247 1271 350; baseline -0.002 -2"><span class='ocrx_word' id='word_1_1' title='bbox 466 291 472 300; x_wconf 62' lang='lat'>¹</span> <span class='ocrx_word' id='word_1_2' title='bbox 550 281 757 350; x_wconf 74' lang='lat' dir='ltr'><strong>moronis.</strong></span> <span class='ocrx_word' id='word_1_3' title='bbox 1180 272 1204 346; x_wconf 84' lang='lat'><strong>9</strong></span> <span class='ocrx_word' id='word_1_4' title='bbox 1266 247 1271 254; x_wconf 67' lang='grc'>’</span> 
     </span>
    </p>
   </div>
   <div class='ocr_carea' id='block_1_2' title="bbox 34 441 1351 2651">
    <p class='ocr_par' dir='ltr' id='par_1_2' title="bbox 109 441 1214 734">
     <span class='ocr_line' id='line_1_2' title="bbox 114 441 1214 531; baseline -0.004 -19"><span class='ocrx_word' id='word_1_5' title='bbox 114 447 287 527; x_wconf 71' lang='grc' dir='ltr'><strong><em>δυνάμεσι·</em></strong></span> <span class='ocrx_word' id='word_1_6' title='bbox 331 444 385 510; x_wconf 86' lang='grc' dir='ltr'><strong><em>καί</em></strong></span> <span class='ocrx_word' id='word_1_7' title='bbox 403 449 435 512; x_wconf 86' lang='grc' dir='ltr'><strong><em>εἰ</em></strong></span> <span class='ocrx_word' id='word_1_8' title='bbox 453 445 498 531; x_wconf 82' lang='grc' dir='ltr'><strong>μὴ</strong></span> <span class='ocrx_word' id='word_1_9' title='bbox 523 450 705 531; x_wconf 75' lang='grc' dir='ltr'><strong><em>διαβληθείς</em></strong></span> <span class='ocrx_word' id='word_1_10' title='bbox 717 453 792 530; x_wconf 73' lang='grc' dir='ltr'><strong><em>περὶ</em></strong></span> <span class='ocrx_word' id='word_1_11' title='bbox 811 447 996 531; x_wconf 71' lang='grc' dir='ltr'><strong><em>τυραννίδος</em></strong></span> <span class='ocrx_word' id='word_1_12' title='bbox 1020 441 1214 529; x_wconf 72' lang='grc' dir='ltr'><strong><em>ἰτὴνστρα-</em></strong></span> 
     </span>
     <span class='ocr_line' id='line_1_3' title="bbox 112 541 1213 631; baseline -0.005 -18"><span class='ocrx_word' id='word_1_13' title='bbox 112 551 223 631; x_wconf 84' lang='grc' dir='ltr'><strong><em>τηγίαν</em></strong></span> <span class='ocrx_word' id='word_1_14' title='bbox 243 551 305 612; x_wconf 74' lang='grc' dir='ltr'><strong>τῶν</strong></span> <span class='ocrx_word' id='word_1_15' title='bbox 327 541 408 614; x_wconf 79' lang='grc' dir='ltr'><strong><em>ὅλων</em></strong></span> <span class='ocrx_word' id='word_1_16' title='bbox 427 551 653 628; x_wconf 73' lang='grc' dir='ltr'><strong><em>έμπιστενθείς</em></strong></span> <span class='ocrx_word' id='word_1_17' title='bbox 673 550 704 612; x_wconf 94' lang='grc' dir='ltr'><strong>Γ</strong></span> <span class='ocrx_word' id='word_1_18' title='bbox 702 545 832 630; x_wconf 76' lang='grc' dir='ltr'><strong><em>εαίργιος</em></strong></span> <span class='ocrx_word' id='word_1_19' title='bbox 864 550 978 623; x_wconf 77' lang='grc' dir='ltr'><strong><em>ἐκεῖνος</em></strong></span> <span class='ocrx_word' id='word_1_20' title='bbox 1001 545 1016 610; x_wconf 82' lang='grc' dir='ltr'>ὁ</span> <span class='ocrx_word' id='word_1_21' title='bbox 1043 541 1213 627; x_wconf 80' lang='grc' dir='ltr'><strong><em>Μανιοῖκης</em></strong></span> 
     </span>
     <span class='ocr_line' id='line_1_4' title="bbox 109 639 1212 734; baseline -0.005 -20"><span class='ocrx_word' id='word_1_22' title='bbox 109 648 268 734; x_wconf 73' lang='grc' dir='ltr'><strong><em>ἀμέσου</em></strong></span> <span class='ocrx_word' id='word_1_23' title='bbox 293 654 419 733; x_wconf 83' lang='grc' dir='ltr'><strong><em>γέγονε,</em></strong></span> <span class='ocrx_word' id='word_1_24' title='bbox 452 653 507 714; x_wconf 88' lang='grc' dir='ltr'><strong><em>καί</em></strong></span> <span class='ocrx_word' id='word_1_25' title='bbox 528 641 633 725; x_wconf 72' lang='grc' dir='ltr'><strong><em>ἄλλοις</em></strong></span> <span class='ocrx_word' id='word_1_26' title='bbox 656 650 791 734; x_wconf 75' lang='grc' dir='ltr'><strong>ἀνετέθη</strong></span> <span class='ocrx_word' id='word_1_27' title='bbox 813 647 849 713; x_wconf 77' lang='grc' dir='ltr'><strong>τοὶ</strong></span> <span class='ocrx_word' id='word_1_28' title='bbox 876 653 933 714; x_wconf 79' lang='grc' dir='ltr'><strong>τοῦ</strong></span> <span class='ocrx_word' id='word_1_29' title='bbox 961 649 1121 729; x_wconf 83' lang='grc' dir='ltr'><strong><em>πολέμου,</em></strong></span> <span class='ocrx_word' id='word_1_30' title='bbox 1153 639 1212 709; x_wconf 82' lang='grc' dir='ltr'><strong><em>κιίν</em></strong></span> 
     </span>
    </p>

    <p class='ocr_par' dir='ltr' id='par_1_3' title="bbox 34 745 1351 1839">
     <span class='ocr_line' id='line_1_5' title="bbox 71 745 1351 834; baseline -0.002 -22"><span class='ocrx_word' id='word_1_31' title='bbox 71 753 74 758; x_wconf 83' lang='lat'>&#39;</span> <span class='ocrx_word' id='word_1_32' title='bbox 113 746 174 812; x_wconf 75' lang='grc' dir='ltr'><strong>ὑπὸ</strong></span> <span class='ocrx_word' id='word_1_33' title='bbox 192 750 361 831; x_wconf 83' lang='grc' dir='ltr'><strong><em>Ῥωμαίοις</em></strong></span> <span class='ocrx_word' id='word_1_34' title='bbox 380 752 478 815; x_wconf 86' lang='grc' dir='ltr'><strong><em>έτέλει</em></strong></span> <span class='ocrx_word' id='word_1_35' title='bbox 501 751 572 815; x_wconf 83' lang='grc' dir='ltr'><strong><em>υννί</em></strong></span> <span class='ocrx_word' id='word_1_36' title='bbox 592 754 684 833; x_wconf 74' lang='grc' dir='ltr'><strong><em>νῆσος</em></strong></span> <span class='ocrx_word' id='word_1_37' title='bbox 705 745 788 814; x_wconf 76' lang='grc' dir='ltr'><strong><em>οὕτω</em></strong></span> <span class='ocrx_word' id='word_1_38' title='bbox 808 750 928 834; x_wconf 78' lang='grc' dir='ltr'><strong><em>μεγάλη</em></strong></span> <span class='ocrx_word' id='word_1_39' title='bbox 952 752 1009 812; x_wconf 82' lang='grc' dir='ltr'><strong><em>καέ-</em></strong></span> <span class='ocrx_word' id='word_1_40' title='bbox 1027 748 1212 831; x_wconf 79' lang='grc' dir='ltr'><strong><em>περιβόητος</em></strong></span> <span class='ocrx_word' id='word_1_41' title='bbox 1222 755 1243 810; x_wconf 85' lang='lat' dir='ltr'><strong>i.</strong></span> <span class='ocrx_word' id='word_1_42' title='bbox 1255 752 1306 809; x_wconf 81' lang='lat' dir='ltr'><strong>tos</strong></span> <span class='ocrx_word' id='word_1_43' title='bbox 1323 767 1351 810; x_wconf 80' lang='grc' dir='ltr'><strong>τ.</strong></span> 
     </span>
     <span class='ocr_line' id='line_1_6' title="bbox 88 845 1211 936; baseline 0 -26"><span class='ocrx_word' id='word_1_44' title='bbox 88 850 169 913; x_wconf 83' lang='grc' dir='ltr'><strong>5καί</strong></span> <span class='ocrx_word' id='word_1_45' title='bbox 187 846 298 913; x_wconf 85' lang='grc' dir='ltr'><strong><em>πόλεσι</em></strong></span> <span class='ocrx_word' id='word_1_46' title='bbox 321 853 555 936; x_wconf 85' lang='grc' dir='ltr'><strong><em>περιεζωσμένη</em></strong></span> <span class='ocrx_word' id='word_1_47' title='bbox 577 853 741 932; x_wconf 73' lang='grc' dir='ltr'><strong><em>μεγίσταις</em></strong></span> <span class='ocrx_word' id='word_1_48' title='bbox 764 853 820 915; x_wconf 82' lang='grc' dir='ltr'><strong><em>καί</em></strong></span> <span class='ocrx_word' id='word_1_49' title='bbox 850 855 912 914; x_wconf 72' lang='grc' dir='ltr'><strong><em>τοῖν</em></strong></span> <span class='ocrx_word' id='word_1_50' title='bbox 941 845 1044 914; x_wconf 76' lang='grc' dir='ltr'><strong><em>ἄλλων</em></strong></span> <span class='ocrx_word' id='word_1_51' title='bbox 1063 851 1211 932; x_wconf 78' lang='grc' dir='ltr'><strong><em>χρηστῶν</em></strong></span> 
     </span>
     <span class='ocr_line' id='line_1_7' title="bbox 114 943 1214 1038; baseline 0.008 -27"><span class='ocrx_word' id='word_1_52' title='bbox 114 949 245 1024; x_wconf 80' lang='grc' dir='ltr'><strong><em>οτίέενός</em></strong></span> <span class='ocrx_word' id='word_1_53' title='bbox 266 951 456 1016; x_wconf 71' lang='grc' dir='ltr'><strong><em>ἀποδέουσα.</em></strong></span> <span class='ocrx_word' id='word_1_54' title='bbox 501 953 557 1015; x_wconf 75' lang='grc' dir='ltr'><strong>νῦν</strong></span> <span class='ocrx_word' id='word_1_55' title='bbox 581 954 615 1014; x_wconf 78' lang='grc' dir='ltr'><strong>δὲ</strong></span> <span class='ocrx_word' id='word_1_56' title='bbox 639 951 655 1015; x_wconf 77' lang='grc' dir='ltr'>ὅ</span> <span class='ocrx_word' id='word_1_57' title='bbox 679 948 796 1038; x_wconf 73' lang='grc' dir='ltr'><strong><em>φθόνος</em></strong></span> <span class='ocrx_word' id='word_1_58' title='bbox 819 955 873 1016; x_wconf 86' lang='grc' dir='ltr'><strong><em>καί</em></strong></span> <span class='ocrx_word' id='word_1_59' title='bbox 893 954 947 1016; x_wconf 85' lang='grc' dir='ltr'><strong>τὸν</strong></span> <span class='ocrx_word' id='word_1_60' title='bbox 968 943 1069 1033; x_wconf 75' lang='grc' dir='ltr'><strong><em>ἄνδρα</em></strong></span> <span class='ocrx_word' id='word_1_61' title='bbox 1095 944 1214 1021; x_wconf 71' lang='grc' dir='ltr'><strong><em>καὶτὰς</em></strong></span> 
     </span>
     <span class='ocr_line' id='line_1_8' title="bbox 115 1044 1216 1136; baseline -0.005 -21"><span class='ocrx_word' id='word_1_62' title='bbox 115 1051 245 1134; x_wconf 72' lang='grc' dir='ltr'><strong><em>πράξεις</em></strong></span> <span class='ocrx_word' id='word_1_63' title='bbox 268 1056 322 1115; x_wconf 81' lang='grc' dir='ltr'><strong><em>κατ’</em></strong></span> <span class='ocrx_word' id='word_1_64' title='bbox 343 1057 493 1116; x_wconf 76' lang='grc' dir='ltr'><strong><em>τοσοῦτον</em></strong></span> <span class='ocrx_word' id='word_1_65' title='bbox 512 1054 745 1135; x_wconf 71' lang='grc' dir='ltr'><strong><em>κατειργάσατο</em></strong></span> <span class='ocrx_word' id='word_1_66' title='bbox 766 1051 871 1136; x_wconf 86' lang='grc' dir='ltr'><strong><em>ἔργον·</em></strong></span> <span class='ocrx_word' id='word_1_67' title='bbox 916 1054 1058 1134; x_wconf 68' lang='grc' dir='ltr'><strong><em>αἰσχροῖς</em></strong></span> <span class='ocrx_word' id='word_1_68' title='bbox 1079 1045 1140 1131; x_wconf 77' lang='grc' dir='ltr'><strong><em>γαρ</em></strong></span> <span class='ocrx_word' id='word_1_69' title='bbox 1161 1044 1216 1111; x_wconf 83' lang='grc' dir='ltr'><strong><em>καί</em></strong></span> 
     </span>
     <span class='ocr_line' id='line_1_9' title="bbox 116 1147 1216 1236; baseline -0.005 -22"><span class='ocrx_word' id='word_1_70' title='bbox 116 1151 252 1234; x_wconf 82' lang='grc' dir='ltr'><strong><em>α’γεννιός</em></strong></span> <span class='ocrx_word' id='word_1_71' title='bbox 283 1156 549 1234; x_wconf 75' lang='grc' dir='ltr'><strong><em>βουλευσαμένων</em></strong></span> <span class='ocrx_word' id='word_1_72' title='bbox 573 1156 635 1216; x_wconf 80' lang='grc' dir='ltr'><strong>τῶν</strong></span> <span class='ocrx_word' id='word_1_73' title='bbox 666 1147 802 1236; x_wconf 71' lang='grc' dir='ltr'><strong><em>ὕστερον</em></strong></span> <span class='ocrx_word' id='word_1_74' title='bbox 831 1155 1016 1235; x_wconf 72' lang='grc' dir='ltr'><strong><em>στρατηγῶν</em></strong></span> <span class='ocrx_word' id='word_1_75' title='bbox 1045 1148 1104 1214; x_wconf 70' lang='lat' dir='ltr'><strong>oria</strong></span> <span class='ocrx_word' id='word_1_76' title='bbox 1136 1147 1216 1232; x_wconf 80' lang='grc' dir='ltr'><strong><em>ου’τῇ</em></strong></span> 
     </span>
     <span class='ocr_line' id='line_1_10' title="bbox 34 1245 1217 1336; baseline -0.006 -22"><span class='ocrx_word' id='word_1_77' title='bbox 34 1261 36 1266; x_wconf 78' lang='grc'><strong>“</strong></span> <span class='ocrx_word' id='word_1_78' title='bbox 116 1248 173 1314; x_wconf 71' lang='grc' dir='ltr'><strong><em>κατ’</em></strong></span> <span class='ocrx_word' id='word_1_79' title='bbox 196 1247 230 1314; x_wconf 81' lang='grc' dir='ltr'><strong>τὸ</strong></span> <span class='ocrx_word' id='word_1_80' title='bbox 257 1258 416 1321; x_wconf 81' lang='grc' dir='ltr'><strong><em>πλεῖστον,</em></strong></span> <span class='ocrx_word' id='word_1_81' title='bbox 431 1259 487 1317; x_wconf 77' lang='lat' dir='ltr'><strong>rori</strong></span> <span class='ocrx_word' id='word_1_82' title='bbox 508 1250 745 1336; x_wconf 79' lang='grc' dir='ltr'><strong><em>στρατεύματος</em></strong></span> <span class='ocrx_word' id='word_1_83' title='bbox 768 1249 926 1317; x_wconf 81' lang='grc' dir='ltr'><strong><em>α’πολιέλει</em></strong></span> <span class='ocrx_word' id='word_1_84' title='bbox 951 1252 1132 1332; x_wconf 83' lang='grc' dir='ltr'><strong><em>Ῥωμαίοις.</em></strong></span> <span class='ocrx_word' id='word_1_85' title='bbox 1177 1245 1217 1308; x_wconf 91' lang='grc' dir='ltr'><strong>ου’</strong></span> 
     </span>
     <span class='ocr_line' id='line_1_11' title="bbox 72 1345 1217 1434; baseline -0.003 -21"><span class='ocrx_word' id='word_1_86' title='bbox 72 1347 179 1434; x_wconf 75' lang='grc' dir='ltr'><strong><em>λθμῆν</em></strong></span> <span class='ocrx_word' id='word_1_87' title='bbox 202 1353 236 1416; x_wconf 83' lang='grc' dir='ltr'><strong>δέ</strong></span> <span class='ocrx_word' id='word_1_88' title='bbox 258 1351 338 1415; x_wconf 75' lang='grc' dir='ltr'><strong><em>α’λλιί</em></strong></span> <span class='ocrx_word' id='word_1_89' title='bbox 360 1351 414 1416; x_wconf 86' lang='grc' dir='ltr'><strong><em>καί</em></strong></span> <span class='ocrx_word' id='word_1_90' title='bbox 435 1353 468 1417; x_wconf 81' lang='grc' dir='ltr'><strong>οἳ</strong></span> <span class='ocrx_word' id='word_1_91' title='bbox 489 1377 563 1416; x_wconf 85' lang='grc' dir='ltr'><strong><em>ποτε</em></strong></span> <span class='ocrx_word' id='word_1_92' title='bbox 579 1351 748 1434; x_wconf 79' lang='grc' dir='ltr'><strong><em>σύμμαχοι</em></strong></span> <span class='ocrx_word' id='word_1_93' title='bbox 769 1355 823 1416; x_wconf 89' lang='grc' dir='ltr'><strong><em>καί</em></strong></span> <span class='ocrx_word' id='word_1_94' title='bbox 843 1357 897 1434; x_wconf 78' lang='grc' dir='ltr'><strong>τῆς</strong></span> <span class='ocrx_word' id='word_1_95' title='bbox 919 1349 1127 1423; x_wconf 75' lang='grc' dir='ltr'><strong><em>ἰσοπολιτείας</em></strong></span> <span class='ocrx_word' id='word_1_96' title='bbox 1143 1345 1217 1430; x_wconf 73' lang='grc' dir='ltr'><strong><em>ἡμῖν</em></strong></span> 
     </span>
     <span class='ocr_line' id='line_1_12' title="bbox 114 1444 1218 1537; baseline -0.005 -23"><span class='ocrx_word' id='word_1_97' title='bbox 114 1454 377 1534; x_wconf 77' lang='grc' dir='ltr'><strong><em>συμμετέχοντες,</em></strong></span> <span class='ocrx_word' id='word_1_98' title='bbox 400 1449 442 1529; x_wconf 71' lang='grc' dir='ltr'><strong><em>ὥς</em></strong></span> <span class='ocrx_word' id='word_1_99' title='bbox 466 1456 520 1518; x_wconf 80' lang='grc' dir='ltr'><strong><em>καί</em></strong></span> <span class='ocrx_word' id='word_1_100' title='bbox 552 1455 654 1535; x_wconf 75' lang='grc' dir='ltr'><strong><em>ου’τῆς</em></strong></span> <span class='ocrx_word' id='word_1_101' title='bbox 687 1457 744 1534; x_wconf 75' lang='grc' dir='ltr'><strong>τῆς</strong></span> <span class='ocrx_word' id='word_1_102' title='bbox 764 1456 953 1537; x_wconf 66' lang='grc' dir='ltr'><strong><em>θρησκείας,</em></strong></span> <span class='ocrx_word' id='word_1_103' title='bbox 979 1447 1129 1530; x_wconf 71' lang='grc' dir='ltr'><strong><em>Ἀλβανοὶ</em></strong></span> <span class='ocrx_word' id='word_1_104' title='bbox 1163 1444 1218 1509; x_wconf 87' lang='grc' dir='ltr'><strong><em>καί</em></strong></span> 
     </span>
     <span class='ocr_line' id='line_1_13' title="bbox 63 1543 1217 1638; baseline -0.006 -22"><span class='ocrx_word' id='word_1_105' title='bbox 63 1543 67 1550; x_wconf 58' lang='grc'><strong>’</strong></span> <span class='ocrx_word' id='word_1_106' title='bbox 115 1555 252 1617; x_wconf 82' lang='grc' dir='ltr'><strong><em>Λατῖνοι</em></strong></span> <span class='ocrx_word' id='word_1_107' title='bbox 274 1545 342 1616; x_wconf 76' lang='grc' dir='ltr'><strong><em>ὅσοι</em></strong></span> <span class='ocrx_word' id='word_1_108' title='bbox 364 1551 443 1634; x_wconf 79' lang='grc' dir='ltr'><strong><em>μετὰ</em></strong></span> <span class='ocrx_word' id='word_1_109' title='bbox 467 1552 523 1637; x_wconf 77' lang='grc' dir='ltr'><strong>την</strong></span> <span class='ocrx_word' id='word_1_110' title='bbox 544 1550 691 1636; x_wconf 79' lang='grc' dir='ltr'><strong><em>ἓσπερίαν</em></strong></span> <span class='ocrx_word' id='word_1_111' title='bbox 708 1553 832 1638; x_wconf 78' lang='grc' dir='ltr'><strong><em>Ῥώμην</em></strong></span> <span class='ocrx_word' id='word_1_112' title='bbox 853 1560 916 1628; x_wconf 83' lang='grc' dir='ltr'><strong><em>τοῖς</em></strong></span> <span class='ocrx_word' id='word_1_113' title='bbox 948 1552 1109 1623; x_wconf 79' lang='grc' dir='ltr'><strong><em>Ἰταλικοῖς</em></strong></span> <span class='ocrx_word' id='word_1_114' title='bbox 1135 1553 1217 1630; x_wconf 92' lang='grc' dir='ltr'><strong><em>πλη-</em></strong></span> 
     </span>
     <span class='ocr_line' id='line_1_14' title="bbox 115 1648 1217 1738; baseline -0.005 -22"><span class='ocrx_word' id='word_1_115' title='bbox 115 1649 262 1730; x_wconf 80' lang='grc' dir='ltr'><strong><em>σιάζουσι</em></strong></span> <span class='ocrx_word' id='word_1_116' title='bbox 283 1655 406 1736; x_wconf 79' lang='grc' dir='ltr'><strong><em>μέρεσι,</em></strong></span> <span class='ocrx_word' id='word_1_117' title='bbox 426 1659 571 1734; x_wconf 85' lang='grc' dir='ltr'><strong><em>πολέμιοι</em></strong></span> <span class='ocrx_word' id='word_1_118' title='bbox 595 1653 859 1738; x_wconf 70' lang='grc' dir='ltr'><strong><em>παραλογώτατα</em></strong></span> <span class='ocrx_word' id='word_1_119' title='bbox 882 1648 1103 1737; x_wconf 76' lang='grc' dir='ltr'><strong><em>ἐχρημάτισαν</em></strong></span> <span class='ocrx_word' id='word_1_120' title='bbox 1117 1651 1217 1730; x_wconf 81' lang='grc' dir='ltr'><strong><em>ε’μπε-</em></strong></span> 
     </span>
     <span class='ocr_line' id='line_1_15' title="bbox 115 1749 1218 1839; baseline -0.002 -25"><span class='ocrx_word' id='word_1_121' title='bbox 115 1750 331 1839; x_wconf 82' lang='grc' dir='ltr'><strong><em>παρρινηκότος</em></strong></span> <span class='ocrx_word' id='word_1_122' title='bbox 353 1757 397 1830; x_wconf 90' lang='grc' dir='ltr'><strong>εἰς</strong></span> <span class='ocrx_word' id='word_1_123' title='bbox 419 1753 474 1820; x_wconf 80' lang='grc' dir='ltr'><strong>τὸν</strong></span> <span class='ocrx_word' id='word_1_124' title='bbox 498 1749 637 1837; x_wconf 76' lang='grc' dir='ltr'><strong><em>ἄρχοντα</em></strong></span> <span class='ocrx_word' id='word_1_125' title='bbox 664 1752 783 1819; x_wconf 73' lang='grc' dir='ltr'><strong><em>τούτων</em></strong></span> <span class='ocrx_word' id='word_1_126' title='bbox 811 1758 869 1818; x_wconf 82' lang='grc' dir='ltr'><strong>τοῦ</strong></span> <span class='ocrx_word' id='word_1_127' title='bbox 895 1753 964 1819; x_wconf 88' lang='grc' dir='ltr'><strong><em>τότε</em></strong></span> <span class='ocrx_word' id='word_1_128' title='bbox 994 1749 1050 1836; x_wconf 77' lang='grc' dir='ltr'><strong>τηί·</strong></span> <span class='ocrx_word' id='word_1_129' title='bbox 1076 1773 1218 1832; x_wconf 85' lang='grc' dir='ltr'><strong><em>στρατη-</em></strong></span> 
     </span>
    </p>

    <p class='ocr_par' dir='ltr' id='par_1_4' title="bbox 70 1851 958 1940">
     <span class='ocr_line' id='line_1_16' title="bbox 70 1851 958 1940; baseline -0.001 -20"><span class='ocrx_word' id='word_1_130' title='bbox 70 1866 105 1920; x_wconf 83' lang='grc'><strong>15</strong></span> <span class='ocrx_word' id='word_1_131' title='bbox 115 1855 189 1934; x_wconf 87' lang='grc' dir='ltr'><strong>γιάν</strong></span> <span class='ocrx_word' id='word_1_132' title='bbox 213 1851 378 1930; x_wconf 74' lang='grc' dir='ltr'><strong><em>ἰθένσντος</em></strong></span> <span class='ocrx_word' id='word_1_133' title='bbox 400 1854 539 1940; x_wconf 70' lang='grc' dir='ltr'><strong><em>Μιχαὴλ</em></strong></span> <span class='ocrx_word' id='word_1_134' title='bbox 561 1854 673 1931; x_wconf 80' lang='grc' dir='ltr'><strong><em>δουκός</em></strong></span> <span class='ocrx_word' id='word_1_135' title='bbox 693 1859 750 1919; x_wconf 77' lang='grc' dir='ltr'><strong>τοῦ</strong></span> <span class='ocrx_word' id='word_1_136' title='bbox 770 1858 958 1922; x_wconf 80' lang='grc' dir='ltr'><strong><em>Δοκειανοῦ.</em></strong></span> 
     </span>
    </p>

    <p class='ocr_par' dir='ltr' id='par_1_5' title="bbox 68 1947 1350 2651">
     <span class='ocr_line' id='line_1_17' title="bbox 212 1947 1219 2040; baseline -0.004 -22"><span class='ocrx_word' id='word_1_137' title='bbox 212 1951 309 2018; x_wconf 59' lang='lat' dir='ltr'><strong>zotto</strong></span> <span class='ocrx_word' id='word_1_138' title='bbox 331 1960 406 2038; x_wconf 79' lang='lat' dir='ltr'><strong>aspi</strong></span> <span class='ocrx_word' id='word_1_139' title='bbox 426 1960 485 2037; x_wconf 84' lang='grc' dir='ltr'><strong><em>μέν</em></strong></span> <span class='ocrx_word' id='word_1_140' title='bbox 503 1956 620 2022; x_wconf 78' lang='grc' dir='ltr'><strong><em>τούτων</em></strong></span> <span class='ocrx_word' id='word_1_141' title='bbox 634 1951 723 2032; x_wconf 76' lang='grc' dir='ltr'><strong><em>ἅλις·</em></strong></span> <span class='ocrx_word' id='word_1_142' title='bbox 770 1959 885 2021; x_wconf 81' lang='grc' dir='ltr'><strong><em>Μυσοί</em></strong></span> <span class='ocrx_word' id='word_1_143' title='bbox 908 1959 952 2040; x_wconf 80' lang='grc' dir='ltr'><strong><em>(λε’,</em></strong></span> <span class='ocrx_word' id='word_1_144' title='bbox 964 1947 1012 2030; x_wconf 86' lang='grc' dir='ltr'><strong><em>οἰς</em></strong></span> <span class='ocrx_word' id='word_1_145' title='bbox 1024 1950 1125 2035; x_wconf 78' lang='grc' dir='ltr'><strong><em>εἰδικίη</em></strong></span> <span class='ocrx_word' id='word_1_146' title='bbox 1138 1974 1219 2032; x_wconf 88' lang='grc' dir='ltr'><strong><em>προ-</em></strong></span> 
     </span>
     <span class='ocr_line' id='line_1_18' title="bbox 115 2045 1218 2141; baseline -0.001 -24"><span class='ocrx_word' id='word_1_147' title='bbox 115 2058 249 2137; x_wconf 87' lang='grc' dir='ltr'><strong><em>σηγοριά</em></strong></span> <span class='ocrx_word' id='word_1_148' title='bbox 277 2055 312 2118; x_wconf 82' lang='grc' dir='ltr'><strong><em>τί</em></strong></span> <span class='ocrx_word' id='word_1_149' title='bbox 345 2061 410 2121; x_wconf 80' lang='grc' dir='ltr'><strong>τιὸν</strong></span> <span class='ocrx_word' id='word_1_150' title='bbox 440 2058 638 2140; x_wconf 81' lang='grc' dir='ltr'><strong><em>Βουλγᾰριον</em></strong></span> <span class='ocrx_word' id='word_1_151' title='bbox 669 2057 860 2141; x_wconf 71' lang='grc' dir='ltr'><strong><em>καθέστηκεν</em></strong></span> <span class='ocrx_word' id='word_1_152' title='bbox 886 2045 1010 2137; x_wconf 76' lang='grc' dir='ltr'><strong><em>ὄνομα,</em></strong></span> <span class='ocrx_word' id='word_1_153' title='bbox 1046 2054 1218 2136; x_wconf 78' lang='grc' dir='ltr'><strong><em>τηνικαῦτα</em></strong></span> 
     </span>
     <span class='ocr_line' id='line_1_19' title="bbox 115 2147 1218 2240; baseline 0.001 -25"><span class='ocrx_word' id='word_1_154' title='bbox 115 2150 190 2229; x_wconf 78' lang='grc' dir='ltr'><strong><em>τούς</em></strong></span> <span class='ocrx_word' id='word_1_155' title='bbox 207 2155 260 2238; x_wconf 82' lang='grc' dir='ltr'><strong>τῆς</strong></span> <span class='ocrx_word' id='word_1_156' title='bbox 283 2155 466 2234; x_wconf 80' lang='grc' dir='ltr'><strong><em>έουλώσεως</em></strong></span> <span class='ocrx_word' id='word_1_157' title='bbox 491 2153 729 2231; x_wconf 79' lang='grc' dir='ltr'><strong><em>α’ποπττίσαντες</em></strong></span> <span class='ocrx_word' id='word_1_158' title='bbox 758 2154 913 2240; x_wconf 78' lang='grc' dir='ltr'><strong><em>χαλινούς</em></strong></span> <span class='ocrx_word' id='word_1_159' title='bbox 944 2157 989 2231; x_wconf 89' lang='grc' dir='ltr'><strong>εἰς</strong></span> <span class='ocrx_word' id='word_1_160' title='bbox 1020 2147 1218 2218; x_wconf 82' lang='grc' dir='ltr'><strong><em>σῖποστασιάν</em></strong></span> 
     </span>
     <span class='ocr_line' id='line_1_20' title="bbox 114 2254 1217 2342; baseline -0.005 -24"><span class='ocrx_word' id='word_1_161' title='bbox 114 2259 424 2341; x_wconf 82' lang='grc' dir='ltr'><strong><em>προκεχωρήκεσαν,</em></strong></span> <span class='ocrx_word' id='word_1_162' title='bbox 444 2255 507 2324; x_wconf 72' lang='grc' dir='ltr'><strong>Ικαί</strong></span> <span class='ocrx_word' id='word_1_163' title='bbox 529 2255 585 2325; x_wconf 78' lang='grc' dir='ltr'><strong>τὸν</strong></span> <span class='ocrx_word' id='word_1_164' title='bbox 612 2265 748 2342; x_wconf 80' lang='grc' dir='ltr'><strong><em>βασιλέα</em></strong></span> <span class='ocrx_word' id='word_1_165' title='bbox 772 2256 846 2338; x_wconf 77' lang='grc' dir='ltr'><strong><em>περὶ</em></strong></span> <span class='ocrx_word' id='word_1_166' title='bbox 867 2255 906 2321; x_wconf 80' lang='grc' dir='ltr'><strong>τοὶ</strong></span> <span class='ocrx_word' id='word_1_167' title='bbox 936 2254 982 2319; x_wconf 83' lang='grc' dir='ltr'><strong><em>έν·</em></strong></span> <span class='ocrx_word' id='word_1_168' title='bbox 1001 2256 1217 2338; x_wconf 75' lang='grc' dir='ltr'><strong><em>Θεσσαλονίκη</em></strong></span> 
     </span>
     <span class='ocr_line' id='line_1_21' title="bbox 68 2351 1218 2447; baseline -0.007 -25"><span class='ocrx_word' id='word_1_169' title='bbox 68 2367 105 2422; x_wconf 81' lang='lat'><strong>20</strong></span> <span class='ocrx_word' id='word_1_170' title='bbox 116 2359 319 2438; x_wconf 79' lang='grc' dir='ltr'><strong><em>διατρίβοντα</em></strong></span> <span class='ocrx_word' id='word_1_171' title='bbox 343 2354 429 2444; x_wconf 76' lang='grc' dir='ltr'><strong><em>ὅρια,</em></strong></span> <span class='ocrx_word' id='word_1_172' title='bbox 451 2365 506 2427; x_wconf 90' lang='grc' dir='ltr'><strong><em>καί</em></strong></span> <span class='ocrx_word' id='word_1_173' title='bbox 525 2363 642 2441; x_wconf 85' lang='grc' dir='ltr'><strong><em>μόνους</em></strong></span> <span class='ocrx_word' id='word_1_174' title='bbox 664 2359 738 2436; x_wconf 79' lang='grc' dir='ltr'><strong><em>τούς</em></strong></span> <span class='ocrx_word' id='word_1_175' title='bbox 761 2363 795 2424; x_wconf 83' lang='grc' dir='ltr'><strong><em>έν</em></strong></span> <span class='ocrx_word' id='word_1_176' title='bbox 817 2363 854 2447; x_wconf 81' lang='grc' dir='ltr'><strong>τῇ</strong></span> <span class='ocrx_word' id='word_1_177' title='bbox 877 2357 962 2444; x_wconf 72' lang='grc' dir='ltr'><strong><em>αὐλῇ</em></strong></span> <span class='ocrx_word' id='word_1_178' title='bbox 983 2351 1218 2439; x_wconf 77' lang='grc' dir='ltr'><strong><em>σωματοφύλα-</em></strong></span> 
     </span>
     <span class='ocr_line' id='line_1_22' title="bbox 114 2455 1218 2552; baseline -0.005 -31"><span class='ocrx_word' id='word_1_179' title='bbox 114 2483 173 2533; x_wconf 84' lang='grc' dir='ltr'><strong>κας</strong></span> <span class='ocrx_word' id='word_1_180' title='bbox 194 2457 307 2541; x_wconf 78' lang='grc' dir='ltr'><strong><em>ἔχοντα</em></strong></span> <span class='ocrx_word' id='word_1_181' title='bbox 328 2459 370 2536; x_wconf 80' lang='grc' dir='ltr'><strong><em>οὸς</em></strong></span> <span class='ocrx_word' id='word_1_182' title='bbox 392 2462 445 2527; x_wconf 77' lang='grc' dir='ltr'><strong><em>διὰ</em></strong></span> <span class='ocrx_word' id='word_1_183' title='bbox 468 2466 577 2552; x_wconf 88' lang='grc' dir='ltr'><strong><em>φιλίας</em></strong></span> <span class='ocrx_word' id='word_1_184' title='bbox 601 2459 817 2546; x_wconf 74' lang='grc' dir='ltr'><strong><em>παροδεύοντα</em></strong></span> <span class='ocrx_word' id='word_1_185' title='bbox 836 2462 910 2543; x_wconf 76' lang='grc' dir='ltr'><strong><em>γῆς,</em></strong></span> <span class='ocrx_word' id='word_1_186' title='bbox 932 2460 1050 2541; x_wconf 78' lang='grc' dir='ltr'><strong><em>ἰταμῶς</em></strong></span> <span class='ocrx_word' id='word_1_187' title='bbox 1064 2455 1218 2520; x_wconf 75' lang='grc' dir='ltr'><strong><em>συνεδίω-</em></strong></span> 
     </span>
     <span class='ocr_line' id='line_1_23' title="bbox 93 2553 1218 2651; baseline -0.006 -28"><span class='ocrx_word' id='word_1_188' title='bbox 93 2645 97 2650; x_wconf 26' lang='lat'>¹</span> <span class='ocrx_word' id='word_1_189' title='bbox 115 2563 190 2638; x_wconf 82' lang='grc' dir='ltr'><strong><em>ξαν·</em></strong></span> <span class='ocrx_word' id='word_1_190' title='bbox 233 2561 408 2643; x_wconf 77' lang='grc' dir='ltr'><strong><em>ἐξαρτύσας</em></strong></span> <span class='ocrx_word' id='word_1_191' title='bbox 429 2565 458 2629; x_wconf 80' lang='grc' dir='ltr'><strong>δ”</strong></span> <span class='ocrx_word' id='word_1_192' title='bbox 479 2553 570 2639; x_wconf 75' lang='grc' dir='ltr'><strong><em>οὗτος</em></strong></span> <span class='ocrx_word' id='word_1_193' title='bbox 597 2555 665 2644; x_wconf 79' lang='grc' dir='ltr'><strong><em>ἅμα</em></strong></span> <span class='ocrx_word' id='word_1_194' title='bbox 688 2564 732 2651; x_wconf 72' lang='grc' dir='ltr'><strong>τῷ</strong></span> <span class='ocrx_word' id='word_1_195' title='bbox 744 2564 789 2638; x_wconf 86' lang='grc' dir='ltr'><strong>εἰς</strong></span> <span class='ocrx_word' id='word_1_196' title='bbox 803 2562 859 2646; x_wconf 75' lang='grc' dir='ltr'><strong>τὴν</strong></span> <span class='ocrx_word' id='word_1_197' title='bbox 868 2557 1104 2643; x_wconf 77' lang='grc' dir='ltr'><strong><em>βασιλεύουσαν</em></strong></span> <span class='ocrx_word' id='word_1_198' title='bbox 1119 2554 1218 2621; x_wconf 86' lang='grc' dir='ltr'><strong><em>εἰσιέ-</em></strong></span> 
     </span>
    </p>
   </div>
   <div class='ocr_carea' id='block_1_3' title="bbox 113 2815 1423 3812">
    <p class='ocr_par' dir='ltr' id='par_1_6' title="bbox 115 2815 1215 2885">
     <span class='ocr_line' id='line_1_24' title="bbox 115 2815 1215 2885; baseline -0.006 -15"><span class='ocrx_word' id='word_1_199' title='bbox 115 2816 302 2885; x_wconf 71' lang='lat' dir='ltr'><strong>agarenorum</strong></span> <span class='ocrx_word' id='word_1_200' title='bbox 318 2820 393 2871; x_wconf 85' lang='lat' dir='ltr'><strong>natio</strong></span> <span class='ocrx_word' id='word_1_201' title='bbox 412 2821 577 2874; x_wconf 80' lang='lat' dir='ltr'><strong>omittentem</strong></span> <span class='ocrx_word' id='word_1_202' title='bbox 596 2833 691 2872; x_wconf 83' lang='lat' dir='ltr'><strong>versus</strong></span> <span class='ocrx_word' id='word_1_203' title='bbox 709 2819 739 2870; x_wconf 90' lang='lat' dir='ltr'><strong>in</strong></span> <span class='ocrx_word' id='word_1_204' title='bbox 759 2816 851 2871; x_wconf 85' lang='lat' dir='ltr'><strong>Sicilia</strong></span> <span class='ocrx_word' id='word_1_205' title='bbox 868 2816 1010 2872; x_wconf 79' lang='lat' dir='ltr'><strong>navalibus</strong></span> <span class='ocrx_word' id='word_1_206' title='bbox 1029 2822 1061 2870; x_wconf 82' lang='lat' dir='ltr'><strong>et</strong></span> <span class='ocrx_word' id='word_1_207' title='bbox 1075 2815 1215 2868; x_wconf 86' lang='lat' dir='ltr'><strong>terrestri.</strong></span> 
     </span>
    </p>

    <p class='ocr_par' dir='ltr' id='par_1_7' title="bbox 117 2885 1215 2959">
     <span class='ocr_line' id='line_1_25' title="bbox 117 2885 1215 2959; baseline -0.001 -21"><span class='ocrx_word' id='word_1_208' title='bbox 117 2887 169 2938; x_wconf 90' lang='lat' dir='ltr'><strong>bus</strong></span> <span class='ocrx_word' id='word_1_209' title='bbox 189 2885 349 2940; x_wconf 87' lang='lat' dir='ltr'><strong>Graeoomm</strong></span> <span class='ocrx_word' id='word_1_210' title='bbox 373 2891 495 2956; x_wconf 79' lang='lat' dir='ltr'><strong>viribus,</strong></span> <span class='ocrx_word' id='word_1_211' title='bbox 521 2897 601 2959; x_wconf 90' lang='lat' dir='ltr'><strong>atque</strong></span> <span class='ocrx_word' id='word_1_212' title='bbox 626 2891 677 2941; x_wconf 92' lang='lat' dir='ltr'><strong>nisi</strong></span> <span class='ocrx_word' id='word_1_213' title='bbox 704 2887 1049 2942; x_wconf 83' lang='lat' dir='ltr'><strong>ucensatus·dominationis</strong></span> <span class='ocrx_word' id='word_1_214' title='bbox 1068 2902 1215 2954; x_wconf 85' lang='lat' dir='ltr'><strong>capessen-</strong></span> 
     </span>
    </p>

    <p class='ocr_par' dir='ltr' id='par_1_8' title="bbox 116 2957 1309 3171">
     <span class='ocr_line' id='line_1_26' title="bbox 118 2957 1290 3030; baseline -0.003 -20"><span class='ocrx_word' id='word_1_215' title='bbox 118 2959 188 3022; x_wconf 78' lang='lat' dir='ltr'><strong>dae,</strong></span> <span class='ocrx_word' id='word_1_216' title='bbox 211 2959 287 3010; x_wconf 91' lang='lat' dir='ltr'><strong>onius</strong></span> <span class='ocrx_word' id='word_1_217' title='bbox 306 2961 367 3011; x_wconf 88' lang='lat' dir='ltr'><strong>iidei</strong></span> <span class='ocrx_word' id='word_1_218' title='bbox 380 2962 521 3030; x_wconf 86' lang='lat' dir='ltr'><strong>imperium</strong></span> <span class='ocrx_word' id='word_1_219' title='bbox 541 2963 694 3012; x_wconf 86' lang='lat' dir='ltr'><strong>universum</strong></span> <span class='ocrx_word' id='word_1_220' title='bbox 713 2963 800 3013; x_wconf 90' lang='lat' dir='ltr'><strong>datum</strong></span> <span class='ocrx_word' id='word_1_221' title='bbox 821 2970 878 3012; x_wconf 87' lang='lat' dir='ltr'><strong>erat</strong></span> <span class='ocrx_word' id='word_1_222' title='bbox 897 2960 1027 3027; x_wconf 78' lang='lat' dir='ltr'><strong>Georgius</strong></span> <span class='ocrx_word' id='word_1_223' title='bbox 1046 2957 1216 3012; x_wconf 82' lang='lat' dir='ltr'><strong>illellania.</strong></span> <span class='ocrx_word' id='word_1_224' title='bbox 1281 2976 1290 3024; x_wconf 63' lang='grc' dir='ltr'><strong><em>ι</em></strong></span> 
     </span>
     <span class='ocr_line' id='line_1_27' title="bbox 118 3027 1309 3099; baseline -0.002 -19"><span class='ocrx_word' id='word_1_225' title='bbox 118 3044 199 3082; x_wconf 83' lang='lat' dir='ltr'><strong>oeae</strong></span> <span class='ocrx_word' id='word_1_226' title='bbox 218 3030 306 3082; x_wconf 90' lang='lat' dir='ltr'><strong>medio</strong></span> <span class='ocrx_word' id='word_1_227' title='bbox 326 3030 445 3086; x_wconf 83' lang='lat' dir='ltr'><strong>sublatus</strong></span> <span class='ocrx_word' id='word_1_228' title='bbox 466 3040 546 3098; x_wconf 86' lang='lat' dir='ltr'><strong>esset,</strong></span> <span class='ocrx_word' id='word_1_229' title='bbox 570 3041 596 3083; x_wconf 86' lang='lat' dir='ltr'><strong>et</strong></span> <span class='ocrx_word' id='word_1_230' title='bbox 613 3032 675 3084; x_wconf 88' lang='lat' dir='ltr'><strong>aliis</strong></span> <span class='ocrx_word' id='word_1_231' title='bbox 694 3033 836 3099; x_wconf 71' lang='lat' dir='ltr'><strong>impositae</strong></span> <span class='ocrx_word' id='word_1_232' title='bbox 858 3039 948 3084; x_wconf 88' lang='lat' dir='ltr'><strong>essent</strong></span> <span class='ocrx_word' id='word_1_233' title='bbox 960 3045 1005 3083; x_wconf 86' lang='lat' dir='ltr'><strong>res</strong></span> <span class='ocrx_word' id='word_1_234' title='bbox 1015 3027 1142 3091; x_wconf 88' lang='lat' dir='ltr'><strong>bellicae,</strong></span> <span class='ocrx_word' id='word_1_235' title='bbox 1157 3029 1216 3080; x_wconf 90' lang='lat' dir='ltr'><strong>lor.</strong></span> <span class='ocrx_word' id='word_1_236' title='bbox 1288 3027 1309 3078; x_wconf 59' lang='grc' dir='ltr'>Χ</span> 
     </span>
     <span class='ocr_line' id='line_1_28' title="bbox 116 3098 1217 3171; baseline -0.004 -19"><span class='ocrx_word' id='word_1_237' title='bbox 116 3108 189 3152; x_wconf 76' lang='lat' dir='ltr'><strong>tasse</strong></span> <span class='ocrx_word' id='word_1_238' title='bbox 209 3100 317 3153; x_wconf 83' lang='lat' dir='ltr'><strong>Graecis</strong></span> <span class='ocrx_word' id='word_1_239' title='bbox 335 3118 405 3154; x_wconf 91' lang='lat' dir='ltr'><strong>nuno</strong></span> <span class='ocrx_word' id='word_1_240' title='bbox 426 3111 497 3156; x_wconf 89' lang='lat' dir='ltr'><strong>esset</strong></span> <span class='ocrx_word' id='word_1_241' title='bbox 509 3103 637 3167; x_wconf 33' lang='lat' dir='ltr'><strong>‘subiecta</strong></span> <span class='ocrx_word' id='word_1_242' title='bbox 655 3102 744 3154; x_wconf 88' lang='lat' dir='ltr'><strong>insula</strong></span> <span class='ocrx_word' id='word_1_243' title='bbox 762 3111 814 3154; x_wconf 82' lang='lat' dir='ltr'><strong>tam</strong></span> <span class='ocrx_word' id='word_1_244' title='bbox 840 3118 935 3171; x_wconf 74' lang='lat' dir='ltr'><strong>magna</strong></span> <span class='ocrx_word' id='word_1_245' title='bbox 954 3109 1035 3168; x_wconf 87' lang='lat' dir='ltr'><strong>atque</strong></span> <span class='ocrx_word' id='word_1_246' title='bbox 1055 3098 1170 3151; x_wconf 87' lang='lat' dir='ltr'><strong>celebris</strong></span> <span class='ocrx_word' id='word_1_247' title='bbox 1190 3105 1217 3149; x_wconf 90' lang='lat' dir='ltr'><strong>et</strong></span> 
     </span>
    </p>

    <p class='ocr_par' dir='ltr' id='par_1_9' title="bbox 113 3170 1423 3812">
     <span class='ocr_line' id='line_1_29' title="bbox 116 3170 1319 3243; baseline 0.002 -21"><span class='ocrx_word' id='word_1_248' title='bbox 116 3170 227 3222; x_wconf 82' lang='lat' dir='ltr'>urbibus</span> <span class='ocrx_word' id='word_1_249' title='bbox 246 3173 332 3224; x_wconf 88' lang='lat' dir='ltr'><strong>cineta</strong></span> <span class='ocrx_word' id='word_1_250' title='bbox 350 3177 470 3227; x_wconf 86' lang='lat' dir='ltr'><strong>maximis</strong></span> <span class='ocrx_word' id='word_1_251' title='bbox 488 3189 578 3243; x_wconf 85' lang='lat' dir='ltr'><strong>neque</strong></span> <span class='ocrx_word' id='word_1_252' title='bbox 597 3182 748 3226; x_wconf 89' lang='lat' dir='ltr'><strong>ceterorum</strong></span> <span class='ocrx_word' id='word_1_253' title='bbox 772 3174 901 3226; x_wconf 88' lang='lat' dir='ltr'><strong>bonorum</strong></span> <span class='ocrx_word' id='word_1_254' title='bbox 928 3171 986 3224; x_wconf 92' lang='lat' dir='ltr'><strong>ullo</strong></span> <span class='ocrx_word' id='word_1_255' title='bbox 1006 3185 1109 3223; x_wconf 88' lang='lat' dir='ltr'><strong>carens.</strong></span> <span class='ocrx_word' id='word_1_256' title='bbox 1146 3185 1217 3221; x_wconf 90' lang='lat' dir='ltr'><strong>nune</strong></span> <span class='ocrx_word' id='word_1_257' title='bbox 1256 3227 1260 3242; x_wconf 45' lang='grc' dir='ltr'>Ι</span> <span class='ocrx_word' id='word_1_258' title='bbox 1314 3215 1319 3225; x_wconf 86' lang='grc'><strong>.</strong></span> 
     </span>
     <span class='ocr_line' id='line_1_30' title="bbox 116 3241 1361 3320; baseline -0.002 -26"><span class='ocrx_word' id='word_1_259' title='bbox 116 3242 326 3296; x_wconf 85' lang='lat' dir='ltr'><strong>autemiuvidia</strong></span> <span class='ocrx_word' id='word_1_260' title='bbox 347 3248 477 3297; x_wconf 79' lang='lat' dir='ltr'><strong>elvirum</strong></span> <span class='ocrx_word' id='word_1_261' title='bbox 499 3254 525 3297; x_wconf 90' lang='lat' dir='ltr'><strong>et</strong></span> <span class='ocrx_word' id='word_1_262' title='bbox 551 3245 620 3297; x_wconf 83' lang='lat' dir='ltr'><strong>laeto</strong></span> <span class='ocrx_word' id='word_1_263' title='bbox 646 3248 797 3297; x_wconf 81' lang='lat' dir='ltr'><strong>et&#39;tantum</strong></span> <span class='ocrx_word' id='word_1_264' title='bbox 822 3243 926 3297; x_wconf 84' lang='lat' dir='ltr'><strong>delevit</strong></span> <span class='ocrx_word' id='word_1_265' title='bbox 949 3258 1025 3311; x_wconf 86' lang='lat' dir='ltr'><strong>opus.</strong></span> <span class='ocrx_word' id='word_1_266' title='bbox 1064 3257 1123 3292; x_wconf 89' lang='lat' dir='ltr'><strong>eum</strong></span> <span class='ocrx_word' id='word_1_267' title='bbox 1148 3241 1217 3292; x_wconf 87' lang='lat' dir='ltr'><strong>enim</strong></span> <span class='ocrx_word' id='word_1_268' title='bbox 1257 3244 1280 3320; x_wconf 52' lang='grc' dir='ltr'><strong><em>χ</em></strong></span> <span class='ocrx_word' id='word_1_269' title='bbox 1318 3242 1321 3249; x_wconf 91' lang='grc'><strong>’</strong></span> <span class='ocrx_word' id='word_1_270' title='bbox 1355 3259 1361 3266; x_wconf 93' lang='grc'><em>·</em></span> 
     </span>
     <span class='ocr_line' id='line_1_31' title="bbox 116 3313 1286 3385; baseline -0.001 -21"><span class='ocrx_word' id='word_1_271' title='bbox 116 3313 231 3379; x_wconf 74' lang='lat' dir='ltr'><strong>turpiter</strong></span> <span class='ocrx_word' id='word_1_272' title='bbox 250 3313 439 3385; x_wconf 82' lang='lat' dir='ltr'><strong>humiliterque</strong></span> <span class='ocrx_word' id='word_1_273' title='bbox 459 3315 572 3368; x_wconf 86' lang='lat' dir='ltr'><strong>consilia</strong></span> <span class='ocrx_word' id='word_1_274' title='bbox 592 3326 719 3384; x_wconf 87' lang='lat' dir='ltr'><strong>caperent</strong></span> <span class='ocrx_word' id='word_1_275' title='bbox 738 3318 839 3383; x_wconf 78' lang='lat' dir='ltr'><strong>posteri</strong></span> <span class='ocrx_word' id='word_1_276' title='bbox 858 3318 1049 3382; x_wconf 83' lang='lat' dir='ltr'><strong>imperatores,</strong></span> <span class='ocrx_word' id='word_1_277' title='bbox 1075 3329 1133 3364; x_wconf 87' lang='lat' dir='ltr'><strong>oum</strong></span> <span class='ocrx_word' id='word_1_278' title='bbox 1159 3313 1218 3379; x_wconf 83' lang='lat' dir='ltr'><strong>ipsa</strong></span> <span class='ocrx_word' id='word_1_279' title='bbox 1282 3327 1286 3333; x_wconf 93' lang='lat'>·</span> 
     </span>
     <span class='ocr_line' id='line_1_32' title="bbox 117 3381 1301 3455; baseline 0.002 -21"><span class='ocrx_word' id='word_1_280' title='bbox 117 3381 206 3436; x_wconf 88' lang='lat' dir='ltr'><strong>insula</strong></span> <span class='ocrx_word' id='word_1_281' title='bbox 227 3386 305 3436; x_wconf 88' lang='lat' dir='ltr'><strong>etiam</strong></span> <span class='ocrx_word' id='word_1_282' title='bbox 325 3389 438 3439; x_wconf 81' lang='lat' dir='ltr'><strong>maxims</strong></span> <span class='ocrx_word' id='word_1_283' title='bbox 458 3404 518 3455; x_wconf 88' lang='lat' dir='ltr'><strong>pars</strong></span> <span class='ocrx_word' id='word_1_284' title='bbox 543 3387 677 3440; x_wconf 84' lang='lat' dir='ltr'><strong>exereitus</strong></span> <span class='ocrx_word' id='word_1_285' title='bbox 698 3390 808 3439; x_wconf 87' lang='lat' dir='ltr'><strong>evanuit</strong></span> <span class='ocrx_word' id='word_1_286' title='bbox 828 3385 945 3439; x_wconf 85' lang='lat' dir='ltr'><strong>Graecis.</strong></span> <span class='ocrx_word' id='word_1_287' title='bbox 984 3385 1217 3439; x_wconf 83' lang='lat' dir='ltr'><strong>verumenimvero</strong></span> <span class='ocrx_word' id='word_1_288' title='bbox 1297 3401 1301 3411; x_wconf 64' lang='lat'><strong>¹</strong></span> 
     </span>
     <span class='ocr_line' id='line_1_33' title="bbox 117 3455 1218 3526; baseline 0 -22"><span class='ocrx_word' id='word_1_289' title='bbox 117 3455 197 3505; x_wconf 89' lang='lat' dir='ltr'><strong>etiam</strong></span> <span class='ocrx_word' id='word_1_290' title='bbox 215 3457 320 3520; x_wconf 77' lang='lat' dir='ltr'><strong>priores</strong></span> <span class='ocrx_word' id='word_1_291' title='bbox 339 3460 407 3509; x_wconf 88' lang='lat' dir='ltr'><strong>socii</strong></span> <span class='ocrx_word' id='word_1_292' title='bbox 426 3458 552 3526; x_wconf 80' lang='lat' dir='ltr'><strong>aequales</strong></span> <span class='ocrx_word' id='word_1_293' title='bbox 571 3457 649 3510; x_wconf 88' lang='lat' dir='ltr'><strong>nobis</strong></span> <span class='ocrx_word' id='word_1_294' title='bbox 668 3459 787 3509; x_wconf 78' lang='lat' dir='ltr'><strong>civitatis</strong></span> <span class='ocrx_word' id='word_1_295' title='bbox 802 3459 946 3525; x_wconf 84' lang='lat' dir='ltr'><strong>participes</strong></span> <span class='ocrx_word' id='word_1_296' title='bbox 962 3465 992 3509; x_wconf 89' lang='lat' dir='ltr'><strong>ut</strong></span> <span class='ocrx_word' id='word_1_297' title='bbox 1011 3458 1090 3507; x_wconf 83' lang='lat' dir='ltr'><strong>etium</strong></span> <span class='ocrx_word' id='word_1_298' title='bbox 1100 3456 1218 3506; x_wconf 88' lang='lat' dir='ltr'><strong>eiusdem</strong></span> 
     </span>
     <span class='ocr_line' id='line_1_34' title="bbox 114 3525 1423 3598; baseline -0.001 -22"><span class='ocrx_word' id='word_1_299' title='bbox 114 3525 226 3576; x_wconf 87' lang='lat' dir='ltr'><strong>deorum</strong></span> <span class='ocrx_word' id='word_1_300' title='bbox 245 3525 447 3591; x_wconf 78' lang='lat' dir='ltr'><strong>cultus,Albani</strong></span> <span class='ocrx_word' id='word_1_301' title='bbox 468 3538 494 3581; x_wconf 90' lang='lat' dir='ltr'><strong>et</strong></span> <span class='ocrx_word' id='word_1_302' title='bbox 505 3530 601 3592; x_wconf 84' lang='lat' dir='ltr'><strong>Latini,</strong></span> <span class='ocrx_word' id='word_1_303' title='bbox 611 3529 763 3598; x_wconf 87' lang='lat' dir='ltr'><strong>quicunque</strong></span> <span class='ocrx_word' id='word_1_304' title='bbox 772 3537 833 3597; x_wconf 92' lang='lat' dir='ltr'><strong>post</strong></span> <span class='ocrx_word' id='word_1_305' title='bbox 842 3527 1033 3581; x_wconf 86' lang='lat' dir='ltr'><strong>occidentalem</strong></span> <span class='ocrx_word' id='word_1_306' title='bbox 1044 3525 1218 3578; x_wconf 85' lang='lat' dir='ltr'><strong>Romamlta-</strong></span> <span class='ocrx_word' id='word_1_307' title='bbox 1419 3585 1423 3595; x_wconf 37' lang='grc' dir='ltr'>Ι</span> 
     </span>
     <span class='ocr_line' id='line_1_35' title="bbox 113 3595 1389 3698; baseline -0.001 -52"><span class='ocrx_word' id='word_1_308' title='bbox 113 3595 177 3647; x_wconf 81' lang='lat' dir='ltr'><strong>licis</strong></span> <span class='ocrx_word' id='word_1_309' title='bbox 196 3598 350 3674; x_wconf 71' lang='lat' dir='ltr'><strong>regionibus</strong></span> <span class='ocrx_word' id='word_1_310' title='bbox 369 3601 523 3664; x_wconf 82' lang='lat' dir='ltr'><strong>adhaerent,</strong></span> <span class='ocrx_word' id='word_1_311' title='bbox 537 3601 628 3652; x_wconf 85' lang='lat' dir='ltr'><strong>hostes</strong></span> <span class='ocrx_word' id='word_1_312' title='bbox 637 3601 750 3652; x_wconf 88' lang='lat' dir='ltr'><strong>maxime</strong></span> <span class='ocrx_word' id='word_1_313' title='bbox 762 3601 939 3666; x_wconf 83' lang='lat' dir='ltr'><strong>inexspectati</strong></span> <span class='ocrx_word' id='word_1_314' title='bbox 960 3599 1129 3659; x_wconf 86' lang='lat' dir='ltr'><strong>exstiterunt,</strong></span> <span class='ocrx_word' id='word_1_315' title='bbox 1140 3603 1217 3663; x_wconf 85' lang='lat' dir='ltr'><strong>post.</strong></span> <span class='ocrx_word' id='word_1_316' title='bbox 1236 3603 1295 3698; x_wconf 34' lang='lat' dir='ltr'><strong>&#39;N</strong></span> <span class='ocrx_word' id='word_1_317' title='bbox 1337 3658 1343 3671; x_wconf 29' lang='grc' dir='ltr'>ι</span> <span class='ocrx_word' id='word_1_318' title='bbox 1368 3618 1389 3657; x_wconf 75' lang='grc'><strong>·,</strong></span> 
     </span>
     <span class='ocr_line' id='line_1_36' title="bbox 115 3667 1357 3738; baseline 0 -22"><span class='ocrx_word' id='word_1_319' title='bbox 115 3681 194 3733; x_wconf 89' lang='lat' dir='ltr'><strong>quam</strong></span> <span class='ocrx_word' id='word_1_320' title='bbox 213 3683 262 3734; x_wconf 89' lang='lat' dir='ltr'><strong>per</strong></span> <span class='ocrx_word' id='word_1_321' title='bbox 282 3668 437 3722; x_wconf 85' lang='lat' dir='ltr'><strong>ebrietatem</strong></span> <span class='ocrx_word' id='word_1_322' title='bbox 458 3669 538 3724; x_wconf 88' lang='lat' dir='ltr'><strong>elusit</strong></span> <span class='ocrx_word' id='word_1_323' title='bbox 564 3672 656 3722; x_wconf 85' lang='lat' dir='ltr'><strong>ducem</strong></span> <span class='ocrx_word' id='word_1_324' title='bbox 687 3687 792 3735; x_wconf 84' lang='lat' dir='ltr'><strong>eorum,</strong></span> <span class='ocrx_word' id='word_1_325' title='bbox 819 3671 864 3738; x_wconf 87' lang='lat' dir='ltr'><strong>qui</strong></span> <span class='ocrx_word' id='word_1_326' title='bbox 890 3679 943 3721; x_wconf 89' lang='lat' dir='ltr'><strong>tum</strong></span> <span class='ocrx_word' id='word_1_327' title='bbox 969 3669 1108 3734; x_wconf 87' lang='lat' dir='ltr'><strong>imperium</strong></span> <span class='ocrx_word' id='word_1_328' title='bbox 1133 3667 1219 3734; x_wconf 85' lang='lat' dir='ltr'><strong>gessit</strong></span> <span class='ocrx_word' id='word_1_329' title='bbox 1353 3724 1357 3735; x_wconf 76' lang='lat'><em>.</em></span> 
     </span>
     <span class='ocr_line' id='line_1_37' title="bbox 113 3735 1373 3812; baseline 0.004 -23"><span class='ocrx_word' id='word_1_330' title='bbox 113 3735 231 3790; x_wconf 83' lang='lat' dir='ltr'><strong>lliohaal</strong></span> <span class='ocrx_word' id='word_1_331' title='bbox 251 3738 331 3792; x_wconf 85' lang='lat' dir='ltr'><strong>ducas</strong></span> <span class='ocrx_word' id='word_1_332' title='bbox 350 3742 510 3794; x_wconf 87' lang='lat' dir='ltr'><strong>Doeoianus.</strong></span> <span class='ocrx_word' id='word_1_333' title='bbox 1362 3775 1373 3812; x_wconf 51' lang='grc' dir='ltr'><strong><em>η</em></strong></span> 
     </span>
    </p>
   </div>
   <div class='ocr_carea' id='block_1_4' title="bbox 58 3824 1219 4257">
    <p class='ocr_par' dir='ltr' id='par_1_10' title="bbox 112 3824 1218 4184">
     <span class='ocr_line' id='line_1_38' title="bbox 215 3824 1218 3898; baseline 0 -20"><span class='ocrx_word' id='word_1_334' title='bbox 215 3824 268 3878; x_wconf 84' lang='lat' dir='ltr'><strong>Sed</strong></span> <span class='ocrx_word' id='word_1_335' title='bbox 286 3828 318 3879; x_wconf 89' lang='lat' dir='ltr'><strong>de</strong></span> <span class='ocrx_word' id='word_1_336' title='bbox 338 3829 378 3880; x_wconf 87' lang='lat' dir='ltr'><strong>his</strong></span> <span class='ocrx_word' id='word_1_337' title='bbox 397 3831 504 3898; x_wconf 89' lang='lat' dir='ltr'><strong>quidem</strong></span> <span class='ocrx_word' id='word_1_338' title='bbox 522 3831 587 3883; x_wconf 85' lang='lat' dir='ltr'><strong>satis</strong></span> <span class='ocrx_word' id='word_1_339' title='bbox 607 3831 714 3882; x_wconf 85' lang='lat' dir='ltr'><strong>dictum.</strong></span> <span class='ocrx_word' id='word_1_340' title='bbox 762 3830 832 3894; x_wconf 74' lang='lat' dir='ltr'><strong>llysi</strong></span> <span class='ocrx_word' id='word_1_341' title='bbox 856 3835 959 3890; x_wconf 87' lang='lat' dir='ltr'><strong>autem,</strong></span> <span class='ocrx_word' id='word_1_342' title='bbox 988 3827 1083 3897; x_wconf 87' lang='lat' dir='ltr'><strong>quibus</strong></span> <span class='ocrx_word' id='word_1_343' title='bbox 1109 3827 1218 3894; x_wconf 87' lang='lat' dir='ltr'><strong>propria</strong></span> 
     </span>
     <span class='ocr_line' id='line_1_39' title="bbox 112 3895 1218 3969; baseline -0.002 -19"><span class='ocrx_word' id='word_1_344' title='bbox 112 3895 298 3966; x_wconf 77' lang='lat' dir='ltr'><strong>appellatione</strong></span> <span class='ocrx_word' id='word_1_345' title='bbox 316 3899 493 3969; x_wconf 81' lang='lat' dir='ltr'><strong>Bulgarorum</strong></span> <span class='ocrx_word' id='word_1_346' title='bbox 509 3917 607 3953; x_wconf 88' lang='lat' dir='ltr'><strong>nomen</strong></span> <span class='ocrx_word' id='word_1_347' title='bbox 626 3901 777 3969; x_wconf 89' lang='lat' dir='ltr'><strong>impositum</strong></span> <span class='ocrx_word' id='word_1_348' title='bbox 797 3906 847 3963; x_wconf 87' lang='lat' dir='ltr'><strong>est,</strong></span> <span class='ocrx_word' id='word_1_349' title='bbox 865 3906 928 3951; x_wconf 84' lang='lat' dir='ltr'><strong>tune</strong></span> <span class='ocrx_word' id='word_1_350' title='bbox 947 3898 1059 3952; x_wconf 81' lang='lat' dir='ltr'><strong>abiectis</strong></span> <span class='ocrx_word' id='word_1_351' title='bbox 1078 3899 1218 3950; x_wconf 88' lang='lat' dir='ltr'><strong>servitutis</strong></span> 
     </span>
     <span class='ocr_line' id='line_1_40' title="bbox 114 3968 1218 4040; baseline -0.004 -18"><span class='ocrx_word' id='word_1_352' title='bbox 114 3969 197 4022; x_wconf 84' lang='lat' dir='ltr'><strong>irenis</strong></span> <span class='ocrx_word' id='word_1_353' title='bbox 218 3969 245 4020; x_wconf 90' lang='lat' dir='ltr'><strong>in</strong></span> <span class='ocrx_word' id='word_1_354' title='bbox 265 3969 445 4023; x_wconf 83' lang='lat' dir='ltr'><strong>deiectionem</strong></span> <span class='ocrx_word' id='word_1_355' title='bbox 463 3980 650 4040; x_wconf 65' lang='lat' dir='ltr'><strong>processerant</strong></span> <span class='ocrx_word' id='word_1_356' title='bbox 669 3980 806 4039; x_wconf 81' lang='lat' dir='ltr'><strong>stragem</strong></span> <span class='ocrx_word' id='word_1_357' title='bbox 825 3973 852 4022; x_wconf 91' lang='lat' dir='ltr'><strong>iu</strong></span> <span class='ocrx_word' id='word_1_358' title='bbox 869 3971 1002 4023; x_wconf 90' lang='lat' dir='ltr'><strong>montibus</strong></span> <span class='ocrx_word' id='word_1_359' title='bbox 1012 3968 1218 4022; x_wconf 77' lang='lat' dir='ltr'><strong>Thessalonicen</strong></span> 
     </span>
     <span class='ocr_line' id='line_1_41' title="bbox 113 4039 1217 4110; baseline -0.005 -17"><span class='ocrx_word' id='word_1_360' title='bbox 113 4049 267 4094; x_wconf 82' lang='lat' dir='ltr'><strong>versantem</strong></span> <span class='ocrx_word' id='word_1_361' title='bbox 286 4041 414 4110; x_wconf 90' lang='lat' dir='ltr'><strong>solosque</strong></span> <span class='ocrx_word' id='word_1_362' title='bbox 433 4042 536 4095; x_wconf 81' lang='lat' dir='ltr'><strong>aulicos</strong></span> <span class='ocrx_word' id='word_1_363' title='bbox 557 4045 678 4108; x_wconf 88' lang='lat' dir='ltr'><strong>corporis</strong></span> <span class='ocrx_word' id='word_1_364' title='bbox 701 4043 843 4109; x_wconf 87' lang='lat' dir='ltr'><strong>stipatores</strong></span> <span class='ocrx_word' id='word_1_365' title='bbox 863 4042 1022 4105; x_wconf 87' lang='lat' dir='ltr'><strong>habentem,</strong></span> <span class='ocrx_word' id='word_1_366' title='bbox 1050 4041 1149 4108; x_wconf 88' lang='lat' dir='ltr'><strong>quippe</strong></span> <span class='ocrx_word' id='word_1_367' title='bbox 1172 4039 1217 4106; x_wconf 83' lang='lat' dir='ltr'><strong>qui</strong></span> 
     </span>
     <span class='ocr_line' id='line_1_42' title="bbox 116 4111 1217 4184; baseline -0.005 -21"><span class='ocrx_word' id='word_1_368' title='bbox 116 4127 164 4182; x_wconf 87' lang='lat' dir='ltr'><strong>per</strong></span> <span class='ocrx_word' id='word_1_369' title='bbox 181 4112 294 4162; x_wconf 81' lang='lat' dir='ltr'><strong>emicem</strong></span> <span class='ocrx_word' id='word_1_370' title='bbox 313 4114 365 4164; x_wconf 89' lang='lat' dir='ltr'><strong>iter</strong></span> <span class='ocrx_word' id='word_1_371' title='bbox 385 4113 486 4168; x_wconf 87' lang='lat' dir='ltr'><strong>iaceret</strong></span> <span class='ocrx_word' id='word_1_372' title='bbox 505 4123 611 4178; x_wconf 89' lang='lat' dir='ltr'><strong>terram,</strong></span> <span class='ocrx_word' id='word_1_373' title='bbox 632 4115 757 4168; x_wconf 84' lang='lat' dir='ltr'><strong>audacter</strong></span> <span class='ocrx_word' id='word_1_374' title='bbox 775 4115 897 4184; x_wconf 77' lang='lat' dir='ltr'><strong>aggressi</strong></span> <span class='ocrx_word' id='word_1_375' title='bbox 914 4112 1050 4175; x_wconf 84' lang='lat' dir='ltr'><strong>sunt;l1ie</strong></span> <span class='ocrx_word' id='word_1_376' title='bbox 1065 4117 1154 4161; x_wconf 88' lang='lat' dir='ltr'><strong>autem</strong></span> <span class='ocrx_word' id='word_1_377' title='bbox 1172 4111 1217 4160; x_wconf 87' lang='lat' dir='ltr'><strong>in.</strong></span> 
     </span>
    </p>

    <p class='ocr_par' dir='ltr' id='par_1_11' title="bbox 58 4178 1219 4257">
     <span class='ocr_line' id='line_1_43' title="bbox 58 4178 1219 4257; baseline -0.002 -19"><span class='ocrx_word' id='word_1_378' title='bbox 58 4195 63 4204; x_wconf 92' lang='lat'>·</span> <span class='ocrx_word' id='word_1_379' title='bbox 119 4191 224 4238; x_wconf 81' lang='lat' dir='ltr'><strong>struem</strong></span> <span class='ocrx_word' id='word_1_380' title='bbox 243 4183 403 4256; x_wconf 83' lang='lat' dir='ltr'><strong>simulatque</strong></span> <span class='ocrx_word' id='word_1_381' title='bbox 423 4189 524 4255; x_wconf 75' lang='lat' dir='ltr'><strong>regiam</strong></span> <span class='ocrx_word' id='word_1_382' title='bbox 542 4187 653 4240; x_wconf 84' lang='lat' dir='ltr'><strong>intravit</strong></span> <span class='ocrx_word' id='word_1_383' title='bbox 671 4201 740 4257; x_wconf 84' lang='lat' dir='ltr'><strong>quse</strong></span> <span class='ocrx_word' id='word_1_384' title='bbox 759 4187 790 4238; x_wconf 88' lang='lat' dir='ltr'><strong>ad</strong></span> <span class='ocrx_word' id='word_1_385' title='bbox 810 4183 912 4238; x_wconf 89' lang='lat' dir='ltr'><strong>bellum</strong></span> <span class='ocrx_word' id='word_1_386' title='bbox 931 4191 1025 4241; x_wconf 87' lang='lat' dir='ltr'><strong>essent</strong></span> <span class='ocrx_word' id='word_1_387' title='bbox 1032 4196 1100 4251; x_wconf 85' lang='lat' dir='ltr'><strong>opus</strong></span> <span class='ocrx_word' id='word_1_388' title='bbox 1115 4178 1219 4238; x_wconf 77' lang='lat' dir='ltr'><strong>lomim</strong></span> 
     </span>
    </p>
   </div>
   <div class='ocr_carea' id='block_1_5' title="bbox 0 0 1442 4734">
    <p class='ocr_par' dir='ltr' id='par_1_12' title="bbox 0 0 1442 4734">
     <span class='ocr_line' id='line_1_44' title="bbox 0 0 1442 4734; baseline 0 0"><span class='ocrx_word' id='word_1_389' title='bbox 0 0 1442 4734; x_wconf 95' lang='lat' dir='ltr'><strong> </strong></span> 
     </span>
    </p>
   </div>
  </div>
 </body>
</html>
