2875 4734
627 249 835 318 utsuoam.
1155 279 1184 355 ιο
1215 242 1287 322 143

182 410 241 471 soii
262 405 356 503 έαρος
380 405 617 492 όπανοίγοντος,
656 409 732 534 περί
753 408 855 494 ου’την
875 408 934 494 τήν
958 410 1081 494 ἡμέραν
1102 411 1159 494 τῆς
1177 408 1287 529 όπισή-

184 531 247 588 μου
270 513 436 594 λεγομένης
458 511 712 593 όρθοδυξιάς,’
697 501 770 597 ενῇ
793 517 994 596 φυλοκρινεῖν
1016 509 1105 584 τοός
1112 507 1288 592 αἱροτικοός

185 606 247 672 ciui
268 614 330 674 τοόν
354 611 533 695 όρθοδόξοον
554 615 609 674 καί
630 615 809 692 α’ναθέματι
843 611 1098 692 καθυποβόλλειν
1119 610 1193 687 τοός
1217 607 1287 676 ἓτε-

183 710 334 791 ροδόξους
357 715 394 797 τῇ
417 715 562 832 ἐκκλησίην
585 708 773 794 νενόμισται,
797 715 843 788 εἰς
861 710 899 777 τό
924 713 987 776 τοῖν
1005 714 1122 795 Ἡρίονν
1145 715 1287 780 παλότια

92 887 96 894 ¹
157 805 265 873 υκατό
287 809 321 874 τό
348 807 422 886 ἔθος
442 815 673 897 πρυσιόρμησε,
694 838 731 932 τη
751 811 812 897 πρό
837 812 936 895 αότής
959 811 1063 930 ήμέρηι
1081 812 1139 897 τήν
1159 812 1297 897 ότηοίαν

185 912 370 994 φιλοτιμίαν
400 913 457 996 τήν
489 917 657 999 λεγομένην
688 909 787 996 ρόγαν
807 922 873 988 τοῖς
899 914 1146 1049 μεγιστόσιῖτής
1169 918 1287 999 βουλῆς

163 1016 406 1114 καταθέμενος.

305 1116 605 1200 Διαπεραιουμένου
635 1119 665 1179 δ’
685 1117 784 1180 adsoni
815 1113 869 1179 τόν
898 1115 1117 1201 Χαλκηδόνιον
1140 1115 1285 1237 πορθμόν

118 1269 121 1273 ,
182 1211 348 1298 περιστερά
376 1219 421 1290 τίς
440 1213 583 1280 ποθεν(
572 1219 729 1299 ιπταμένη
760 1219 800 1280 ου’
820 1215 904 1280 πάνυ
936 1243 968 1280 τι
988 1217 1108 1300 λευκή,
1143 1217 1221 1300 πρός
1247 1216 1282 1282 τό

140 1317 282 1394 Ῑθμέλαν
304 1316 340 1378 δὲ
359 1313 395 1380 τό
422 1323 565 1381 πλεῖστον
587 1316 685 1398 αότής
708 1317 945 1401 ὑποφαίνουσα,
968 1315 1026 1399 τήν
1049 1322 1212 1403 φέρουσαν
1234 1318 1285 1384 τόν

181 1418 315 1497 βασιλέα
354 1419 413 1498 ηήα
446 1413 616 1501 ἐπήρχετο,
649 1420 708 1493 ἓως
743 1417 788 1492 εἰς
817 1412 914 1482 αότόν
943 1422 1061 1482 ἐκεῖνον
1089 1424 1285 1485 καθεσθιῖσο

181 1515 275 1599 χερσί
304 1523 372 1591 ταῖς
395 1518 497 1581 adseri
531 1516 731 1604 προσερρόη·
774 1518 916 1594 κόκεῖιος
939 1516 1058 1603 ταότην
1087 1520 1125 1604 τῇ
1142 1523 1287 1602 βασιλίδι

182 1617 358 1698 ἀνέπεμψε,
381 1617 455 1702 περί
475 1619 554 1684 αότό
579 1618 617 1684 τό
641 1619 802 1703 α’νόκτορα
824 1621 880 1702 τῆς
902 1620 1020 1695 πόλεως
1041 1619 1185 1705 παρό.τό
1211 1623 1286 1688 eico-

181 1713 239 1790 θός
262 1718 460 1806 ἑπιμεινοὶση.
517 1721 608 1784 sciro
637 1722 671 1785 δὲ
694 1718 854 1802 οόμβολον
875 1721 976 1784 ἐδόκει
1005 1719 1182 1805 μελλούσης
1200 1720 1286 1797 τινός

137 1815 389 1900 ’15οίποβοόσεως,
413 1819 470 1882 oria
494 1818 636 1905 ἰσότητος
660 1822 695 1883 δὲ
714 1823 769 1884 καί
791 1817 976 1906 ὁμοφωνίας
995 1832 1060 1896 τοῖς
1083 1832 1178 1887 τοῦτο
1198 1844 1415 1904 nvp-f,1952‚

181 1916 355 2000 βάλλουσιν
383 1923 492 1987 ἐδίδου
523 1918 717 2006 παράθεσιν,
751 1921 819 1984 ἄλλ’
844 1921 877 1983 οἳ
902 1927 962 2004 μὲν
984 1921 1064 2008 πρός
1086 1922 1120 1988 τό
1143 1934 1285 2008 κρεῖττον

183 2016 215 2082 οἳ
233 2021 268 2082 δὲ
294 2018 376 2105 πρός
395 2019 429 2085 τό
451 2030 558 2104 χεῖρον
576 2019 633 2104 τήν
655 2019 785 2104 ἔκβασιν
803 2023 1046 2106 προεσήμαινον.
1090 2023 1110 2108 ἦ
1133 2027 1168 2089 δέ
1187 2030 1285 2105 βασι-

180 2121 229 2194 λίς
258 2121 288 2185 εἰ
311 2122 365 2185 καί
385 2123 563 2207 οἶμφίβολος
591 2123 633 2208 τῷ
665 2127 803 2204 βασιλεῖ
827 2125 882 2185 καί
908 2122 1090 2206 α’σόμβατυς
1119 2119 1158 2208 ἦν
1189 2127 1222 2189 έν
1245 2128 1284 2212 τῇ

179 2223 355 2310 προπομπή
389 2224 443 2286 καί
470 2216 535 2288 οἷον
567 2219 771 2305 α’μφήριστυς
804 2221 837 2286 ἐκ
868 2225 962 2287 τινῶν
991 2233 1056 2300 τοῖς
1085 2229 1285 2289 συνοικοῦσιν

134 2321 481 2404 αοέπισυμβαινουσυόν.
493 2320 656 2406 θρόιμεεον,
679 2321 760 2386 α’λλό
775 2347 809 2404 ys
827 2326 867 2410 τῇ
881 2327 958 2406 πρός
969 2323 1027 2388 τόν
1047 2317 1147 2406 όνδρα
1168 2327 1285 2413 στοργῇ

179 2429 435 2509 καταπονηθεῖσα
460 2421 539 2510 πρός
569 2427 679 2488 τοῦτον
702 2425 747 2498 εἰς
769 2421 827 2508 τήν
852 2427 1005 2490 ἐπιοῦσαν
1026 2427 1285 2510 διεπεπεροιίωτο,

180 2523 233 2587 καί
261 2521 337 2608 πρός
364 2525 483 2610 ἡμέρας
511 2523 599 2600 τινός
637 2522 857 2609 καρτερήσασα
885 2524 940 2589 καί
971 2525 1026 2591 τόν
1058 2524 1284 2610 συντακτήριυν

164 2625 270 2710 ’λόγον
289 2625 345 2689 καί
365 2626 479 2710 τρόπον
499 2627 748 2709 α’ποσεμνόνασα
770 2628 882 2693 νόστου
904 2646 937 2692 τε
958 2626 1120 2714 ἐμνήσθη,
1143 2629 1284 2692 κόκεῑνον

179 2727 224 2801 εἷς
243 2723 301 2808 τήν
323 2721 405 2789 inico
426 2724 504 2806 μετό
528 2730 590 2792 τῶν
620 2726 783 2804 εἰωθότων
815 2730 1086 2814 προπεμπτηρίοον
1112 2728 1281 2800 α’πέλυσεν.

122 3021 125 3028 ’
179 3015 279 3064 verae,
301 3014 353 3068 quo
372 3016 516 3054 secernere
537 3003 687 3052 haereticos
708 3001 741 3052 ab
764 2998 920 3051 orthodoxis
947 3007 974 3050 et
992 2999 1174 3064 deprecationi
1194 2998 1281 3052 subii.

181 3088 243 3123 cere
263 3071 334 3123 aliud
354 3075 493 3124 credentes
514 3072 647 3123 ecclcsiae
666 3086 725 3122 mos
745 3078 805 3134 cst,
826 3070 859 3121 ad
879 3071 950 3121 veris
970 3069 1068 3136 palatia
1088 3085 1121 3119 ex
1139 3083 1213 3119 more
1231 3087 1280 3122 ac-

109 3179 121 3192 .
181 3144 275 3208 cessit,
297 3152 436 3211 postquam
458 3142 598 3218 superiore
617 3142 661 3191 die
680 3156 794 3192 annuum
814 3140 962 3191 honestatis
982 3147 1127 3223 certamen,
1146 3155 1220 3224 quac
1236 3143 1279 3193 di-

180 3216 248 3265 citur
269 3228 335 3282 roga
356 3212 530 3282 (stipendium
550 3226 571 3260 s
587 3205 775 3280 donatiouem)
806 3211 972 3279 principibus
992 3217 1100 3263 senatus
1120 3211 1242 3263 instituit.

177 3303 180 3310 '
277 3303 436 3354 Traiicientc
456 3306 556 3350 autem
564 3315 595 3350 eo
617 3298 815 3353 chalcedoniae
833 3300 940 3365 fretum,
960 3299 1082 3352 columba
1104 3301 1173 3352 iorte
1192 3301 1278 3353 aduo-

180 3373 247 3437 lans,
271 3388 325 3424 non
346 3372 452 3422 omnino
474 3369 543 3434 alba,
564 3372 610 3423 sed
621 3373 785 3456 nigrescens
812 3373 926 3438 plurimo
947 3387 1076 3440 corpore,
1095 3387 1190 3425 navem
1209 3389 1278 3441 quae

177 3461 270 3511 regem
290 3441 394 3493 ferebat
414 3442 494 3505 adiit,
515 3443 626 3493 donec'
619 3459 646 3494 ιο
670 3442 773 3493 illum
766 3459 851 3528 ipsum
871 3444 1021 3496 assidens
1014 3458 1042 3493 ru
1059 3458 1151 3493 manus
1172 3444 1229 3494 eins
1248 3459 1278 3496 se

177 3513 346 3566 insinuabat.
368 3521 447 3581 atque
466 3479 514 3563 ille
532 3513 600 3564 hanc
619 3515 732 3583 reginae
751 3517 832 3578 misit,
852 3524 920 3583 quae
940 3516 966 3566 in
985 3514 1062 3580 regia
1080 3512 1152 3562 urbis
1172 3521 1279 3578 praeter

177 3583 285 3638 solitum
305 3593 476 3654 remanserat
497 3583 549 3635 hoc
570 3593 656 3636 autem
678 3587 782 3653 signum
802 3585 943 3637 videbatur
961 3585 1044 3635 futuri
1063 3582 1198 3634 cuiusdam
1217 3584 1278 3635 exi.

177 3665 235 3708 tus·
260 3672 348 3724 neque
369 3670 435 3708 vero
455 3655 635 3720 similitudinis
667 3665 693 3708 et
711 3657 896 3708 harmoniae'
888 3658 923 3707 ris
942 3655 987 3721 qui
1014 3653 1066 3704 hoc
1086 3662 1277 3720 componerent

176 3726 248 3780 dedit
267 3729 497 3794 comparationem.
542 3727 588 3780 sed
617 3727 663 3777 alii
683 3729 715 3778 ad
732 3727 839 3810 melius,
867 3726 913 3778 alii
934 3725 967 3776 ad
985 3726 1061 3791 peius
1080 3726 1180 3777 exitum
1197 3734 1276 3781 antea

166 3799 337 3868 ,referebant
356 3799 451 3866 regina
470 3807 557 3853 autem
576 3797 642 3848 licet
659 3800 763 3849 incerta
780 3799 838 3863 regi
859 3805 885 3847 et
904 3795 1138 3850 inconciliabilis
1131 3813 1158 3848 ιο
1178 3813 1275 3865 ροτορο

177 3877 204 3920 et
225 3871 300 3938 quasi
320 3885 419 3936 anceps
440 3869 472 3920 ob
493 3870 617 3937 quasdam
637 3876 778 3920 consuetas
801 3867 960 3935 coniugibus
979 3867 1100 3933 delicias,
1120 3868 1167 3920 sed
1186 3877 1274 3920 tamen

176 3955 266 3993 amore
290 3943 343 3994 viri
362 3942 468 3992 devicta
494 3942 526 3992 ad
552 3941 622 3990 hunc
641 3947 754 4010 postero
776 3940 820 3989 die
844 3947 1009 4023 transgressa
1029 3947 1070 3990 est
1088 3949 1115 3990 et
1134 3946 1273 4006 postquam

175 4028 225 4080 per
245 4015 301 4066 dies
319 4011 463 4064 nonnullos
483 4011 520 4063 ibi
541 4019 647 4063 versata
668 4018 707 4062 est
728 4019 754 4061 et
780 4011 941 4063 secessionis
960 4025 1109 4063 sermonem
1130 4016 1156 4059 et
1173 4025 1274 4063 morem

176 4085 334 4149 celebravit,
353 4084 453 4137 reditus
470 4085 627 4135 meminerat
646 4091 673 4134 et
693 4078 770 4134 illum
790 4083 821 4135 ad
852 4081 1010 4135 orientalem
1028 4090 1125 4174 terram
1148 4095 1206 4132 cum
1225 4097 1272 4134 so.

96 4147 100 4156 “
174 4151 230 4211 litis
248 4158 446 4230 prosecutionis
464 4157 540 4211 iestis
556 4157 663 4210 dimisit.
