2875 4734
160 259 166 272 ‘
233 270 307 350 teo
527 270 744 345 utemrms
772 221 1032 343 emittente
1127 233 1130 240 ’
1423 250 1427 355 λ

1426 364 1427 393 λ

172 490 176 500 ,
229 440 378 515 ἀπονοέας
398 440 563 525 σφαλῆναι
581 440 656 519 περὶ
675 436 712 501 τά
739 431 946 517 καιριώτατα.
999 426 1038 514 ἦν
1063 428 1138 497 did
1161 432 1333 515 Βρυέννιος

228 545 345 616 όκεῖνος
367 538 385 602 o‘
407 541 521 624 φυσιόν
542 537 581 603 τά
605 536 794 621 μεγάλαυχα
816 535 871 600 καί
892 530 1019 619 κινῆσαι
1040 532 1097 615 την
1119 536 1177 615 γῆν
1200 535 1255 595 καὶ
1275 531 1333 614 τὴν

203 638 392 704 ’θάλασσαν
414 638 576 703 ἀπειλῶν.
637 638 749 717 ἀμέλει
770 659 819 699 τοι
855 636 910 699 καί
945 622 1264 717 καταστρατηγηθείς
1291 630 1333 717 τῷ

226 741 324 825 θυμῷ
343 740 398 822 τῆς
419 737 711 821 Ἀδριανουπόλεως
735 733 830 823 ἔξεισι
844 731 903 799 σύν
925 735 1025 817 πολλῇ
1046 733 1083 818 τῇ
1097 736 1156 820 βοῇ
1169 733 1224 794 καί
1241 729 1334 808 ἐξάλ-

225 863 314 920 μοιτι,
337 841 393 921 καί
410 836 467 913 τάς
491 836 643 918 δυνάμεις
667 836 800 913 ἐκτάξας
821 834 900 900 κατά
924 837 983 899 τού
1000 838 1160 915 βασιλέως
1183 836 1355 911 θυμομαιό

227 941 296 1021 χῶν
323 933 501 1022 ἐπορεύετο.
556 932 695 1010 ἀκούσας
728 938 763 999 δὲ
794 938 869 1019 περὶ
897 932 1017 999 τούτων
1053 932 1069 995 ὅ
1099 929 1252 1013 βασιλεύς
1279 932 1333 1013 τῆς
1367 938 1370 949 ’

227 1032 380 1124 ἀβουλίας
408 1035 505 1102 αὐτόν
533 1033 696 1114 έταλάνιζε
727 1034 780 1100 καί
803 1039 862 1099 τού
890 1034 1013 1108 πάθους
1046 1019 1194 1119 ᾤκτειρε,
1217 1032 1272 1094 καί
1291 1028 1332 1104 οός
1426 1090 1427 1097 ,

200 1207 205 1217 ,
225 1134 381 1222 μεμηνότι
403 1136 459 1201 κατ’
477 1138 724 1220 κορυβαντιῶντι
753 1139 867 1221 σαφῶς
895 1134 1065 1220 φάρμακον
1088 1134 1183 1215 ἐπῆγε
1206 1135 1259 1215 τῆς
1275 1132 1332 1195 mi-

226 1251 298 1301 σου·
310 1237 526 1323 ἀλεξητήριον.
570 1241 606 1300 τί
624 1238 659 1299 δὲ
681 1238 774 1301 τούτο
798 1229 853 1318 dm
876 1234 964 1321 τρέτη
979 1237 1133 1317 πρεσβεία
1151 1232 1209 1313 την
1227 1228 1332 1313 ὀρμην

228 1337 288 1401 τού
309 1344 449 1419 πολέμου
472 1339 682 1422 ἀπείργουσα.
725 1342 872 1423 πέπομφε
893 1336 953 1420 γάρ
977 1333 1030 1399 ἕνα
1053 1336 1114 1398 τῶν
1137 1328 1373 1397 πιστοτάτοινλθ

227 1546 294 1615 τοῖς
313 1536 468 1615 τοιούτοις
495 1536 529 1602 ἐκ
559 1541 699 1612 πλείονος
726 1535 857 1619 ἔχοντα,
883 1534 1045 1617 Ῥωμανόν
1074 1530 1332 1617 πρωτοπρὸεδρον

227 1642 283 1704 κατ’
300 1644 399 1723 μέγαν
418 1634 651 1722 ἓταιρειάρχην.
706 1634 742 1713 dg
766 1642 819 1701 καί
842 1640 1073 1723 ἀφικνούμενος
1100 1632 1257 1719 πρὸςετὸν
1277 1629 1332 1697 τύ-

229 1763 342 1825 ραννον
363 1738 421 1802 ode
441 1736 540 1813 εὐθύς
555 1741 683 1823 έδέχθη
704 1738 749 1813 αἱς
769 1740 803 1803 ἐκ
816 1740 973 1821 βασιλέως
989 1732 1258 1815 ἀποστελλόμενος
1280 1738 1333 1798 κατ’

177 1900 184 1907 ,
226 1840 320 1923 λόγου
344 1839 466 1925 ἤξιοόθη
488 1839 569 1905 κατά
591 1839 626 1905 τό
649 1838 787 1925 σύνηθες
809 1848 873 1913 τοῖς
896 1842 1155 1923 στρατευομένοις
1176 1840 1251 1917 περὶ
1270 1832 1327 1908 τάς
1343 1850 1374 1902 15

225 1938 408 2025 ύπαέθρσυς
439 1940 577 2026 σκηνάς,
608 1942 677 2004 ἀλλ’
698 1943 733 2005 ἐκ
759 1938 978 2024 διαστήματος
997 1934 1119 2021 η’μέρας
1141 1940 1200 2000 τού
1222 1934 1332 2021 πρόσω

225 2044 370 2124 βαδίζειν
403 2040 558 2118 κωλυθεὶς
586 2043 660 2121 μεθ’
687 2040 809 2125 ἡμέρας
835 2036 922 2113 τινάς
942 2040 1153 2125 μετεπέμφθη
1182 2034 1264 2119 πρὸς
1277 2033 1333 2119 την
1365 2046 1367 2053 ’

227 2140 390 2227 ἐρώτησιν.
433 2140 552 2219 ἔξωθεν
573 2145 607 2207 δέ
630 2143 798 2222 δεξάμενος
820 2143 932 2205 τοῦτον
959 2138 1095 2225 ἔφιππος
1119 2140 1135 2202 ὁ
1160 2141 1333 2223 Βρυέννιος
1426 2150 1427 2243 η

152 2267 155 2273 “
227 2242 322 2320 πεζὸν
347 2238 439 2324 εἶδενς
463 2246 498 2308 έν
523 2243 679 2336 ἀκάνθαις
698 2240 871 2325 ἱστάμενον
894 2239 948 2305 καὶ
970 2238 1058 2324 παρά
1076 2244 1139 2305 τῶν
1162 2240 1242 2323 ἀμφ’
1266 2239 1329 2302 αό-

225 2340 280 2407 τόν
312 2344 627 2426 κατειρωνευόμενον.
682 2346 794 2428 μηκέτι
825 2346 861 2407 δέ
889 2342 945 2419 τάς
971 2340 1139 2425 Ισυνθήκας
1163 2336 1375 2421 ἀεξάμενοςλθ
1426 2384 1427 2449 η

228 2442 350 2524 ἀτόμοις
370 2448 479 2510 τοῦτον
502 2447 699 2528 ἀπέπεμψεν,
723 2440 798 2527 ὅπερ
823 2446 890 2509 οὐδ’
913 2446 959 2518 εἰς
983 2442 1143 2525 ἐθνάρχου
1163 2438 1224 2505 τῶν
1246 2438 1332 2502 etiae-
1426 2452 1427 2477 i

226 2549 385 2629 λεστέροον
406 2550 547 2629 πρέσβυν
569 2548 664 2626 νόμος
685 2553 752 2621 τοϊς
771 2538 899 2631 άληθῶς
912 2546 1081 2627 βασιλεῦσι
1104 2550 1222 2605 ποιεῖν·
1244 2537 1334 2620 ἱερὸν

226 2639 288 2727 γάρ
305 2646 399 2725 σῶμα
421 2646 437 2708 ό
461 2649 600 2730 πρέσβυς
623 2645 812 2733 λελόγισται)
834 2640 886 2712 οἷα
912 2644 977 2719 τοῖς
996 2644 1181 2725 ἀντιθέτοις,
1203 2643 1333 2725 μεσότης
1426 2684 1427 2723 3

228 2956 282 3001 tem
301 2946 452 3015 Bryennins
475 2948 525 3005 iile
551 2952 596 3019 qui
615 2952 729 3020 spiraret
757 2952 871 3021 superba
898 2960 925 3004 et
947 2966 1059 3005 movere
1088 2959 1184 3003 terram
1210 2954 1237 3001 et
1261 2961 1337 3001 mare

228 3022 392 3073 minaretur:
411 3030 499 3073 tamen
519 3024 607 3076 victus
633 3026 720 3075 animo
740 3024 914 3092 Adrianopoli
942 3026 1077 3091 egreditur
1096 3038 1154 3073 cum
1172 3020 1256 3072 multo
1276 3021 1336 3072 cia.
1393 3038 1401 3048 ·

228 3106 303 3144 more
324 3100 350 3144 et
368 3092 448 3158 saltu,
468 3102 548 3161 atque
567 3096 640 3146 vires
660 3097 794 3149 instruens
819 3105 911 3148 contra
931 3112 1024 3164 regem
1049 3095 1154 3146 fortiter
1173 3092 1337 3159 proficisce-

154 3232 159 3237 ,
227 3163 323 3214 batura
340 3165 454 3228 audiens
470 3174 557 3216 autem
577 3165 643 3216 haec
661 3182 710 3217 rex
739 3176 849 3234 propter
867 3168 1117 3219 inconsiderantiam
1149 3173 1175 3215 et
1192 3162 1337 3230 perturba.

227 3236 329 3284 tionem
349 3250 408 3285 enm
427 3235 603 3287 miserabatur
623 3246 703 3306 atque
723 3246 752 3289 ut
770 3239 869 3291 furenti
890 3248 916 3290 et
936 3246 1010 3289 certe
1028 3236 1181 3304 perturbato
1194 3234 1337 3301 Coryban-

228 3313 283 3354 tum
302 3306 386 3355 instar
405 3306 550 3358 remedium
568 3308 711 3360 adhibebat
729 3310 848 3360 morbum
867 3326 969 3362 arcens.
1009 3309 1071 3376 quid
1090 3308 1142 3357 boc
1162 3304 1238 3357 erat?
1256 3308 1338 3356 tertia

227 3373 330 3442 legatio
349 3376 476 3443 impetum
495 3378 562 3429 beili
590 3381 719 3432 retinens.
758 3382 830 3432 misit
856 3383 925 3434 enim
953 3380 1082 3448 quendam
1102 3379 1288 3430 fidissimorum
1310 3384 1339 3426 et

229 3446 261 3497 ad
279 3447 419 3499 dicendum
433 3449 644 3518 audiendumque
660 3452 799 3503 educatum
816 3461 842 3503 et
857 3452 1049 3520 experientiam
1066 3452 1093 3499 in
1110 3450 1208 3501 talibus
1220 3448 1338 3499 maxime

217 3517 371 3581 'habentem
390 3520 536 3571 Romanum
561 3525 673 3588 primum
698 3525 848 3588 praesidem
873 3532 899 3574 et
925 3538 1048 3589 magnum
1073 3522 1196 3572 factionis
1222 3520 1337 3570 ducem:

230 3590 276 3656 qui
295 3591 399 3657 quidem
419 3593 565 3643 adveniens
582 3594 614 3644 ad
633 3601 783 3658 tyrannum,
804 3610 858 3645 uon
872 3597 959 3647 statim
977 3600 1167 3659 acceptasset,
1187 3599 1216 3641 ut
1234 3606 1250 3641 a
1268 3604 1338 3657 rege

228 3661 335 3726 missus,
353 3678 444 3730 neque
465 3663 603 3731 colloquio
622 3666 718 3732 dignus
737 3673 776 3716 est
807 3666 912 3717 babitus
933 3682 966 3716 ex
984 3680 1057 3715 more
1076 3664 1243 3715 militantium
1263 3663 1339 3711 circa

229 3740 321 3795 aperta
339 3736 464 3800 tentoria,
486 3736 532 3786 sed
552 3750 567 3784 e
586 3737 672 3801 spatio
690 3737 744 3787 diei
767 3739 907 3803 quominus
926 3737 1085 3803 procederet
1103 3736 1254 3801 impeditus,
1276 3732 1339 3782 die.

227 3799 277 3852 bus
298 3805 436 3856 nonnuliis
455 3814 516 3872 post
534 3808 678 3857 arcessitus
699 3814 739 3857 est
758 3808 789 3858 ad
814 3809 1060 3876 interrogationem.
1100 3807 1265 3857 extrinsecus
1286 3818 1340 3853 eu.

228 3880 281 3923 tem
301 3876 437 3940 accipiens
456 3877 527 3927 bunc
556 3892 638 3945 eques
658 3877 810 3942 Brycnnius
835 3879 951 3946 peditem
980 3880 1047 3929 vidit
1075 3879 1102 3928 in
1123 3876 1241 3928 sentibus
1261 3882 1341 3925 stan.

228 3950 303 4008 tem,
333 3952 360 3995 et
380 3945 412 3996 ab
432 3946 465 3997 iis
484 3948 529 4014 qui
548 3950 619 3999 cirea
639 3963 698 3998 eum
719 3956 810 4013 erant,
830 3950 967 4004 delusum:
986 3965 1074 4016 neque
1095 3951 1147 3999 iam
1165 3954 1242 4015 pacta
1261 3946 1343 3996 acci.

230 4015 308 4081 piens
327 4017 441 4082 turpiter
468 4017 543 4067 hunc·
564 4020 677 4070 dimisit:
703 4021 730 4071 id
750 4022 820 4089 quod
847 4037 882 4071 ne
903 4022 929 4071 in
958 4021 1064 4073 vilioris
1084 4020 1189 4087 quidem
1209 4017 1344 4085 principis

228 4084 348 4153 legatum
368 4087 548 4138 committendi
569 4105 626 4141 mos
647 4098 687 4142 cst
705 4107 770 4143 vere
790 4093 979 4161 regnantibus:
1009 4099 1127 4144 sanctum
1151 4092 1219 4141 enim
1239 4102 1344 4155 corpus

227 4152 335 4225 legatus
361 4158 493 4225 babetur,
513 4165 639 4229 tanquam
657 4163 758 4216 medius
776 4164 847 4215 iuter
867 4165 1020 4233 oppositos,
1040 4171 1068 4225 et
1084 4178 1178 4230 pacem
1198 4161 1290 4213 ferens
1314 4165 1347 4213 et
1393 4182 1398 4189 ⁴
