2875 4734
566 240 776 315 merone.
1063 196 1074 219 '
1147 236 1223 333 ’τοι

124 406 161 470 δὲ
182 406 293 487 ζιδντις
314 410 618 497 η’χμαλωτιλτθησαν.
660 412 776 494 ὁμοίως
799 416 835 479 δὲ
855 417 910 481 καί
929 416 1018 504 παρὰ
1042 424 1105 486 τιὸν
1126 417 1221 489 inno.

121 530 193 571 των.
235 515 457 597 συνηθροίσθη
477 514 512 576 δὲ
534 537 587 578 και
583 515 878 599 λαφυραγωγιΗα
861 520 968 603 σκιῆς
989 519 1161 588 teretes·
1137 545 1222 589 uuo·

121 611 246 692 σκευῆς,
270 635 324 689 και
342 614 402 675 τοῦ
420 614 624 700 αόταδέλφοα
646 637 700 679 του
687 617 935 703 Βρυεννίου’
917 618 1065 704 σχήματα
1084 624 1221 707 πράσινον

121 710 176 771 κατ’
196 704 280 774 ὅπλα
302 736 354 775 και
376 710 553 797 σήμαντρα

92 806 115 882 5,
218 810 472 878 Ἐπανελθόντων
487 815 524 878 δὲ
544 816 605 880 τῶν
617 818 673 880 τοῦ
692 820 851 898 βασιλέως
870 823 1072 939 ρ’τρατιωτιδν
1093 823 1138 898 εἰς
1159 824 1221 887 ου’.

119 912 187 987 τόν,
218 914 306 997 χαρά
329 938 377 989 τις
403 918 512 979 τοῦτον
539 919 595 981 καί
614 916 690 994 τοός
710 922 787 1003 περί
807 918 903 986 αὐτόν
934 928 1114 1007 περιέλαβε.
1157 933 1222 1000 τοῖς

122 1010 159 1077 δὲ
180 1016 370 1091 Βυζαντίοις
396 1017 489 1080 ου’δδν
516 1015 639 1081 τούτων
667 1022 851 1102 θεραπεῦον
877 1022 1059 1104 ἐδείκνυτο,
1094 1019 1144 1089 δτι
1164 1048 1222 1109 την

120 1114 181 1175 rori
202 1116 359 1234 βαριλέως
386 1115 495 1201 μα’χην
524 1118 580 1179 καί
599 1142 656 1182 του
679 1123 857 1203 Βρυεννίου
887 1120 1012 1207 κόνεριν
1034 1122 1220 1208 ἐλογίζοντο.

120 1208 186 1280 εἷλε
220 1212 283 1299 γδρ
314 1211 431 1292 πόντος
458 1220 528 1282 κατ’
549 1210 649 1303 ἄκρας
676 1218 692 1282 δ
722 1220 820 1296 πόθος
853 1224 910 1305 τῆς
937 1225 993 1290 τοῦ
1020 1221 1220 1293 Βοτανιότσυ

71 1315 353 1435 ιθχρηστότητος,
383 1319 511 1404 ἐπείπερ
544 1320 713 1403 ἐγίνωσκον
742 1323 844 1385 τιν’τοῦ
865 1322 904 1388 τό
937 1328 1024 1406 γένος
1045 1328 1221 1411 περιφανὲς

119 1416 174 1479 καί
188 1414 269 1499 πρός
288 1415 363 1493 τούς
384 1416 624 1534 ηολεμικσός’
601 1421 727 1544 αγρδνας
755 1418 898 1501 ἐπίδοξον
916 1421 971 1487 καί
995 1422 1137 1510 χρηστόν
1156 1433 1219 1502 τοῖς

119 1516 261 1591 πολίταις
282 1520 337 1582 καί
356 1512 559 1605 σύντροφον,
593 1524 649 1584 καί
675 1519 773 1587 αδτόν
796 1526 832 1587 δὲ
861 1521 1128 1607 παραπλησιαν”
1108 1547 1219 1607 exosae

119 1620 165 1703 τηδ
184 1621 266 1699 γένει
286 1616 345 1700 τὴν
362 1616 489 1704 γνοόμην
511 1619 639 1705 κοίτην
659 1621 794 1705 α’νδρίαν
806 1624 861 1687 καί
873 1626 929 1707 τῆς
944 1624 1054 1707 ψυχῆς
1074 1622 1110 1689 τὸ
1131 1622 1220 1707 δγιδς

120 1715 382 1800 όγκαλλοόπισμα·
431 1719 536 1797 οὐδείς
555 1723 617 1808 γὰρ
641 1724 779 1804 πόλεμος
810 1723 1015 1805 α’γωνιοτικός
1037 1726 1092 1790 καί
1113 1724 1218 1809 βαρός

71 1810 200 1899 welles
233 1817 332 1883 ου’τὸν
360 1816 420 1897 ἔξω
449 1826 513 1887 τῶν
536 1825 585 1885 ἐπ’
621 1824 705 1910 niani
728 1817 1045 1911 ἀνδραγαθημάτων,
1080 1823 1216 1906 οδδεμιλι

116 1918 301 2002 παρασκευὴ
319 1922 381 1984 τῶν
405 1915 512 2005 ἄκρων
535 1922 708 2005 α’πείρατόν
728 1947 763 1986 τε
783 1925 838 1987 καί
859 1915 1036 2010 ἄγευστον,
1059 1921 1139 1989 α’λλό
1162 1927 1218 1989 καί

116 2120 291 2203 α’γαθότητι
318 2120 545 2206 κατεκόσμησε.
596 2124 651 2187 καί
676 2122 807 2206 ἡπόλις
835 2122 930 2189 ου’τόν
950 2120 1057 2209 η’γοὶπα
1080 2123 1132 2189 διὰ
1155 2123 1214 2207 την

115 2212 196 2301 ἄγαν
217 2218 388 2285 ἐπιείκειαν
409 2224 464 2306 καί
483 2222 645 2307 πραότητα
666 2226 723 2287 καί
743 2222 777 2287 τὸ
802 2227 859 2307 τῆς
879 2224 987 2310 χειρός
1008 2227 1043 2289 ἐν
1064 2225 1215 2306 πολέμοις

68 2322 170 2385 wael
188 2313 297 2396 δ’πλοις
323 2320 579 2405 α’καταγιόνιστον
600 2326 655 2386 καί
682 2319 716 2387 ἐν
742 2321 855 2407 δτόροτς
880 2326 1082 2407 ἀσύγκριτον,
1103 2326 1158 2389 καί
1178 2322 1213 2389 τό

115 2419 219 2497 δεξιόν
241 2428 297 2486 καί
317 2418 447 2508 εὔχαρι,
469 2426 524 2488 καί
543 2425 578 2487 τό
600 2421 704 2507 πόσης
719 2425 906 2503 ἀλαζονείας
927 2424 981 2489 καί
993 2424 1214 2510 ὑπερηφανίας

113 2523 279 2603 τυγχάνειν
302 2518 400 2588 αότόν
420 2524 638 2609 ὑψηλότερον,
667 2528 724 2590 καί
751 2522 785 2590 τό
808 2524 847 2610 δὴ
869 2526 988 2607 μεῖζον,
1010 2527 1213 2611 ἀνέγκλητον·

21 2666 29 2680 ,
115 2622 242 2688 οόδέπω
259 2623 321 2708 γὰρ
344 2624 471 2689 ἀδικίαν
490 2626 702 2713 κατενεκλὴδη
722 2627 809 2712 παρό
832 2648 914 2703 τινος
935 2634 1011 2712 παρ’
1034 2622 1126 2701 όλαις
1144 2634 1214 2705 τιιῖς

185 2802 229 2855 21.
248 2800 280 2856 τδ
300 2815 342 2852 om
364 2802 394 2855 G.

115 2963 190 3032 lique
208 2966 314 3017 ratione
341 2966 419 3018 etiam
452 2983 486 3019 ex
505 2970 648 3036 equltihus.
693 2948 822 3035 congesta
845 2976 934 3018 autem
952 2976 993 3018 est
1016 2968 1095 3018 etiam
1114 2967 1213 3032 praeda

115 3051 149 3086 ex
167 3036 275 3088 illorum
294 3038 490 3105 impedimentis
508 3048 535 3089 et
553 3039 642 3090 fratris
660 3037 791 3101 Bryennii
811 3042 903 3088 currus
922 3037 1022 3089 virides
1045 3044 1072 3087 et
1089 3038 1174 3105 signa.

212 3124 338 3179 Reversis
357 3136 445 3177 autem
464 3127 538 3191 regis
562 3123 691 3175 militibus
710 3124 743 3173 ad
771 3138 829 3173 eum
849 3124 972 3190 gaudium
992 3123 1121 3191 quoddam
1139 3124 1210 3176 hune

115 3197 204 3262 etqui
224 3198 295 3248 eirca
314 3204 471 3258 eumerant,
492 3196 573 3259 cepit.
610 3194 748 3258 Byzantiis
769 3203 857 3244 autern
874 3193 942 3245 nihil
961 3194 1056 3246 horum
1074 3193 1142 3245 utile
1160 3210 1209 3278 ap.

112 3267 237 3333 parebat,
263 3284 322 3320 cum
339 3268 414 3333 regis
439 3279 555 3331 pugnam
579 3273 607 3315 et
624 3264 753 3330 Bryennii
776 3273 940 3331 reputarent.
979 3266 1122 3333 occupavit
1140 3267 1228 3327 enim,
1276 3284 1283 3291 ·

113 3352 203 3389 ornnes
222 3353 350 3390 summum
368 3336 529 3387 desiderium
547 3337 653 3387 virtutis
672 3336 845 3400 somniuae,
873 3338 1085 3405 quandoquidem
1104 3352 1209 3406 cogno..

112 3408 222 3460 seebant
249 3411 307 3460 eius
331 3421 416 3488 penus
441 3405 541 3457 clarum
565 3415 592 3458 et
610 3407 643 3459 al
661 3405 762 3459 bellica
786 3409 929 3461 certamina
947 3409 1072 3473 illustre,
1097 3416 1123 3459 et
1141 3408 1209 3459 utile

32 3532 40 3539 ,
112 3480 217 3531 οἰκίδιον
239 3488 266 3529 et
282 3478 462 3559 coniunctum,
481 3486 561 3545 atque
580 3480 665 3544 ipsum
685 3479 798 3530 similem
817 3479 918 3533 habere
936 3481 1031 3548 generi
1049 3478 1209 3531 sententiam

112 3558 140 3600 et
157 3549 340 3599 lentitudinem
359 3556 386 3599 et
403 3549 484 3599 animi
503 3563 592 3601 sanam
609 3548 808 3617 gloriationem.
830 3550 935 3605 nullum
955 3551 1024 3601 enim
1044 3548 1171 3600 bellum
1163 3564 1208 3599 rn-

111 3635 178 3687 gens
202 3626 230 3669 et
247 3634 331 3686 grave
358 3619 475 3671 hahebat
493 3635 552 3671 eum
576 3628 651 3673 extra
670 3618 798 3672 victorias
822 3620 913 3671 nullus
932 3626 1072 3687 apparatus
1090 3633 1207 3672 summo.

111 3706 169 3741 rum
197 3699 334 3756 expertem
353 3700 381 3743 et
399 3692 520 3756 inanem,
538 3692 585 3743 sed
611 3699 638 3742 et
662 3691 737 3742 ducis
755 3692 923 3757 magistratus
944 3698 971 3741 et
988 3692 1061 3756 ipsos
1079 3690 1207 3743 maximos

111 3761 253 3828 prudentia
274 3770 300 3813 et
319 3763 474 3815 tortitudine
494 3770 521 3812 et
545 3763 643 3813 virtute
662 3762 777 3812 ornavit.
821 3760 900 3829 atque
917 3760 980 3812 urbs
1000 3776 1058 3811 eum
1077 3760 1208 3829 diligebat

110 3840 221 3898 propter
239 3848 363 3885 summam
383 3834 551 3886 clementiam
567 3841 595 3883 et
614 3832 753 3883 lenitatem
773 3839 799 3881 et
816 3846 919 3883 manum
938 3831 1064 3885 inbellis
1084 3840 1111 3884 et
1128 3834 1207 3883 armis

110 3905 238 3954 invictam
257 3911 284 3954 et
302 3905 329 3955 in
348 3906 424 3957 donis
441 3903 686 3970 incomparabilem,
704 3910 731 3952 et
749 3902 819 3969 quod
837 3902 930 3953 dexter
950 3911 977 3954 et
986 3912 1078 3971 gratus
1098 3912 1125 3955 et
1135 3902 1207 3953 omni

110 3974 262 4027 humilitate
282 3984 309 4026 et
326 3976 451 4042 superbia
468 3984 527 4028 erat
548 3976 680 4042 superior,
701 3982 743 4037 et,
763 3975 833 4041 quod
850 3975 934 4027 maius
952 3982 1006 4039 est,
1024 3975 1139 4027 nondum
1157 3988 1206 4023 ae.

110 4055 231 4100 curatus:
249 4048 365 4099 nondum
382 4050 451 4099 enim
464 4056 573 4116 propter
587 4046 743 4099 iniustitiam
761 4054 899 4097 accusatus
916 4055 975 4098 erat
992 4063 1009 4098 a
1028 4059 1159 4113 quoquam
1177 4044 1206 4095 in

110 4120 231 4173 omnibus
250 4121 305 4174 suis
325 4119 492 4173 actionibus:
518 4128 598 4189 atque
616 4118 693 4172 testis
712 4118 787 4185 ipse,
806 4118 851 4186 qui
868 4117 922 4171 lnoo
940 4118 1047 4182 scribo,
1066 4130 1124 4173 sum
1141 4128 1205 4185 ego,
1255 4169 1258 4173 .
