2875 4734
205 277 277 360 tto
486 276 703 356 bituitus
739 275 1000 354 Arbitione

203 453 382 540 φαντασίαν
412 453 448 516 δὲ
470 453 574 536 φυγῆς
607 445 792 542 δεδωκότων
815 451 877 514 ταῖν
907 451 1069 532 ἐναντίων,
1089 443 1142 515 οἷα
1164 447 1204 513 τοὶ
1225 472 1303 514 του-

203 576 265 616 των
296 550 514 636 μηχανήματα
549 556 603 616 καί
621 547 832 634 σονθῆματα,
863 554 932 614 ἐπεί
962 552 1246 628 διασκεδασθέντες
1272 549 1303 616 οἱ

199 654 355 733 Ῥωμαῖοι
387 655 541 734 ἐδίωκον,
572 653 774 735 ὑποστροφῆς
804 653 968 737 αἰφνιδίου
1005 650 1107 728 εύθύς
1137 656 1304 735 γενομένης

201 753 325 821 ἐκείνων
347 757 554 840 παλίντροπος
579 754 598 838 ῆ
622 752 789 837 σομπλοκῆ
811 756 935 836 γέγονε,
962 757 1019 817 καί
1037 757 1148 818 πολλοί
1167 756 1226 835 μέν
1246 746 1305 817 ἐύ-

201 860 318 930 λασαν,
335 854 461 928 πλείους
481 857 516 918 δέ
537 857 702 937 μαχαίρας
723 851 815 935 ἔργον
837 855 992 938 γεγόνασι,
1015 852 1157 932 συνεάλω
1182 854 1217 916 δὲ
1237 859 1329 927 τοῖς5

202 945 310 1028 ἄλλοις
334 958 389 1018 καί
408 953 502 1030 αύτές
525 953 542 1017 ὅ
564 957 623 1018 τού
644 955 783 1036 πολέμου
804 953 859 1036 τὴν
873 954 1066 1036 στρατηγίαν
1086 955 1219 1033 ἐπέχων.
1242 948 1302 1014 σύν

202 1061 268 1128 τοῖς
289 1046 395 1132 ἄλλοις
431 1059 467 1120 δέ
496 1059 552 1120 καί
585 1041 682 1139 αὐτῆς
713 1056 768 1138 τῆς
795 1057 998 1136 παρεμβολῆς
1023 1051 1224 1135 παράστασις
1249 1050 1304 1115 καί

202 1154 423 1232 διασκύλιυσις
448 1161 581 1240 γέγονεν.
636 1154 691 1221 καί
721 1157 751 1221 εἰ
779 1153 823 1236 μῆ
847 1151 883 1217 τύ
919 1146 999 1219 ύστυ
1021 1155 1153 1236 πλησίον
1177 1146 1213 1217 ἐν
1232 1151 1302 1226 τούς

201 1258 379 1331 πλείστους.
388 1259 539 1337 διέσωσε,
566 1258 767 1341 πανστρατιᾷ
796 1249 1014 1321 ἐκινδύνευσεν
1045 1246 1084 1315 ἐν
1106 1250 1127 1334 ῆ
1147 1255 1209 1316 τοῖν
1225 1252 1302 1318 Ῥω.

201 1358 306 1437 μαίων
329 1357 436 1441 ἡλικία
459 1360 567 1438 πᾶσα,
590 1351 647 1440 ὅση
670 1354 750 1439 πρὸς
777 1355 834 1439 τῆν
853 1356 995 1418 ἐνταῦθα
1018 1355 1223 1439 ἐκστρατείαν
1241 1376 1303 1417 σν-
1312 1362 1345 1414 10

202 1457 348 1540 νέδραμε.
1108 1527 1112 1538 Ι

307 1561 370 1643 Τῆς
392 1563 502 1644 φῆμης
526 1562 561 1623 δὲ
582 1557 702 1642 ταύτης
723 1554 965 1641 καταλαβούσης
984 1555 1038 1621 τὸν
1058 1558 1203 1637 βασιλέα,
1225 1560 1303 1618 πολ-

203 1653 312 1741 λῆτις
334 1659 408 1722 οίνία
431 1661 566 1741 κατέσχε
597 1657 651 1723 καί
672 1655 771 1722 αύτδν
804 1662 860 1721 καί
881 1650 950 1722 ὅσοι
980 1652 1019 1720 τύ
1035 1655 1201 1735 Ῥωμαίων
1222 1679 1304 1742 φρο-

203 1760 329 1832 νοῦντες
349 1754 529 1842 ἐτύγχανον.
580 1751 669 1823 ούπω
691 1760 727 1823 δὲ
750 1757 790 1824 τύ
812 1761 869 1841 τῆς
889 1758 1002 1843 φῆμης
1032 1756 1228 1842 παρῆκμασε,
1251 1759 1305 1821 καί

203 1849 301 1934 αύθις
324 1855 419 1944 ἑτέρα
441 1862 588 1944 ἐπῆλθε,
618 1860 693 1934 τούς
719 1855 880 1943 Τούρκους
908 1861 1149 1943 α’παγγέλλοοσα
1181 1856 1240 1942 τῆν
1271 1859 1346 1921 ἐν15

204 1958 335 2048 Χαίναις
357 1960 518 2026 πολιτείαν
539 1966 595 2026 καί
614 1961 713 2027 ateis
735 1959 789 2026 τὸν
816 1957 1005 2044 περιβόητον
1027 1963 1061 2022 έν
1080 1957 1230 2036 θαύμασι
1250 1955 1306 2019 καί

204 2060 391 2145 α’ναθῆμασι
422 2065 478 2125 τού
503 2063 760 2146 εἰρχιστρατηγου
787 2059 863 2126 ναὸν
882 2065 1069 2142 καταλαβεῖν
1092 2061 1126 2123 ἐν
1149 2061 1304 2144 μαχαίρᾳ,

202 2161 258 2227 καί
277 2160 375 2246 φόνου
398 2167 458 2243 μέν
480 2157 604 2236 ἅπαντα
627 2161 665 2228 τὰ
688 2161 789 2226 ἐκεῖσε
810 2163 977 2246 πληρῶσαι
997 2162 1053 2226 καί
1072 2155 1205 2242 λύθρου,
1225 2163 1304 2222 πολ-

204 2261 262 2338 λὰς
284 2265 319 2328 δέ
343 2257 451 2348 ὕβρεις
474 2269 517 2354 τῷ
538 2263 613 2352 ἱερῷ
635 2268 926 2352 ἐμπαροινηθῆναι,
952 2265 1008 2330 καί
1026 2265 1062 2329 τύ
1084 2261 1124 2347 δῆ
1148 2263 1304 2346 σχετλιω-

204 2384 312 2449 τερον,
332 2362 376 2448 μῆ
400 2362 455 2440 τοὶς
485 2372 540 2430 τοῦ
563 2364 726 2450 χάσματος
747 2365 923 2450 σήραγγας,
953 2363 987 2430 ἐν
1009 2355 1092 2453 ᾧπερ
1123 2361 1154 2427 οἱ
1176 2361 1347 2447 παραρ-νθ

204 2466 328 2546 ρέοντες
357 2465 495 2547 ποταμοί
515 2462 622 2546 Ιἐκεῖσε
641 2468 856 2549 χωνευόμενοι
888 2464 941 2530 διὰ
965 2470 1019 2549 τῆς
1038 2468 1096 2531 τοῦ
1116 2465 1302 2551 α’ρχηστρα-

205 2559 302 2648 τῆγου
338 2570 478 2641 παλαιᾶς
508 2567 678 2654 ἐπιδημίας
710 2566 766 2643 καί
793 2570 968 2651 θεοσημίοις
1003 2565 1047 2641 ὥς
1080 2565 1133 2632 διὰ
1164 2568 1302 2650 πρανοῦς

206 2664 365 2731 α’στατούν
383 2662 419 2730 ro*
452 2666 554 2751 ῥεῦμα
582 2663 638 2730 καί
656 2669 729 2732 λίαν
749 2666 927 2750 εύδρομούν
946 2664 1076 2751 έχουσι,
1091 2665 1183 2750 Ιτούς
1205 2689 1304 2731 κατα-

204 2975 308 3032 puguet
327 2963 445 3031 speeiem
462 2953 550 3017 sutem
568 2965 649 3036 iuges
668 2981 728 3018 eum
746 2964 917 3019 simulassent
934 2965 1042 3030 hostes,
1061 2964 1152 3034 qualis
1169 2972 1231 3017 suut
1248 2964 1301 3015 ho.

204 3051 261 3088 rum
280 3035 392 3087 artificis
411 3045 439 3087 et
456 3045 542 3103 pecta,
562 3046 701 3106 postquam
727 3039 814 3105 sparsi
832 3037 927 3090 Graeci
954 3037 1068 3089 insecuti
1088 3045 1158 3101 suut,
1178 3036 1302 3089 declina.

203 3108 283 3179 tione
297 3108 437 3174 repentina
455 3110 542 3160 statim
561 3110 631 3160 factu
649 3109 767 3175 illorum,
786 3125 877 3163 rursus
896 3124 1057 3176 congressus
1076 3111 1238 3160 exercituum
1259 3108 1301 3159 ia.

205 3187 262 3230 etus
282 3187 331 3242 est,
352 3179 471 3230 etmulti
497 3180 602 3248 quidem
622 3183 781 3247 captiuum,
804 3181 894 3248 plures
918 3189 1006 3232 uutem
1030 3180 1112 3248 gladii
1132 3194 1199 3246 opus
1219 3179 1301 3231 teeti:

204 3265 263 3301 cum
282 3249 379 3301 ceteris
405 3259 492 3301 autem
512 3261 603 3318 captus
628 3259 669 3303 est
697 3255 801 3319 etipse
827 3255 873 3320 qui
898 3251 964 3303 belli
983 3252 1095 3318 imperio
1116 3258 1255 3317 praeerat:
1275 3251 1313 3300 et‘

205 3328 311 3389 praeter
330 3327 420 3372 cetera
440 3322 517 3372 etiam
542 3325 659 3389 ipsorum
683 3332 829 3375 castrorum
855 3324 1017 3390 expugnatio
1045 3331 1072 3372 et
1099 3322 1214 3388 direptio
1233 3321 1303 3372 iectu

206 3399 261 3443 est:
281 3399 360 3459 atque
385 3392 437 3443 uisi
470 3393 532 3446 urbs
560 3410 643 3462 prope
661 3396 712 3448 sita
736 3394 864 3461 plurimos
889 3401 1040 3458 servasset,
1067 3393 1100 3443 ud
1118 3408 1199 3443 unum
1217 3393 1302 3443 omnis

205 3461 353 3530 periculum
378 3464 485 3516 subibat
502 3465 662 3534 Graecopum
691 3467 818 3519 iuventus
843 3481 1019 3533 quaecuuque
1045 3465 1077 3516 ad
1105 3464 1173 3516 hune
1190 3463 1303 3530 expedi-

205 3536 303 3587 tionem
322 3543 494 3589 convenerat.
1128 3545 1133 3548 ·

305 3633 379 3696 Ques
399 3634 503 3702 quidem
524 3632 592 3684 fama
610 3647 668 3684 cum
688 3634 823 3687 obtineret
840 3649 941 3702 regern,
961 3633 1043 3684 multu
1062 3633 1200 3700 aegritudo
1220 3646 1304 3681 occu.

206 3704 280 3771 petit
299 3713 325 3754 et
344 3719 403 3755 eum
424 3713 451 3754 et
469 3706 621 3772 quicunque
647 3721 662 3756 e
684 3707 844 3758 Graecorum
863 3713 939 3772 purte
964 3704 1075 3756 stabunt.
1118 3704 1233 3754 nondum
1252 3717 1303 3751 uu.

205 3783 258 3825 tem
280 3774 347 3823 iurnu
367 3774 529 3840 effloruerat,
550 3784 577 3827 et
594 3792 684 3830 rursus
703 3777 757 3828 eliu
773 3778 884 3829 obvenit
901 3775 998 3827 Tuscus
1017 3776 1139 3826 nuntians
1154 3773 1304 3826 Ghousrum

207 3845 341 3896 civitatem
364 3852 391 3894 et
409 3845 493 3910 ipsum
512 3847 662 3913 perclarurn
681 3849 715 3900 ob
734 3848 861 3900 miraculo
881 3856 908 3898 et
925 3848 994 3897 dona
1019 3848 1110 3897 summi
1136 3845 1304 3910 imperatoris

206 3912 332 3981 templum
353 3914 442 3980 gladio
465 3919 579 3982 cepisse,
599 3927 625 3969 et
648 3921 729 3971 euede
755 3921 843 3970 omniu
861 3918 898 3969 ibi
917 3916 1073 3983 implevisse
1093 3925 1120 3967 et
1138 3916 1305 3966 contamina.

204 3988 289 4046 tione,
308 3983 415 4034 multam
434 3994 521 4036 sutem
542 3989 691 4055 superbiam
705 3990 806 4056 tempto
825 3989 950 4041 intulisse
971 3996 998 4039 et
1015 3989 1042 4039 id
1061 3989 1131 4055 quod
1150 3987 1234 4053 magis
1251 3987 1304 4034 im.

204 4057 276 4121 pium
295 4063 408 4107 estnon
429 4055 508 4107 vullis
528 4061 626 4121 rimas,
649 4062 675 4110 irr
695 4077 747 4128 que
768 4060 988 4127 praeterfluentes
1007 4058 1081 4110 fluvii
1101 4059 1138 4109 ibi
1158 4058 1236 4109 effusi
1256 4071 1305 4121 per

206 4126 299 4176 summi
318 4127 485 4193 imperatoris
504 4131 640 4199 antiquum
659 4133 842 4187 deversorium
869 4139 895 4183 et
913 4131 1090 4199 praesentium
1109 4137 1137 4180 ut
1156 4143 1204 4195 per
1224 4141 1306 4194 prae.

207 4209 270 4264 teps
291 4196 419 4251 turbidum
439 4214 532 4268 equum
553 4209 579 4254 et
597 4201 674 4255 uelde
700 4203 851 4255 currentem
869 4203 978 4270 habeut,
999 4201 1127 4271 fugitiuos
1146 4199 1307 4264 observasse
