2875 4734
174 250 250 321 οιι
466 247 685 318 urcmnun
716 241 977 318 amurcam
1054 240 1063 259 ¹
1109 223 1115 230 ’

173 418 301 478 κεῖσθαι
312 433 329 493 ,’
352 408 407 476 καί
425 408 571 496 φοράδην
600 413 793 499 κομιλ,ἐσθαιΙ
821 407 971 483 πολλάκις
1000 406 1034 469 ἕν
1064 404 1126 489 μιρῖ
1154 403 1208 466 καί
1233 402 1275 489 τῇ

174 513 256 600 αὐτῇ
278 510 365 599 κλίνῃ
390 515 481 577 πέντε
503 509 560 575 καί
578 513 612 591 ἓξ
633 509 765 595 νεκρούς
787 505 1012 594 ἀτημελήτους,
1034 506 1089 569 καί
1107 498 1274 585 πανταχό-

172 620 230 679 θεν
263 616 420 697 ε’πιρρέειν
446 613 487 678 τά
510 610 706 697 σκυθρωπά,
725 613 778 675 καί
797 609 900 694 πάσης
934 607 1109 693 κατηφείας
1131 604 1274 688 πληρού-

33 729 54 784 l.
71 728 124 787 212
134 738 162 776 v·
172 719 253 781 σθαι
277 712 334 798 την
353 716 599 796 βασιλεύουσαν.
657 714 720 777 τῶν
746 715 780 776 δὲ
802 710 1026 795 καθημερινύν
1053 708 1108 771 καί
1129 701 1273 787 παρανό-

170 840 241 898 μων
260 811 422 899 κριμάτων
443 813 577 896 ούύεμία
601 839 649 889 τις
671 810 831 895 α’ναστολύ
856 818 922 885 τοῖς
942 811 1114 894 κρατοῦσιν
1128 808 1298 889 ἐ’γίνετο·5

171 913 240 983 ἀλλ’
262 909 368 1000 ὥσπερ
394 913 529 999 μηδενὸς
550 913 587 979 τύ
611 910 763 998 παράπαν
797 914 999 994 ἐνοχλοῦντος
1020 918 1085 987 τοῖς
1099 908 1273 990 Ῥωμαίοις

113 1027 123 1039 '
170 1016 359 1103 α’λλοφύλου,
378 1021 517 1098 πολέμου
539 1009 560 1101 ἢ
579 1018 671 1091 θειάς
694 1014 799 1098 ὀργῆς,
820 1007 843 1096 ἢ
864 1009 939 1089 τούς
961 1009 1154 1098 ἀνθρώπους
1173 1034 1273 1075 κατα-

169 1117 344 1201 τρεχούσης
365 1116 487 1193 ἐνδείας
507 1117 563 1181 καί
583 1114 656 1198 βίας
679 1116 843 1198 βιωτικῆς,
867 1110 968 1188 ούτως
998 1106 1100 1186 άύεάς
1119 1107 1272 1193 ἔπραττον

170 1217 209 1283 τά
234 1205 369 1301 θεομιάῆ
388 1220 443 1282 καί
463 1214 647 1301 τυραννικά.
689 1219 745 1281 καί
765 1220 827 1281 πᾶν
852 1214 1079 1299 προβούλευμα
1105 1210 1272 1295 βασιλικὸν

89 1308 94 1315 ’
169 1322 216 1394 εἰς
231 1316 269 1383 -ιό
288 1315 362 1395 τούς
383 1322 518 1394 οἰκείους
534 1318 657 1382 α’δικεῖν
676 1316 733 1381 καί
754 1318 1027 1401 κατασοφίζεσθαι
1047 1312 1102 1377 καί
1122 1309 1271 1396 θηρεύειν
1283 1330 1317 1383 10

167 1416 242 1493 τούς
261 1423 351 1500 βιόυς
375 1418 482 1483 αύτάν
502 1419 557 1483 καί
578 1417 637 1502 την
668 1418 821 1503 α’φορμὴν
842 1418 896 1500 τῆς
918 1418 1000 1499 ζωῆς
1022 1413 1206 1498 κατεγίνετο.

293 1523 334 1583 Τι’
355 1512 412 1583 ούν
435 1516 468 1583 τύ
492 1520 659 1597 ε’ντεύθενς
682 1511 843 1602 ἤσχαλλον
865 1514 980 1593 πάντες
1002 1516 1057 1579 καί
1077 1516 1271 1599 ἐδυσχέραι-

168 1624 220 1685 νον
262 1620 317 1685 καί
354 1622 504 1702 διηνεκεῖς
539 1620 725 1683 ἐποτνιῶντο
759 1616 838 1699 πρὸς
876 1616 931 1681 τύν
971 1614 1062 1697 θεάν,
1097 1618 1271 1698 ἐπιβλέψαι

167 1720 247 1803 πρὸς
277 1718 335 1802 τὴν
368 1720 471 1783 αύτού
502 1724 712 1803 κληρονομίαν
744 1715 798 1782 διά
834 1716 951 1793 παντὸς
982 1713 1186 1797 ἱκετεύοντες,
1215 1718 1272 1801 καί

167 1823 435 1904 προχειρίσασθαι
464 1812 567 1904 ἄνδρα
599 1814 667 1901 άμα
690 1822 749 1899 μὲν
776 1819 831 1883 καί
860 1820 933 1893 τούς
952 1821 1126 1901 τυράννους
1151 1813 1316 1892 αύτούςς5

167 1918 344 2002 δυνάμενον
376 1925 537 2006 καθελεῖν,
568 1916 638 2002 άμά
668 1923 704 1986 δὲ
727 1923 784 1985 καί
808 1917 865 1996 τάς
892 1918 993 2002 τύχας
1017 1921 1079 1985 τῶν
1105 1917 1270 1999 Ῥωμαίων

167 2020 247 2103 πρὸς
280 2020 314 2085 τὸ
346 2008 564 2106 εύθυμύτερον
594 2026 806 2105 ἐπαναγαγεῖν
839 2016 991 2107 φρονήσει
1034 2024 1091 2085 καί
1124 2016 1269 2103 γενναιό-

167 2144 236 2203 τητι
260 2117 314 2183 καί
335 2111 492 2209 φιλοτίμιρ
521 2124 576 2187 καί
605 2122 756 2209 φιλοίκτῳ
782 2124 882 2209 ψυχῇ.
927 2124 981 2187 καί
1007 2123 1115 2204 μέντοι
1139 2118 1194 2187 καί
1214 2143 1267 2184 τε-

166 2222 342 2304 τυχήκασιν
372 2222 433 2285 ούκ
456 2223 501 2297 εἰς
530 2220 657 2305 μακράν
682 2222 744 2287 τοῖν
776 2220 854 2289 κατά
882 2224 1007 2289 σκοπόν.
1051 2222 1269 2307 προσδεξάμε-

165 2342 216 2395 νος
245 2321 307 2404 γάρ
341 2319 396 2405 τήν
429 2319 553 2407 αἴτησιν
588 2324 696 2389 αύτούν
725 2323 742 2387 ὅ
774 2328 808 2389 ἐν
840 2328 921 2390 ἐλέει
952 2326 1129 2409 α’μέτρητος
1162 2319 1314 2409 κύριοςμο

166 2421 328 2508 άνίστησιν
361 2416 463 2508 άνύρα
497 2425 657 2506 κρείττονα
683 2426 742 2509 τῆς·
766 2426 863 2509 εύχῆς
887 2426 948 2490 τοῖν
978 2428 1186 2511 φοβουμένων
1206 2424 1270 2489 αύ-

164 2518 231 2605 τύν,
253 2526 309 2588 καί
325 2526 476 2589 τασσύτον
496 2526 540 2600 είς
554 2523 669 2609 α’ρετὴν
682 2529 738 2591 καί
755 2525 1036 2612 μεγαλοφροσύνην
1056 2521 1270 2610 καίγενναιύ-

164 2645 245 2706 τητα
274 2622 329 2689 καί
351 2623 582 2711 στρατιατικην
604 2625 877 2713 μεγαλοδοξύτητα
910 2621 984 2693 ὅσον
1005 2624 1020 2693 ύ
1043 2618 1153 2713 πριύην
1172 2632 1269 2709 βασι.

166 2930 223 2987 tur,
237 2898 269 2973 et
287 2922 387 2989 apertis
412 2919 481 2974 locis
499 2923 620 2976 iacerent
644 2931 671 2976 et
697 2924 856 2977 efferrentur
878 2940 960 2993 saepe
986 2928 1013 2979 iu
1038 2940 1092 2979 uuo
1120 2926 1267 2994 eodemque

165 2992 238 3045 lecto
258 2995 377 3063 quinque
395 3002 422 3046 et
447 3010 496 3047 sex
514 2994 645 3047 cadavera
669 2997 743 3050 sina!
757 2996 814 3049 ulla
832 2994 906 3061 cuia,
926 3006 953 3049 et
973 2999 1149 3066 undecunque
1168 2996 1267 3051 afflue-

165 3073 225 3117 rent
243 3066 300 3117 dira
318 3073 345 3117 et
364 3066 435 3117 omni
454 3067 563 3119 tristitia
581 3067 740 3135 impleretur
758 3068 822 3120 urbs
835 3070 926 3137 regia:
949 3071 1160 3137 quotidianarum
1178 3077 1267 3123 autem

164 3137 321 3188 iniuriarum
349 3145 376 3187 et
400 3138 556 3190 iniustorum
582 3139 741 3191 iudiciorum
768 3141 890 3192 remissio
916 3140 991 3193 nulla
1016 3141 1048 3193 ab
1075 3139 1288 3207 imperantibus

163 3208 259 3259 fiebat:
279 3208 326 3259 sed
345 3208 420 3275 quasi
440 3208 543 3260 nullum
562 3211 668 3261 omuino
685 3221 820 3278 premeret
832 3212 948 3264 Graecos
968 3212 1036 3265 alius
1056 3212 1146 3278 stirpis
1164 3210 1266 3263 bellum

162 3278 208 3330 vel
227 3278 318 3329 divina
337 3279 378 3328 ira
397 3278 442 3329 vel
462 3294 626 3348 persequens
648 3280 770 3334 homiues
795 3283 887 3348 inopia
911 3290 938 3333 et
956 3283 1086 3335 violentia
1098 3282 1206 3346 vitalis,
1228 3284 1265 3332 ita

162 3363 259 3402 secure
279 3347 393 3415 agebant
412 3347 481 3399 lacta
501 3351 551 3402 deo
576 3352 663 3404 invisa
693 3361 721 3403 et
739 3355 895 3419 tyrannica:
923 3362 1003 3423 atque
1022 3370 1100 3407 omne
1125 3352 1266 3405 consilinm

161 3420 235 3488 regis
262 3427 289 3470 et
307 3420 450 3487 cogitatum
472 3422 505 3472 ad
524 3422 647 3474 iniuriam
671 3424 726 3474 suis
746 3424 910 3476 inferendam
934 3433 960 3476 et
979 3427 1011 3476 ad
1034 3423 1218 3493 decipiendum
1238 3429 1265 3473 et

161 3492 312 3546 venandum
331 3492 412 3544 ultam
432 3506 524 3543 eorum
544 3501 571 3542 et
590 3493 788 3545 laudamentum
808 3496 895 3549 victus
922 3496 1067 3563 spectabat.

262 3579 329 3645 Quid
356 3594 420 3649 ergo
449 3579 533 3632 inde?
557 3581 762 3650 indignabantur
787 3599 879 3637 omncs
910 3591 937 3636 et
960 3585 1074 3637 moleste
1099 3584 1221 3637 ferebant
1240 3590 1266 3634 et

162 3651 268 3703 assidue
287 3651 472 3718 supplicabant
491 3652 552 3716 deo,
571 3661 600 3704 ut
625 3662 762 3721 spectaret
786 3656 818 3707 ad
846 3672 920 3707 suam
939 3658 1137 3723 possessionem
1156 3655 1264 3706 omnino

162 3722 265 3789 precati
292 3730 319 3772 et
337 3732 442 3775 crearet
460 3725 562 3789 uirum,
583 3724 628 3793 qui
652 3725 731 3777 simul
753 3734 779 3778 et
805 3734 933 3794 tyrannos
953 3728 1026 3794 ipsos
1045 3734 1139 3795 posset
1156 3726 1265 3787 tollere,

160 3791 294 3858 simulque
313 3793 391 3843 etiam
418 3795 537 3850 fortunas
557 3797 718 3849 Graecorum
747 3798 779 3851 ad
798 3800 925 3850 maiorem
951 3798 1107 3851 felicitatem
1133 3798 1266 3849 adducere

161 3862 302 3930 prudentia
320 3870 347 3913 et
365 3865 506 3918 nobilitato
525 3876 552 3919 ct
570 3883 705 3937 generoso
724 3876 804 3937 atque
822 3870 989 3921 misericordi
1002 3871 1100 3935 auimo,
1119 3884 1209 3937 neque
1227 3869 1267 3918 ita

159 3934 271 3985 multum
290 3933 447 3987 aberrarunt
465 3952 480 3988 a
498 3942 637 4005 proposito
657 3940 720 3990 line.
741 3942 878 4007 accipiens
900 3942 969 3991 enim
989 3957 1083 4008 preces
1104 3955 1196 3993 eorum
1214 3939 1265 3990 do-

159 4005 245 4058 minus
264 4006 292 4057 in
316 4006 500 4059 misericordia
528 4010 672 4061 immensus
697 4012 814 4063 instituit
838 4012 923 4063 virum
948 4013 1114 4078 superiorem
1139 4011 1266 4079 precibus

160 4091 261 4141 eorum,
281 4078 401 4145 quicum
417 4084 576 4143 metuerent,
597 4089 624 4131 et
641 4089 742 4133 tantum
757 4082 827 4150 quod
847 4082 942 4134 attinet
961 4084 1085 4135 uirtutem
1106 4092 1133 4137 et
1150 4078 1265 4151 magna-

159 4147 306 4200 nimitatem
325 4157 352 4201 et
369 4148 536 4203 nobilitatem
549 4158 577 4203 ct
589 4150 732 4205 militarem
751 4152 874 4221 gloriam,
891 4160 1017 4223 quantum
1036 4155 1110 4223 prior
1132 4170 1182 4209 rex
1200 4169 1265 4224 pra-
