2875 4734
560 253 769 332 moronti·
1142 245 1212 330 159

114 422 416 512 κοτασραλέσασδαι
451 423 582 503 τούτους
621 430 665 514 τῷ
706 431 838 508 βασιλεῖ
863 427 1110 508 συνεβούλευσα.
1160 428 1215 492 κατ’

114 529 194 608 δήτα
221 523 279 609 τήν
303 526 424 611 βουλήν
455 525 726 610 ἐπαποδεξοὶμενσς
757 524 900 612 τελεστήν
933 525 990 610 τήν
1027 528 1086 597 τοῦ
1116 524 1212 612 ἔργον

114 625 169 691 καί
188 624 348 710 διοριστήν
371 629 486 694 ον’τέκα
515 652 555 709 με
585 626 788 712 προεβάλετο.
842 627 958 691 ου’κοῦν
986 630 1044 692 κατ’
1075 626 1155 692 κατὰ
1176 623 1210 692 τὸ

30 788 38 793 ,
113 725 245 813 πάτριον
268 724 386 802 α,υ’τοές
408 726 634 812 καδορκοόσας,
664 719 685 812 ή
706 727 771 812 μήν
791 726 1054 809 ἀνεπιβούλευτον
1075 726 1213 811 τηρήσαι

87 827 168 908 5τήν
190 829 234 903 εἰς
260 825 315 892 τὸν
344 831 477 906 βασιλέα
503 827 607 895 πίστιν
639 827 693 894 καί
713 828 787 905 τούς
804 824 1003 913 Ῥωμαίους,
1025 823 1128 903 οὕτως
1150 824 1212 891 οδ-

112 925 184 1002 rote
201 928 353 1012 Ααἰιριβεῖς
377 931 439 992 τοῖν
461 932 606 996 σπονδῶν
628 925 991 1015 διατέθεικαφύλακας,
1015 930 1072 993 κατ’
1087 951 1123 1012 με
1150 930 1214 992 τῶν

111 1025 192 1091 κατὰ
221 1027 340 1092 σκοπὸν
370 1031 410 1092 ου’
431 1029 622 1114 διήμαρτον·
680 1029 785 1105 οὐδεὶς
809 1027 870 1112 γὰρ
896 1033 931 1094 ἐκ
948 1025 1069 1094 τούτων
1089 1029 1158 1095 οὐδ’
1178 1029 1213 1095 ἐν

113 1129 199 1214 ου’τῷ
221 1130 263 1214 τῷ
286 1132 497 1218 πολέμῳτοῖς
519 1137 680 1211 πολεμίοις
707 1133 893 1216 προσετέθη.
927 1139 930 1146 ’

13 1225 17 1232 ’
212 1229 258 1292 Ἐν
286 1222 349 1316 ὅσῳ
384 1231 419 1292 δὲ
440 1227 486 1310 [col
509 1233 640 1296 τοιαῦτα
671 1226 854 1314 ἐπράττετο,
881 1229 934 1295 κατ’
964 1229 994 1294 οἱ
1015 1232 1211 1314 στρατιῶται

69 1340 102 1393 10
112 1327 192 1394 κατὰ
216 1322 319 1404 τάξεις
348 1329 403 1394 κατ’
423 1328 539 1411 λόχους
562 1331 615 1394 ἐπέ
634 1334 697 1396 ταῖν
726 1330 830 1394 ἳππων
859 1325 1040 1416 ἐφίσταντο,
1063 1332 1212 1414 πρέσβεις

111 1420 188 1511 ἧκον
207 1431 241 1492 ἐκ
262 1429 315 1493 τοῦ
337 1427 510 1492 σουλτοῖνου
534 1428 590 1514 τήν
611 1430 736 1516 εἰρήνην
755 1430 961 1515 ’ἀμφοτέροις
982 1427 1211 1514 ἐπικηρυκενό-
1276 1464 1278 1467 v

110 1551 211 1610 μενοι.
254 1527 270 1596 ὅ
290 1529 324 1594 δέ
346 1528 498 1610 βασιλεὺς
518 1532 645 1608 ἐδέξατο
667 1528 727 1612 μὲν
747 1528 884 1610 αὐτούς,
905 1534 962 1595 καί
981 1530 1081 1612 λόγων
1102 1528 1212 1607 ου’τοΐς

110 1626 190 1692 κατα
213 1623 307 1708 νόμον
327 1631 389 1694 τιόν
411 1633 572 1711 πρέσβεων
591 1631 830 1712 μεταδέδωκεν,
854 1632 895 1694 ον’
916 1627 999 1696 πάνυ
1021 1631 1057 1694 δὲ
1080 1630 1212 1704 τούτους

113 1725 352 1812 φιλανθρώπως
380 1730 515 1808 ἐδέξατο.
574 1723 658 1813 ὅμως
692 1733 719 1794 δ’
748 1725 806 1794 οὖν
837 1731 1064 1806 συνεπινεδσας
1090 1730 1148 1796 κατ’
1172 1726 1208 1790 τὸ

68 1839 101 1891 15
112 1827 387 1912 προσκυνούμενον
413 1839 543 1913 σημεῖον
567 1832 676 1905 ου’τοῖς
697 1834 903 1911 ἐπιδέδωκεν,
929 1833 982 1897 ἵνα
1003 1829 1042 1917 τῇ
1061 1813 1214 1911 tutotuto

110 1926 224 1992 τούτου
246 1929 397 2010 α’βλαβεῖς
413 1925 494 2012 πρὸς
514 1927 615 1994 ου’τὸυ
637 1930 852 2011 ἐπανέλθοιεν,
872 1933 1051 2011 κομίζοντες
1066 1928 1213 2011 α’μγελέας

111 2021 150 2101 ἐς
175 2021 215 2092 ἐν
244 2029 277 2091 ἐκ
296 2030 361 2093 ’τοῦ
389 2024 567 2094 σουλτοὶνου
602 2032 840 2100 διενωτίοοιντσ.
892 2029 1047 2113 δεδήλωκε
1067 2027 1150 2113 χεὶρ,
1170 2028 1213 2114 τῷ

111 2121 284 2218 ἀνελπίστῳ
304 2129 564 2214 τοῦμήνιῖματος
585 2131 754 2214 ἐπαρθείς,
783 2130 825 2196 ἵν’
853 2129 869 2200 ὅ
891 2127 1061 2204 σουλτοὶνος
1083 2133 1213 2195 καταλι-

110 2223 179 2308 πιδν
199 2227 254 2295 τὸν
284 2226 379 2297 τόπον
408 2232 464 2314 τής
493 2233 696 2315 παρεμβολῆς
718 2235 911 2316 πορρωτέρω
934 2227 1213 2314 στρατοπεδεδσή·
1268 2304 1279 2319 ⁶

64 2345 183 2400 λθται·
229 2330 327 2406 ου’τὸς
346 2334 381 2398 δέ
404 2327 420 2394 ὅ
442 2329 596 2413 βασιλεδς
617 2335 650 2396 έν
673 2333 782 2396 ἐκείνω
800 2335 842 2417 τῷ
863 2332 958 2419 τόπερ,
980 2327 1015 2404 ἐς
1037 2328 1213 2412 τάςΤοορ-
1261 2387 1265 2393 .

110 2427 200 2504 κικοὲς
223 2423 288 2512 εἶχε
310 2429 461 2514 δυνάμεις
484 2427 647 2514 πρότερον,
670 2430 817 2514 ἐπιθήσει
837 2428 894 2510 τὸν
915 2429 1058 2516 χάρακα,
1081 2427 1137 2494 καί
1154 2455 1210 2512 τη.

110 2523 242 2595 νικοδτοι
276 2529 354 2617 πρὸς
385 2528 563 2616 συμβάσεις
591 2533 693 2618 otsp'
709 2533 933 2619 παραγένηται.
977 2528 1074 2607 &lodo
1102 2529 1138 2596 δὲ
1153 2526 1212 2614 τήν

118 2776 120 2779 ,
185 2729 211 2782 2.
230 2717 356 2794 τελευτήν
377 2689 432 2780 (λ.
514 2727 540 2780 3.
559 2727 745 2801 προεβάλλετο
762 2727 792 2785 G.
883 2728 926 2780 ·5.
943 2726 1111 2796 sandomir
1129 2724 1160 2782 0.

161 2851 163 2856 ,
187 2796 228 2850 18.
248 2801 404 2871 ἐπαρδείση
424 2798 471 2872 (ἐ.Ὶ

111 2978 179 3042 lere,
199 2975 369 3032 iureiurando
389 2993 436 3032 eos
456 2980 638 3048 adstringendi
656 2981 716 3046 regi
736 2979 877 3035 consilium
904 2979 981 3031 dedit
1008 2984 1089 3045 εισοε
1112 2989 1230 3036 revere*

111 3048 225 3100 consilio
244 3059 354 3116 accepto
375 3052 450 3118 operi
469 3051 634 3102 absolvendo
653 3050 872 3117 perficiendoquc
899 3049 1045 3116 statimne
1065 3048 1210 3114 praeficie-

110 3121 173 3172 bat:
201 3122 290 3189 itaque
320 3123 397 3174 etiam
425 3121 688 3188 secundum'pntrios
717 3134 805 3171 mores
825 3133 872 3171 eos
891 3126 1083 3170 sacromentum
1101 3118 1164 3171 fidei
1182 3120 1210 3170 in

109 3207 201 3260 regern
220 3193 389 3260 incorruptae
413 3191 612 3242 conservandae
640 3190 735 3242 iubens
759 3189 875 3242 Graecos
895 3203 1002 3259 quoqne
1021 3189 1113 3242 eodem
1131 3189 1209 3242 ruodo

109 3271 247 3314 accuratos
272 3265 423 3330 pactionum
451 3260 553 3312 reddidi
573 3261 696 3313 custodes
714 3276 803 3330 neque
822 3261 958 3328 inceptis,
978 3276 1047 3329 quoe
1065 3261 1209 3326 studerem,

110 3334 212 3384 excidi:
237 3349 316 3385 neruo
343 3333 413 3384 enirn
437 3331 531 3383 horum
561 3347 595 3382 ne
614 3333 642 3382 in
667 3333 726 3399 ipso
746 3334 852 3402 quidem
870 3331 975 3403 proelio
999 3332 1033 3385 od
1051 3332 1142 3387 lrostes
1159 3333 1208 3386 de.

109 3405 183 3456 fecit.

207 3495 275 3546 Dum
295 3498 382 3543 autern
402 3490 469 3542 haec
489 3492 572 3556 liunt,
602 3502 628 3545 et
646 3493 745 3546 milites
765 3492 908 3549 secuudum
935 3494 1042 3547 ordines
1066 3501 1093 3544 et
1110 3500 1208 3544 turmas

108 3564 201 3632 armuti
222 3577 304 3630 equos
323 3563 476 3627 escendunt,
494 3563 578 3632 legati
598 3563 726 3616 nsultaui
737 3555 1003 3632 purte'aducnerunt
1020 3578 1113 3630 pacem
1124 3562 1208 3614 utris·
1298 3632 1301 3636 A
1371 3620 1374 3632 ¹

108 3651 161 3704 qne
181 3634 343 3686 nuntiantes.
381 3649 430 3686 rex
448 3643 535 3686 autem
556 3636 662 3702 excepit
687 3636 793 3704 quidem
812 3651 859 3689 eos
879 3645 907 3687 et
925 3634 1089 3700 colloquium
1108 3634 1141 3686 iis
1162 3649 1209 3685 se.

108 3706 220 3758 cundum
247 3719 347 3755 morem
370 3705 520 3774 legatorum
550 3708 698 3759 concessit:
733 3708 781 3759 sed
806 3709 912 3761 omnino
935 3720 990 3757 non
1016 3702 1065 3757 hos
1094 3703 1207 3757 humano

107 3778 185 3829 modo
207 3775 326 3842 excepit:
345 3783 432 3829 tamen
452 3778 534 3844 igitur
559 3778 677 3829 adnuens
696 3779 730 3829 iis
755 3779 859 3846 signum
878 3775 1003 3828 ndulondi
1022 3777 1101 3827 etium
1119 3776 1207 3840 dedit,

107 3857 137 3898 ut
162 3847 214 3899 hoc
242 3849 318 3914 signo
345 3857 449 3901 ostento
475 3849 574 3918 integri
599 3849 631 3900 od
655 3849 741 3916 ipsum
771 3850 896 3901 uenirent
919 3847 1028 3900 nuntios
1055 3847 1208 3912 afferentes,

108 3933 210 3987 queso
234 3919 339 3971 sultano
364 3921 541 3987 accepissent.
587 3928 680 3986 aperte
707 3921 776 3970 enim
800 3921 984 3986 inexspectato
1009 3921 1103 3972 nuntio
1123 3919 1209 3970 elatus

108 3999 173 4054 erat,
192 3991 313 4042 nimirum
331 3991 462 4042 sultanum
482 3999 627 4044 castrorum
652 3990 714 4042 loco
732 3990 836 4058 ¹relicto
867 3989 979 4044 ulterius
999 3999 1084 4044 cestro
1102 3989 1209 4057 positu-

105 4078 164 4113 rum
189 4078 264 4126 esse,
285 4077 376 4129 regem
399 4077 464 4115 vero
495 4064 579 4130 ipsum
598 4061 648 4113 illo
667 4061 695 4113 in
714 4061 787 4127 loco,
814 4077 867 4130 quo
886 4062 1027 4114 Tuscorum
1048 4062 1143 4127 copiae
1163 4073 1209 4110 es-

106 4139 176 4198 seut,
193 4135 267 4202 prius
286 4149 387 4204 aggere
406 4135 476 4187 iacto
496 4142 550 4188 tum
570 4150 630 4189 oum
656 4149 688 4186 eo
708 4141 902 4198 conventurum
928 4149 997 4193 esse.
1033 4131 1140 4190 nescius
1158 4145 1208 4182 nn.
