2875 4734
248 283 297 354 28
544 286 761 358 attentatis
791 284 1053 357 adultioris:

248 453 442 533 τεμέμψατο,
466 445 514 516 ότι
534 454 592 516 τού
619 449 899 532 καιρούδιδόντος
925 447 959 514 τό
983 447 1137 533 πρότερον
1164 451 1357 531 μαλακῶτε.

249 575 305 635 ρον
327 550 424 628 αύτός
444 552 498 637 τήν
519 553 704 638 φιλοτιμίαν
728 551 865 630 ἐδέξατο.
909 553 965 615 καί
984 547 1053 616 τότε
1067 547 1177 616 λοιπόν
1197 551 1243 626 εἰς
1263 549 1358 637 ἔργον

249 649 266 714 ό
286 653 376 734 λόγος
397 657 574 738 ἐκβέβηκεν,
590 645 638 716 ότι
661 651 704 737 τῷ
724 651 894 736 Ἐπιμηθεῖ
910 649 942 716 τό
959 654 1020 732 μέν
1036 655 1143 733 μέλειν
1155 651 1224 714 ὀύκ
1244 642 1293 736 ήν,
1317 653 1354 716 τό

249 753 285 818 δὲ
305 757 493 834 μεταμέλειν
514 749 595 838 ἐνῆν.
618 751 753 826 ’πολλοὺς
784 754 812 815 δ’
834 750 1095 837 ἐμπεριπατήσας
1115 750 1268 828 διαύλους
1289 754 1352 836 πρό

249 857 311 917 τῶν
332 855 463 935 τειχῶν,
493 847 562 918 εἶτα
593 849 668 926 τούς
689 848 866 925 ἑαλωκότας
898 848 1089 936 προαγαγῶν
1116 853 1173 914 καῖ
1192 852 1378 936 διαχειρι’.5

249 957 371 1018 σασθαι
404 950 532 1028 τούτους
560 950 827 1032 ἐπαπειλούμινος
858 952 889 1015 εἰ
905 951 956 1035 μή
977 949 1034 1034 τήν
1065 948 1189 1016 εἴσοδον
1210 953 1299 1038 αύτῷ
1324 949 1354 1016 οἱ

249 1049 338 1128 ἐντός
366 1055 591 1138 ἐπιτρέψαιεν,
611 1051 655 1126 ῶς
678 1048 758 1135 ἔγνω
777 1049 880 1134 μάτην
901 1049 935 1117 τό
967 1054 1024 1116 τού
1049 1052 1141 1135 λόγου
1164 1055 1354 1136 θυροκοπῶν

249 1152 304 1218 κατ’
323 1153 403 1237 πρός
429 1158 561 1239 Κρήτας
581 1155 754 1239 κρητίζων,
773 1151 1010 1236 όπισθόρμητος
1031 1155 1146 1235 γέγονε.

353 1258 423 1320 Καί
451 1279 545 1330 τινας.
575 1253 697 1339 ἡμέρας
730 1257 763 1317 ἐν
793 1253 994 1336 Θερμοπόλει
1028 1251 1354 1339 ἐπιστρατευσάμενος

250 1349 383 1438 ἐτέρας,
412 1355 591 1437 όρξαμένου
613 1355 671 1419 τού
692 1349 836 1438 πλήθους
859 1354 959 1416 αύτού
979 1353 1129 1437 ὑπορρεῖν
1151 1357 1206 1418 καί
1228 1358 1271 1442 τῷ
1289 1359 1354 1436 βα-
1364 1358 1393 1413 10

249 1460 335 1520 σιλεῖ
352 1459 537 1540 προσιέναι,
565 1448 646 1538 ἄρος
677 1457 799 1519 ἐκεῖθεν
821 1453 933 1528 νυκτός
963 1450 1040 1536 πρὸς
1058 1447 1194 1538 ἑσπέραν
1215 1455 1355 1542 ἐβάδιζε,

248 1554 303 1622 καί
323 1555 403 1622 κατά
429 1559 484 1636 τῆς
501 1554 688 1620 Ῥαιδεστοό
709 1550 817 1636 (πόλις
838 1555 873 1617 δέ
894 1548 973 1636 αύτη
995 1551 1160 1638 παράλιος,
1182 1556 1237 1636 τῆς
1248 1559 1354 1639 Προι·

248 1654 399 1740 κοννήσου
424 1657 590 1742 α’πένοιντι)
614 1657 811 1742 πανστρατιᾷ
844 1651 1046 1739 ἐξωρμήσατε
1068 1651 1167 1739 (μόνη
1184 1653 1245 1740 γάρ
1271 1652 1353 1741 αύτη

248 1758 312 1820 τῶν
335 1756 564 1821 Μακεδονικῶν
593 1757 631 1818 ori
663 1751 856 1839 συναπήχθη
883 1751 985 1844 τούτῳ
1018 1756 1073 1818 καί
1106 1756 1352 1843 συνεφρόνησε),

248 1857 393 1922 σπεύδων
413 1855 490 1922 κατά
514 1852 627 1940 κράτος
658 1853 741 1922 ἑλεῖν
770 1852 828 1940 τήν
861 1854 953 1920 πόλιν
982 1855 1037 1920 καί
1057 1858 1101 1920 δι’
1133 1855 1230 1938 αύτῆς
1252 1867 1392 1923 κατα-15

248 1961 361 2040 πλῆξαι
391 1954 466 2031 τούς
496 1955 745 2042 ἀντιβαίνοντας.
796 1955 987 2042 προσραγεδς
1013 1959 1048 2022 δέ
1071 1964 1135 2031 τοῖς
1156 1959 1278 2040 τείχεσι
1299 1963 1356 2025 κατ’

245 2055 394 2142 μηχανάς
415 2055 592 2142 ἐπιστήσας
608 2061 727 2140 αύτοῖς,
751 2061 812 2123 τῶν
842 2055 1120 2143 ἔνδονεύρῶστως
1141 2057 1352 2142 άνταγωνιζο.

247 2161 352 2238 μένων
372 2152 529 2243 άπρακτος
551 2156 730 2245 όπηλλόγη,
751 2161 851 2245 μηδὲν
879 2157 1100 2244 κατωρθωκώς
1124 2150 1225 2242 ῶνπερ
1248 2161 1353 2224 διενο-

248 2255 355 2344 ήσατο.
406 2255 439 2336 ἐξ
461 2260 581 2324 ἐκεῖνον
604 2259 709 2325 τοτ’νον
730 2261 788 2345 τήν
807 2259 1011 2346 παρεμβολήν
1033 2263 1068 2325 ἐν
1091 2268 1158 2334 τοῖς
1177 2265 1353 2342 μεσογείοις

152 2392 159 2400 -
246 2362 441 2442 προθέμενος
475 2359 659 2441 ἐκαραδόκει
682 2359 717 2424 τό
742 2367 867 2444 μέλλον.
920 2354 1057 2446 ήρξαντο
1078 2363 1113 2426 δὲ
1133 2360 1188 2425 καί
1206 2357 1268 2425 α’πό
1291 2364 1392 2428 reum

246 2463 303 2543 τής
322 2455 405 2534 ἑῶας
433 2462 543 2525 πολλοὶ
576 2459 656 2544 πρός
679 2461 739 2544 τήν
761 2462 998 2543 βασιλεύουσαν
1018 2464 1177 2546 ἐπιρρεῖν,
1204 2466 1352 2550 πανταχῇ

247 2556 441 2642 γραμμάτων
476 2561 752 2645 ἐπιφοιτησάντων
772 2562 962 2642 βασιλικῶν·
1014 2567 1070 2628 κατ’
1090 2559 1249 2646 προϊόντες
1270 2567 1352 2639 τινές

248 2654 431 2737 όποσπάδτς
464 2658 627 2746 ἐξήπτοντο
660 2667 723 2728 τῶν
745 2666 951 2745 πεμπομένων
972 2661 1033 2749 πρό
1063 2668 1117 2748 τῆς
1138 2666 1351 2749 παρεμβολῆς,

250 2983 321 3054 quod
351 2995 409 3034 eum
429 2983 536 3036 occasio
561 2983 587 3034 ai
606 2981 774 3050 praebuisset
802 2983 957 3047 victoriam,
986 2981 1095 3036 mollius
1127 2982 1187 3050 ipse
1216 2988 1351 3035 conamen
1416 2974 1417 2983 ’

248 3062 398 3108 tractasset.
437 3063 517 3123 atque
533 3063 588 3106 tum
608 3064 707 3107 eventu
726 3055 864 3122 probatum
885 3063 926 3107 est
948 3055 1131 3121 proverbium,
1150 3054 1221 3122 quod
1240 3054 1352 3121 Epime.

248 3127 311 3179 theo
323 3143 412 3178 euram
426 3143 480 3179 uon
492 3136 636 3192 suppetere
650 3130 695 3190 ait,
709 3137 852 3194 suppetere
862 3127 1062 3194 poeniteutiam.
1083 3125 1178 3177 multas
1191 3132 1280 3176 autem
1293 3142 1352 3176 cum
1415 3130 1416 3197 j

249 3198 426 3266 percurrisset
443 3197 501 3249 vias
521 3207 582 3249 aute
602 3207 705 3262 muros,
726 3199 822 3250 deiude
841 3207 933 3266 captos
945 3198 1114 3264 produxisset
1132 3205 1160 3247 et
1179 3213 1209 3248 se
1226 3197 1352 3248 trucidari

250 3269 299 3320 hos
319 3270 451 3320 iussurum
468 3269 603 3320 minitatus
623 3278 712 3334 esset,
741 3272 794 3322 nisi
812 3271 909 3322 aditum
929 3271 954 3319 ei
978 3270 1023 3336 qui
1042 3270 1113 3319 intus
1133 3276 1207 3319 erant
1226 3269 1352 3320 tradidis.

249 3348 318 3404 sent,
338 3349 475 3408 postquam
498 3343 627 3408 cognovit
644 3341 742 3393 frustra
760 3343 831 3395 diota
850 3340 1021 3404 erueremur,
1040 3348 1129 3406 portas
1147 3339 1257 3405 pulsans
1278 3347 1304 3390 et
1322 3348 1352 3390 ut
1414 3362 1415 3415 χ

249 3412 281 3464 ad
302 3411 444 3476 Cretenses
463 3414 538 3481 quasi
559 3411 695 3465 Cretensis
712 3415 837 3464 mentitus
856 3412 944 3464 rediit.

348 3483 381 3535 Et
405 3483 550 3536 nonnullos
576 3485 634 3536 dies
660 3483 854 3551 Thermopylae
886 3490 1028 3549 postquam
1052 3489 1139 3532 eastra
1163 3480 1350 3548 pompatior,

249 3571 308 3608 oum
327 3555 462 3621 coepisset
486 3554 625 3606 multitudo
653 3557 677 3606 ei
697 3555 816 3606 delluere
845 3563 872 3605 et
899 3555 932 3605 ad
956 3567 1047 3620 regem
1072 3553 1128 3616 ire,
1155 3553 1271 3604 surrexit
1289 3553 1350 3603 inde

247 3634 330 3678 noctu
350 3634 376 3677 et
394 3627 426 3678 ad
447 3627 611 3678 occidentem
640 3626 695 3678 ibat
721 3634 748 3676 et
765 3634 858 3678 contra
875 3625 1027 3677 Raidestum
1054 3623 1131 3692 (urbs
1150 3631 1191 3675 est
1208 3623 1275 3674 haec
1292 3638 1350 3674 ma.

249 3698 337 3748 ritima
355 3697 554 3749 Proconnesum
580 3702 689 3767 versus)
716 3713 775 3748 cum
801 3706 857 3748 toto
871 3697 992 3766 exercitu
1011 3703 1105 3746 vectus
1128 3703 1182 3758 est3
1200 3693 1259 3747 sola
1279 3695 1351 3745 enim
1412 3712 1413 3715 ¹

250 3767 317 3817 haee
335 3767 397 3817 urbs
418 3768 648 3820 Macedonicarum
672 3782 727 3820 non
754 3768 882 3820 subducta
909 3776 965 3819 erat
983 3765 1015 3817 ab
1035 3767 1102 3829 hoc,
1131 3775 1158 3817 et
1175 3765 1350 3817 meditabatur

250 3837 360 3889 studens
380 3836 561 3904 vloccupare
579 3839 671 3891 urbem
698 3847 725 3891 et
749 3856 798 3907 per
824 3856 880 3892 eam
905 3847 1035 3890 terrorem
1054 3838 1167 3888 iniicere
1186 3838 1350 3905 aggredien.

248 3907 328 3960 tibus.
367 3921 511 3974 aggressus
538 3918 624 3961 autem
654 3912 761 3962 moenia
789 3920 815 3962 et
837 3910 966 3961 machinis
992 3910 1122 3977 oppositis
1146 3910 1196 3972 iis,
1226 3923 1285 3959 cum
1305 3911 1350 3976 qui

248 3982 318 4031 intus
339 3984 415 4029 orant
434 3976 524 4029 valide
542 3981 709 4046 resisterent,
730 3982 838 4034 iniectis
856 3981 935 4033 rebus
956 3981 1037 4041 abiit,
1058 3988 1195 4048 postquam
1216 3977 1284 4029 uilril
1303 3993 1349 4030 re.

249 4051 366 4116 portavit
384 4063 485 4111 eorum,
506 4064 574 4117 quae
593 4052 732 4103 meditatus
751 4061 815 4105 erat.
855 4069 889 4103 ex
908 4053 1042 4119 eoigitur
1059 4059 1180 4117 tempore
1199 4051 1303 4113 castris,
1322 4051 1349 4100 in

249 4122 449 4172 mediterraneis
469 4122 564 4187 positis
584 4123 755 4188 exspectabat
780 4124 905 4175 futurum.
944 4129 1087 4189 coeperant
1113 4130 1199 4173 autem
1220 4121 1350 4171 etiamen

249 4191 352 4248 oriente
371 4191 446 4244 multi
466 4193 498 4246 ad
518 4192 659 4262 capitalem
678 4193 790 4249 affluere
815 4194 915 4263 ubique
942 4193 1028 4248 literis
1047 4192 1193 4264 divulgatis
1211 4192 1303 4263 regiis,
1323 4197 1350 4240 et
