2875 4734
167 303 171 309 '
209 289 280 362 130
499 285 716 359 ntentans
752 282 1085 357 antinomia

208 451 309 518 αάτοό
339 451 392 516 καί
419 454 680 570 προεμπλαιιήναι
714 451 790 534 ήμῖυ
821 449 1055 532 παροδεύουσι,
1082 447 1138 509 καί
1165 425 1226 508 τοό
1244 443 1308 510 τῶν

204 544 392 617 εαλιοιιότοιν
415 547 572 635 πλήθους,
601 549 643 628 οός
671 553 728 615 οάκ
764 544 801 634 ήν
823 553 857 614 ἐν
874 557 938 623 τοῖς
957 543 1100 629 μάλιστα
1122 545 1204 630 μηδὲ
1228 542 1309 627 πρός

207 649 283 727 τούς
303 650 415 721 ἑκατόν
437 651 605 732 ἀποστάζον
627 644 763 734 ἄνδρας·
807 651 851 726 air
873 645 952 715 εἶναι
970 638 1100 732 δήλον“
1083 670 1134 709 οτι
1148 643 1183 708 τό
1207 644 1334 727 στρά-

206 775 307 832 τευμα
329 753 451 828 τούτοις
473 752 591 836 σχεδόν
613 749 855 836 ἀνεπαισθήτους
885 749 1150 834 η’κριοτηριόισται,
1175 748 1245 810 ε’τιεί
1264 746 1308 832 τῷ

131 899 134 904 -
207 849 293 916 ἔθνει
311 852 413 940 τοότρι
436 855 530 916 ου’δὲν
551 847 570 936 ή
591 851 723 936 τοιαύτη
741 844 831 935 ήττα,
853 854 909 916 καί
930 844 1000 914 όσαι
1017 846 1116 936 ταότη
1137 839 1336 930 παραπλή-5

207 975 285 1037 σιαι,
308 953 468 1016 δουλῶσαι
490 949 695 1038 δεδύνηνται·
739 955 856 1018 θάττον
874 949 935 1034 γάρ
958 945 1091 1022 ἓαυτοός
1111 941 1307 1011 ἀνακαλοῦν-

205 1075 259 1115 ται
278 1049 307 1115 οἱ
329 1049 594 1135 στρατευόμενοι,
625 1056 680 1118 καί
703 1046 799 1116 πάλιν
830 1054 876 1127 εἷς
902 1050 1010 1133 μάχην
1028 1049 1308 1113 ἀποκαθίστανται.

206 1150 261 1214 καί
280 1149 332 1216 διά
354 1152 448 1215 τοῦτο
471 1149 564 1226 εἴτις
585 1153 815 1242 καταλειφθείη
836 1160 936 1235 μοῖρα
953 1151 1138 1232 Ῥωμαίων,
1170 1149 1308 1228 ἀγεννεῖς

206 1247 362 1337 ἐμφάσεις
392 1251 448 1316 καί
467 1255 629 1328 διαθέσεις
658 1254 776 1318 αότίκοι
804 1254 1039 1334 προσλήψεται,
1061 1252 1116 1332 τής
1136 1250 1194 1312 τοῦ
1216 1252 1308 1329 βασι.

207 1353 302 1425 λόως
308 1376 362 1416 και
383 1356 446 1416 ταῖν
468 1358 585 1418 λοιπῶν
604 1377 807 1438 στρατιωτων
829 1354 1047 1472 ἀπορραγεῖσα
1067 1352 1216 1431 συνόδου,
1238 1347 1308 1427 ε’ξό-
1289 1371 1353 1424 -10

155 1445 159 1451 ⁴
204 1474 272 1532 χαις
295 1454 323 1516 δ’
346 1447 628 1537 ἀναθαρρήσουσιν
661 1452 690 1517 οἱ
722 1458 876 1534 πολέμιοι.
919 1476 972 1515 και
1004 1445 1127 1538 όσιρπερ
1159 1449 1180 1532 ή
1205 1449 1308 1513 δειλία

204 1555 266 1618 τεόν
284 1549 451 1635 ιῬιομαιοιν
472 1545 646 1631 καθίκοιτο,
668 1557 819 1617 τοσοῦτον
838 1557 967 1629 ἐκείνοις
990 1579 1009 1634 η
999 1547 1132 1630 ςτόλμα
1146 1573 1308 1633 προαπαν·

205 1651 315 1737 τήσει
371 1655 426 1718 καί
452 1655 571 1742 ῥαδίως
594 1658 657 1720 τεόν
677 1654 841 1737 ἡμετέραν
871 1653 1144 1736 περιγενήσονται,
1165 1650 1234 1717 ε’πει
1255 1649 1311 1714 καί

205 1755 516 1837 προεκπεφοβημένοι
540 1753 750 1836 τυγχάνουσιν
765 1756 794 1818 οἱ
812 1750 973 1838 Ῥωμαῖοι,
996 1754 1051 1817 καί
1069 1749 1167 1834 μόνον
1189 1748 1310 1824 αάτοδς

206 1851 284 1937 ἀράν
314 1851 390 1926 τούς
417 1859 586 1934 πολεμίους
620 1863 707 1918 ποιεῖ
734 1851 785 1920 ότε
816 1854 873 1939 τήν
902 1857 961 1919 τοῦ
988 1873 1175 1937 κρατουντος
1207 1873 1307 1931 ορωσι
1318 1869 1351 1921 15

204 1952 272 2033 μετ’
296 1951 402 2016 τιότοιν
422 1951 633 2039 γενναιότητα.
677 1960 732 2020 καί
751 1953 850 2040 σι’περ
859 1958 997 2030 ε’κείνους
1016 1953 1197 2036 τρέψονται,
1216 1946 1308 2037 ἀφυ-

206 2074 276 2128 κτος
295 2050 384 2136 ήμάς
405 2049 625 2136 καταλήψεται
645 2059 811 2131 κι’·νδυνος
857 2057 894 2118 od
916 2054 976 2140 γάρ
1001 2057 1041 2119 οδ
1059 2051 1254 2137 μελήσουσιν
1277 2073 1307 2115 οι

209 2155 345 2237 Τοῦρκοι
367 2151 411 2238 μή
434 2153 510 2235 ου’χι
529 2159 746 2241 καταδραμεῖν
767 2161 822 2220 καί
844 2157 934 2241 ήμῶν
952 2182 1007 2221 και
1027 2161 1115 2239 νίκην
1137 2151 1306 2238 διαβόητον

207 2254 468 2338 ἀπεργάσασθαι,
499 2257 765 2338 διακεκομμένους
796 2255 961 2342 εὑρηκότες
990 2257 1044 2321 καί
1058 2257 1307 2339 ’διεσκορπισμέ-

194 2355 278 2428 ’νους
298 2357 335 2440 τῇ
369 2354 465 2438 πρός·
482 2356 522 2419 τό
552 2359 651 2420 οἰκεῖα
673 2361 806 2444 σπουδή.
855 2359 933 2422 “aod
958 2353 1026 2438 άμα
1056 2359 1103 2433 τίς
1127 2356 1146 2439 ή
1170 2355 1353 2439 ἀνάγκη”ρρ

205 2451 297 2541 ἔφην,
317 2449 366 2521 “od
384 2461 529 2538 doctiori,
555 2455 601 2521 ἔτι
623 2459 681 2522 τοό
702 2455 791 2534 έτους
818 2457 891 2541 περὶ
914 2457 1020 2539 ἀκμάς
1039 2462 1096 2523 τοῦ
1119 2460 1235 2541 θέρους
1255 2449 1307 2520 όν-

206 2578 260 2633 τσς
296 2543 482 2627 καταλιπεῖν
513 2558 587 2632 τοὺς
617 2555 777 2642 ἐναντίους
800 2562 846 2636 εἰς
867 2557 925 2642 τήν
943 2558 1128 2640 Ῥωμαίων,
1150 2558 1207 2621 καί
1227 2555 1308 2642 πρός

207 2657 329 2733 ἀνέσεις
362 2659 417 2722 καί
441 2659 635 2790 ἀπολαύσεις
655 2654 788 2736 ἑαυτοὺς
808 2662 974 2741 ἐκδοῦναι,
994 2659 1050 2724 καί
1067 2661 1114 2744 μή
1136 2663 1194 2725 νῦν
1216 2679 1309 2749 κακρ.

276 2833 303 2887 8.
317 2827 399 2888 τοῦ.
490 2834 532 2885 11.
536 2786 684 2888 d’omc.
705 2851 758 2904 quo
775 2851 829 2888 non
850 2851 927 2905 opus,
947 2836 971 2890 ιὶ
987 2848 1067 2906 supra
1084 2837 1310 2908 καταληφθεῖσα

276 2905 432 2976 posueris.
510 2904 551 2957 17.
571 2921 605 2958 au
629 2901 689 2980 γάρ
710 2906 924 2980 δμελήσουσινῖ

207 3050 367 3116 εεοιιὶίομὶδ
400 3051 521 3102 timorem
546 3027 580 3104 iis
605 3054 732 3106 correxit.
776 3062 856 3121 atque
875 3053 927 3106 boc
946 3055 1063 3121 perspici
1090 3061 1180 3121 potest
1209 3070 1242 3105 ex
1257 3069 1306 3118 eo,
1329 3069 1337 3076 ’

207 3123 279 3191 quod
297 3138 351 3174 nou
370 3122 493 3175 relietum
514 3131 555 3175 est
575 3124 715 3192 quidquam
735 3125 850 3191 praedae
874 3125 922 3189 ibi,
942 3133 969 3176 et
993 3127 1063 3194 quod
1089 3125 1259 3192 implicarunt
1277 3141 1308 3178 ιο

206 3194 286 3246 nobis
305 3195 555 3260 praetereuntibus:
576 3203 603 3244 et
622 3211 655 3246 ex
674 3205 811 3264 captorum
829 3196 999 3249 multitudiue
1032 3212 1079 3248 eos
1107 3212 1162 3248 non
1189 3197 1309 3263 potuisse

206 3265 373 3318 maximone
393 3266 464 3316 circa
484 3274 588 3317 centum
607 3268 712 3333 quidem
732 3282 841 3318 servare
865 3269 949 3332 viros,
969 3270 1006 3319 ita
1023 3276 1053 3318 ut
1070 3269 1188 3351 perspici
1208 3274 1309 3333 posset,

207 3336 354 3388 exereitum
374 3337 415 3388 bis
434 3336 492 3387 lere
511 3338 570 3388 sine
591 3353 670 3389 sensu
689 3338 791 3390 laesum
811 3354 880 3403 esse,
901 3355 959 3390 cum
979 3339 1042 3390 huic
1069 3341 1144 3407 genti
1169 3338 1237 3390 nihil
1264 3346 1309 3388 ta-

205 3407 242 3460 lis
270 3406 360 3460 clades
380 3415 408 3458 et
426 3416 556 3475 quotquot
575 3408 637 3460 huic
656 3409 757 3461 similes
779 3418 839 3460 sunt
859 3410 992 3462 subiicere
1016 3413 1162 3493 potuisset:
1192 3409 1310 3462 celerius

208 3479 279 3530 enim
297 3495 327 3532 se
346 3487 481 3530 revocant
493 3479 592 3531 milites
613 3489 639 3532 et
659 3496 750 3532 rursus
771 3482 803 3532 ad
825 3496 941 3549 pugnam
960 3482 1166 3532 constituuntur
1188 3489 1215 3532 et
1224 3495 1309 3546 prop

206 3557 282 3602 terea
301 3553 325 3603 si
343 3550 541 3618 relinqueretur
561 3567 621 3618 pars
641 3550 803 3603 Graecorum
823 3552 958 3619 ignobiles
977 3549 1187 3620 significationes
1207 3560 1233 3602 ot
1250 3552 1309 3602 dis-

193 3623 356 3688 positiones
376 3623 464 3673 statim
483 3623 606 3689 accipiet,
627 3638 641 3673 a
660 3623 732 3690 regis
750 3631 776 3673 et
801 3622 964 3692 reliquorum
988 3624 1101 3675 militum
1120 3623 1309 3676 coniunctione

163 3713 169 3727 r
207 3692 313 3757 avulsa,
333 3694 412 3746 valdo
431 3695 546 3745 animum
564 3694 699 3761 recipient
717 3693 825 3746 bootes·
846 3704 872 3745 et
891 3710 943 3763 quo
962 3697 1046 3763 magis
1065 3697 1175 3763 ignavia
1193 3694 1309 3746 Graecos
1355 3717 1361 3722 ·

153 3784 155 3791 ·
209 3771 407 3832 assequeretur,
428 3781 460 3816 eo
479 3767 563 3834 magis
583 3765 639 3816 illis
658 3764 755 3816 fiducia
775 3765 904 3818 obveniet
923 3777 950 3818 et
971 3766 1051 3819 facile
1069 3775 1176 3818 nostros
1195 3771 1309 3831 supera-

206 3833 289 3900 bunt,
310 3853 369 3888 cum
388 3839 468 3888 etiam
487 3846 566 3888 antea
584 3837 679 3888 timore
699 3837 818 3902 perculsi
839 3837 893 3889 sint
912 3835 1006 3891 Graeci
1027 3839 1094 3888 etsi
1113 3837 1308 3889 tautumideos

207 3907 330 3960 videntes
350 3908 414 3960 lacit
434 3910 534 3971 hostes,
556 3924 614 3958 cum
634 3909 802 3974 imperatoris
822 3924 880 3958 eum
908 3911 974 3974 ipsis
998 3908 1164 3961 nobilitatem
1191 3907 1308 3960 videant.

179 3988 183 3996 '
206 3987 288 4046 atquo
306 3982 328 4032 si
348 3980 437 4034 illos'
431 3996 458 4030 ru
478 3979 567 4046 fugam
586 3987 702 4043 vertent,
723 3979 882 4031 inevitabile
900 3995 949 4031 nos
975 3979 1117 4047 occupabit
1142 3977 1310 4046 periculum:

207 4065 297 4118 neque
316 4053 386 4102 enim
404 4065 458 4101 non
479 4049 608 4100 curabunt
626 4049 736 4114 Turcae,
758 4052 822 4118 quin
841 4051 967 4116 impetum
993 4052 1093 4103 faciant
1118 4053 1198 4102 etiam
1217 4056 1311 4100 contra

199 4135 258 4173 -nos
278 4130 305 4172 et
323 4121 462 4172 victoriam
483 4119 580 4171 claram
601 4131 749 4187 reportent,
769 4130 909 4189 postquam
927 4136 976 4174 nos
1003 4122 1119 4174 afflictos
1147 4123 1311 4174 invenerunt

209 4201 237 4248 ot
253 4192 380 4246 disiectos
399 4191 486 4246 studio
505 4191 708 4246 domesticarum
729 4208 827 4246 rerum.
864 4202 944 4262 atque
962 4193 1052 4259 simul,
1064 4209 1134 4262 quae
1152 4202 1195 4246 eat
1209 4205 1310 4246 ncces-
