2875 4734
574 264 781 335 nrsrouu.
941 275 950 284 ··
1183 261 1236 336 tu
1301 250 1307 259 ’

133 423 303 506 ρίσιτσθαι,
324 425 495 508 κατεκρίθη
517 422 631 510 φορήν.
675 423 743 494 εἶτα
766 428 933 512 γενομένης
951 430 1038 515 αὐτῷ
1057 433 1114 514 τῆς
1132 429 1235 494 καθό-

133 525 190 588 δοο
214 517 375 609 α’πεστοίλη
406 522 484 588 κατοὶ
518 531 580 590 τῶν
602 521 749 611 Οέννοον,
770 531 832 595 ταῖν
856 527 1024 610 Ῥωμαίων
1044 528 1236 615 ὖπερμαχὴ-

133 649 208 705 οων,
230 626 285 690 καί
302 629 475 708 τηνικαῦτα
498 627 539 690 δι’
562 629 667 696 αἰτίαν
688 632 744 712 τῆς
765 633 829 694 τῶν
849 633 1085 711 στρατιωτικῶν
1105 651 1235 717 σιτηρε-
1275 702 1279 708 ,

132 728 211 790 σίων
241 725 486 810 ὑποκρατὴσεως
510 730 553 813 τῷ
575 721 705 811 ἄρχοντι
736 729 918 814 προσερρίη
947 734 1004 797 τοῦ
1027 731 1150 796 Χοίλεπ.
1206 735 1238 798 εί

106 829 162 891 ὅδ’
184 825 347 914 ετίφρὸνως
371 825 451 891 κατὰ
475 832 530 912 τῆς
552 831 669 908 οἰκείας
702 829 862 919 ἐπεστάλη
883 834 1014 915 μερίδος
1040 834 1143 897 καίτοι
1173 857 1234 898 κα-

132 929 250 1002 κωθείς
287 923 304 989 ἐ
337 922 520 1012 βάρβαρος,
564 929 617 994 καί
641 933 723 1015 μηδὲ
753 934 878 1014 μέλλων
910 936 975 996 τοῖν
1007 932 1234 1019 ἐπεσχημένων

56 1030 65 1045 ‘
132 1027 300 1110 τυγχάνειν
315 1030 514 1113 σοτηρισίων,
536 1039 603 1106 τοῖς
624 1030 893 1114 ἀναγινώσκουσιν
912 1029 1065 1113 ἐξετάζειν
1086 1036 1232 1118 παρίημι.

39 1146 42 1152 ’
131 1127 291 1212 γενόμενοι
318 1127 425 1193 τοίνυν
453 1127 533 1196 sord
558 1128 592 1196 τὸ
617 1129 730 1196 Χοὶλτπ
764 1130 795 1196 οἱ
820 1126 953 1212 Οέννοι,
978 1132 1036 1199 καί
1067 1158 1233 1219 προσανα-

131 1232 300 1311 μιχθέντες
321 1231 409 1319 αὐτῷ
429 1254 464 1295 τε
493 1234 537 1321 τῷ
569 1235 832 1322 σογκαλεσαμὲνιρ
860 1238 916 1298 καί
947 1242 1014 1309 τοῖς
1035 1239 1232 1320 παρακειμέ·

86 1331 123 1391 10
132 1352 196 1404 νοις
215 1321 360 1414 Ἄραψι,
393 1328 451 1413 τὴν
481 1334 514 1397 ἐν
536 1335 637 1418 Συρίᾳ
657 1326 854 1414 Ἀντιόχειαν
882 1333 937 1399 καί
961 1332 1019 1411 τοὶς
1043 1343 1117 1419 παρ’
1148 1337 1234 1425 αέτῇ

131 1429 238 1518 πόλεις
270 1433 326 1495 καί
353 1433 463 1512 κώμας
495 1432 718 1519 ἀπανθρώπως
750 1433 927 1514 ἐμάστιζον.
982 1433 1037 1500 καί
1068 1431 1088 1518 ἡ
1117 1437 1232 1518 μάστιξ

130 1535 258 1617 σφαγαί
296 1539 351 1599 καί
393 1532 607 1620 πυρπολήσεις
648 1532 704 1598 καί
743 1534 1002 1618 οίνέραπσέισμσέ
1035 1539 1106 1600 καί
1122 1541 1231 1621 λοφο-

129 1637 304 1718 ραγωγίαι,
335 1635 391 1700 καί
417 1632 477 1700 ὅσα
508 1643 577 1710 ταῖς
604 1639 817 1720 βαρβαρικαῖς
848 1637 1037 1720 ἐπιδρομαῖς
1061 1639 1230 1721 συμπαρί-

130 1755 254 1800 πονται.
298 1736 369 1801 ἐπεί
388 1738 417 1800 δ’
438 1734 502 1802 ἔδει
525 1733 680 1820 στρατιὰν
707 1739 740 1812 ἐς
762 1734 880 1812 αέτοές
910 1740 1109 1824 πεμφθῆναι,
1129 1737 1229 1822 σννη-

84 1847 120 1898 15
129 1840 342 1922 θροιστομέν
361 1837 524 1922 ἀξιόλογον
541 1837 724 1922 σιροίτεομα
744 1837 798 1902 καί
819 1838 970 1923 ἡγεμόνες
990 1841 1106 1905 τούτου
1128 1843 1228 1927 προέ-

128 1923 257 2026 στησαν,
280 1938 301 2023 ἦ
324 1942 360 2005 δὲ
381 1940 537 2025 φειδωλία
561 1937 656 2004 πάλιν
684 1929 833 2023 ἄπρακτα
862 1938 918 2004 καί
936 1941 1036 2025 α’κλεῆ
1056 1939 1256 2026 metropol-t.
1278 1955 1329 2013 186
1343 1974 1368 2014 r.

127 2061 217 2108 σατο.
261 2033 298 2104 οὗ
320 2041 382 2124 γὰρ
404 2039 592 2126 ὁλοκληρίαν
616 2041 778 2126 ἠθέλησαν
800 2037 829 2106 οἱ
843 2049 1035 2126 κρατοῦντες
1054 2045 1114 2108 sori
1134 2045 1228 2126 ὀψω-

129 2145 268 2224 νιασμοῦ
292 2151 471 2227 παρασχεῖν
494 2140 676 2226 ἀνθρώποις
698 2141 923 2224 πολεμιοιςκιιί
942 2141 1066 2227 μάχαις
1089 2169 1230 2210 κακοπα-

84 2293 93 2310 .
127 2243 242 2328 θήσειν
266 2242 472 2329 operiemus,
501 2242 582 2308 ἀλλὰ
610 2248 703 2329 μέρει
725 2242 789 2309 τινί
816 2238 945 2322 κοίτοος
965 2247 1125 2335 ἐλαχίστην
1147 2243 1228 2328 τιρές

81 2343 184 2415 wudu
205 2340 286 2429 ὑπὲρ
304 2346 360 2428 τῆς
383 2347 493 2430 ψυχῆς
522 2337 629 2429 dyeia
655 2347 868 2430 παρακινῆσαι
891 2341 1105 2412 ἐσπούδασαν.
1148 2347 1229 2412 ἐπί·

127 2469 228 2530 τοχον
262 2447 297 2509 δέ
330 2441 409 2510 ὅλων
437 2441 528 2528 ἐμοῦ.
578 2443 614 2512 τὸ
643 2449 704 2528 μὲν
742 2445 805 2531 γὰρ
835 2444 975 2529 σ’ψοένιον
1009 2445 1040 2512 οἱ
1071 2448 1230 2532 στροτιό-

127 2571 179 2613 ται
203 2544 368 2629 ἐδέξαντο,
400 2546 480 2614 sosoi
510 2549 545 2612 δὲ
568 2551 630 2616 τόν
664 2553 814 2616 ἐναντίων
838 2550 1037 2635 πορευθῆναι
1066 2550 1108 2612 ον’
1136 2569 1229 2614 κατε-

127 2649 280 2731 δέξαντο,
309 2652 405 2735 μέρος
432 2675 464 2717 τι
489 2653 552 2719 τῶν
580 2647 886 2738 προέστερηαιίντων
916 2649 1027 2726 αέτοῐς
1058 2645 1229 2734 λογισάμε-

128 2772 176 2815 νοι
198 2755 302 2818 τοῦτο.
346 2755 402 2818 καί
422 2750 532 2841 φωνὴν
552 2750 728 2841 ἐγείραντες
757 2744 881 2840 ἄσημον
904 2753 951 2829 εἰς
973 2749 1013 2818 τοὶ
1038 2754 1136 2819 οἰκεῖα
1161 2753 1230 2818 διε-

201 2940 243 2994 15.
260 2942 348 3000 πάλιν
367 2938 497 3014 ἄπρακτα
513 2907 601 3002 πάλιν
618 2944 666 2997 καὶ
685 2941 714 2996 G.
740 3014 743 3023 „
807 2939 997 3015 21.ἐ1ἐμοι1
1018 2937 1091 2995 ὅλων
1109 2938 1183 3013 ἐμοῦ
1195 2940 1225 2996 0.

128 3108 191 3162 tus,
217 3099 313 3151 missus
341 3107 382 3152 est
409 3106 503 3151 contra
528 3097 660 3159 Euneos,
689 3095 798 3148 Graecis
825 3103 1054 3168 propugnaturus:
1074 3104 1154 3166 atque
1171 3105 1227 3148 tum

128 3177 309 3236 surreptorum
326 3170 480 3221 militarium
499 3167 690 3232 stipendiorum
703 3167 839 3218 incusatus
853 3166 946 3218 ducem
965 3167 1093 3219 convenit
1104 3167 1226 3235 Chalepi.

127 3257 190 3293 uum
209 3250 295 3294 autem
316 3240 440 3294 consulto
461 3245 554 3289 contra
573 3254 646 3290 suam
674 3238 770 3290 missus
795 3238 830 3289 sit
850 3245 950 3303 partem
971 3240 1090 3307 quamvis
1109 3240 1226 3292 olfensus

127 3312 270 3378 barbarus,
289 3328 377 3381 neque
398 3322 463 3362 vero
483 3307 588 3361 obiecta
607 3309 740 3378 stipendia
758 3309 917 3376 adepturus,
938 3311 1032 3377 peritis
1056 3313 1226 3381 investigan-

128 3384 188 3435 dum
206 3384 349 3454 relinquo:
368 3381 526 3450 congregati
544 3382 633 3448 igitur·
646 3390 738 3433 contra
758 3380 903 3448 Chalepum
923 3383 1012 3436 Hunni
1038 3393 1065 3436 et
1091 3385 1226 3436 commixti

127 3455 179 3521 ipsi
199 3453 359 3507 convocanti
386 3459 412 3504 et
430 3451 594 3506 adstantibus
617 3453 751 3506 Arabibus
774 3453 944 3506 Antiochiam
969 3453 1064 3520 Syriae
1088 3455 1180 3506 urbem
1200 3464 1227 3506 et

127 3527 230 3578 vicinas
255 3525 335 3576 urbes
363 3531 390 3574 et
407 3537 490 3594 pagos
516 3525 544 3576 in
571 3524 730 3578 solitudines
748 3524 967 3593 flagellabantur3
989 3534 1069 3592 atque
1090 3524 1225 3594 flagellum

127 3605 185 3648 erat
203 3596 300 3647 caedes
323 3603 350 3646 et
368 3596 490 3648 incendia
510 3604 538 3647 et
556 3597 727 3665 captivitates
746 3605 773 3648 et
790 3597 977 3663 praedationes
998 3604 1024 3646 et
1049 3610 1224 3664 quaecuuque

125 3666 254 3720 barbaros
273 3666 441 3720 incursiones
461 3677 616 3736 sequuntur.
655 3685 713 3720 cum
733 3676 820 3720 autem
839 3683 953 3719 necesse
967 3674 1047 3731 esset,
1066 3674 1095 3716 ut
1107 3668 1180 3719 acies
1191 3667 1224 3719 ad

126 3739 351 3802 comitteretur,
371 3748 478 3792 coactus
499 3747 539 3792 est
551 3739 732 3792 memorabilis
752 3740 885 3792 exercitus
905 3745 932 3789 et
949 3736 1030 3789 duces
1049 3737 1074 3787 ei
1095 3737 1223 3805 praclue-

125 3819 196 3875 ruut,
221 3810 383 3876 parsimonia
406 3820 493 3862 autem
522 3825 613 3864 rursus
637 3811 747 3862 iniectis
765 3810 845 3860 rebus
864 3825 924 3860 eum
943 3816 970 3859 et
987 3807 1136 3877 ingloriose
1155 3826 1223 3864 con.

126 3883 207 3935 lecitz
234 3896 323 3949 neque
344 3881 412 3936 euim
431 3884 564 3951 integrum
583 3881 729 3934 voluerunt
747 3880 878 3948 praefecti
898 3889 1071 3932 commeatum
1092 3882 1223 3949 praebere

125 3953 277 4006 bominibus
304 3953 467 4006 bellantibus
487 3962 513 4005 et
529 3955 627 4021 pugnis
651 3953 833 4016 laboraturis,
859 3951 906 4004 sed
931 3959 1006 4018 parte
1030 3955 1141 4021 quadam
1173 3953 1222 4003 hos

124 4026 232 4077 minima
251 4026 283 4078 ad
295 4026 367 4078 vitae
378 4035 512 4078 certamen
531 4040 641 4077 movere
660 4024 835 4077 studuerunt:
855 4023 1027 4090 perdiderunt
1038 4034 1125 4076 autem
1143 4020 1222 4075 simul

126 4098 222 4163 omnia,
243 4105 416 4150 commeatum
433 4099 502 4149 enim
520 4097 620 4149 milites
634 4103 806 4162 acceperunt,
827 4104 919 4148 contra
938 4084 1030 4148 hostes
1049 4103 1136 4146 autem
1155 4108 1221 4160 pro.

125 4168 210 4224 ficisci
227 4187 281 4227 uou
299 4171 498 4236 sustinueruut5
518 4184 579 4238 pars
605 4169 735 4240 quaedam
752 4167 951 4222 advenientium
968 4168 1002 4220 iis
1021 4165 1222 4220 considerantes
