2875 4734
211 280 285 359 too
503 279 722 354 nicrinus
750 268 1009 363 λεσλιισιλσ

211 456 329 523 τόντων
356 453 397 519 τό
428 450 588 533 σόμβολα,
610 449 653 526 τός
674 452 730 515 κατ’
752 448 869 526 αὐτους
902 445 1094 536 Ιἐκπλαγῆναι
1117 448 1193 528 τούς
1213 458 1314 519 πολε-

209 560 304 640 μιόυς
332 556 387 621 κατ’
418 553 487 619 τότε
514 554 726 636 βεβαιοτέραν
755 550 810 638 τὴν
839 552 1009 635 ὁμολογίαν
1039 554 1311 633 ἕπισυντόξασθαι

210 659 266 741 τῆς
288 651 483 728 δουλώσεως.
527 654 583 716 καί
601 649 662 735 γὰρ
684 646 852 737 ἐπιβάντος
875 652 977 717 αότοό
998 656 1051 736 τῆς
1074 652 1225 739 τοιαύτης
1248 656 1313 719 πό-

211 761 289 833 λεως
311 755 394 839 μετὰ
415 756 472 841 τῆς
492 756 609 830 οἰκείας
630 752 812 835 δυνάμεως,
834 756 890 819 καί
917 754 976 829 τός
995 750 1163 834 βασιλικός
1183 756 1313 838 ευέργε-

210 862 282 932 σίας
303 861 359 921 καί
375 862 566 941 στρατηγίας
595 857 709 939 σαφοῦς
742 857 963 937 διατιθεμένου
994 858 1050 920 καί
1080 856 1339 939 διατόττονιος,5

209 961 264 1024 καί
273 965 382 1039 τιμαῖς
397 960 615 1049 περιβλέπτοις
634 956 918 1040 καταγεραίροντος
942 954 1016 1033 τοός
1039 952 1187 1031 α’στιιιόός
1201 980 1235 1020 τε
1256 957 1312 1021 καὶ

210 1059 349 1139 ξενικοὺς
372 1061 427 1122 καί
448 1046 516 1123 ὅόοι
538 1060 594 1141 τῆς
616 1060 768 1141 στρατιᾶς
797 1054 924 1140 καὶτῆς
952 1051 1049 1140 όλλης
1073 1058 1223 1141 διαμονῆς
1247 1083 1311 1123 πα-

208 1159 402 1244 ρετύγχανον
422 1156 498 1241 περί
517 1155 573 1223 τόν
592 1160 646 1243 τῆς
663 1158 801 1233 Νικαίας
817 1162 993 1241 περίβολον,
1016 1156 1046 1221 οἱ
1071 1161 1207 1241 Τοῦρκοι
1230 1160 1309 1221 δου-
1370 1214 1373 1221 .

209 1263 303 1336 λικιός
334 1255 687 1342 ἐστρατοπεδεύσαντο,
721 1260 777 1321 καί
802 1255 859 1342 την
890 1261 936 1333 εἰς
965 1254 1063 1322 αότόν
1085 1254 1330 1339 ἐπιταχθέντες,

209 1358 333 1427 εἴσοδον
353 1363 398 1449 τῷ
418 1357 529 1443 στήθει
552 1359 608 1436 τὰς
626 1368 741 1443 χεῖρας
762 1362 962 1437 συνέπλειιον,
983 1360 1039 1422 καί
1057 1357 1115 1442 τήν
1135 1360 1214 1421 θέαν
1233 1358 1309 1422 τοό-
1320 1364 1354 1418 10

207 1486 263 1528 του
283 1460 433 1546 μεγίστην
465 1461 650 1545 ευέργεσίαν
672 1458 833 1538 ἐτίθεντο,
867 1450 922 1523 καί
948 1468 1117 1542 συμπονεῖν
1147 1457 1233 1546 coepi
1254 1464 1310 1523 καί

208 1558 423 1646 συμπράττειν
443 1561 483 1624 τό
507 1560 639 1645 θυμὴρη
661 1559 953 1642 κατεπηγγέλλοντο.
997 1558 1046 1623 διὸ
1071 1561 1129 1623 καί
1146 1582 1226 1633 τινες
1244 1562 1309 1623 ταῖν

139 1665 145 1671 ’
209 1664 410 1742 εόπατριδαῖν
436 1663 697 1746 τῆςἩερσιδος,
729 1661 864 1746 όδελφοί
893 1657 972 1725 κατό
999 1659 1101 1745 σόρκα
1133 1658 1191 1723 καί
1210 1660 1309 1745 φύσιν

208 1759 426 1843 ὑπάρχοντες,
455 1763 511 1824 καί
532 1758 589 1845 την
607 1764 675 1825 τοῦ
699 1759 955 1845 Κουτλουμοόση
985 1762 1170 1840 ἐπωνυμίαν
1187 1762 1310 1823 ἐκπα-

208 1855 312 1947 τρῴας
334 1862 548 1944 προσηγορίας
571 1863 778 1948 ἐφέλκοντες,
794 1864 865 1945 ’τῆς
897 1862 1110 1943 σουλτανικῆς,
1122 1861 1156 1923 δὲ
1177 1862 1308 1942 μερίδος
1321 1866 1354 1918 15

207 1962 262 2024 καί
281 1963 427 2037 ε’ξουοιάς
441 1961 695 2044 α’ντιποιοόμενοι
716 1963 772 2024 καί
793 1948 836 2048 τῷ
856 1961 1000 2049 ἐθνάρχῃ
1020 1962 1083 2025 τῶν
1100 1952 1226 2025 Οόννων
1249 1959 1310 2023 οἷν-

206 2057 435 2142 τιταττόμενοι,
455 2066 512 2128 καί
535 2062 616 2128 κατὰ
639 2065 734 2126 τοῦτο
764 2065 803 2149 τῇ
818 2061 985 2143 Ῥωμαίων
1017 2059 1310 2147 προσφοιτήσαντες

204 2163 256 2248 γῇ,
277 2159 333 2224 καί
352 2163 466 2246 κρότος
484 2156 609 2238 ἑαυτοῖς
629 2164 794 2229 α’ντίθετον
810 2165 916 2253 ε’κείνρι
938 2160 1205 2246 περιποιούμενοι,
1228 2186 1309 2243 προ-
1337 2224 1346 2235 „

208 2264 329 2345 σῆλθον
350 2263 436 2352 αὐτῷ
461 2262 541 2329 κατοὶ
556 2268 705 2329 Νίκαιαν.
736 2268 791 2329 καί
813 2258 887 2348 όπερ
911 2266 944 2329 ἐν
966 2258 1076 2329 οόδενί
1096 2268 1226 2345 βασιλεῖ
1243 2265 1309 2327 των

208 2366 477 2446 Περσοῖνγόνους
505 2360 590 2441 όντες
612 2369 780 2446 βασιλικοῦ
808 2359 880 2430 οότε
898 2364 1066 2446 Ῥωμαίων
1100 2366 1307 2441 κατεδέξαντο
1317 2380 1352 2435 20

206 2466 345 2546 πρᾶξαι,
375 2469 472 2532 τοῦτο
498 2464 579 2548 πρός
609 2463 705 2530 αὐτόν
733 2464 923 2549 παραδόξως
953 2468 1143 2547 α’πὲδειξαν,
1172 2463 1249 2548 γόνυ
1272 2488 1306 2529 τε

207 2567 368 2639 κλίναντες
387 2568 442 2629 καί
461 2566 683 2650 προοδοποιεῖν
713 2568 800 2655 αὐτῷ
820 2564 878 2650 τήν
907 2568 951 2644 εἰς
969 2564 1023 2651 την
1043 2569 1194 2650 βασιλίδα
1218 2566 1308 2630 όδοι-

205 2663 323 2747 πυρίαν
350 2662 410 2729 σόν
441 2668 540 2754 πολλῇ
568 2666 757 2752 πεποιθήσει
785 2668 1054 2752 διασημαίνοντες.
1105 2664 1160 2743 σός
1190 2665 1227 2751 δη
1252 2670 1308 2731 καί

206 2758 312 2845 λόγοις
340 2762 396 2829 καί
415 2764 543 2850 τρόποις
573 2769 754 2845 ειίσυνίτοις
779 2770 1011 2855 κοσμιωτέρους
1044 2771 1099 2834 κατ’
1119 2768 1305 2833 ου’νοϊκωτέ-

250 2995 255 2999 .
277 2938 320 2995 19.
339 2941 382 3013 ἐν]
405 2937 465 3000 tia?

205 3108 304 3161 flrrniua
323 3116 428 3175 pactum
449 3118 641 3177 componerent
659 3104 933 3163 servitutist'etenim
953 3125 1010 3161 cum
1028 3111 1216 3179 ingrederetur
1232 3109 1306 3162 illam

203 3179 298 3231 urbem
317 3196 374 3231 cum
395 3195 444 3234 ouo
465 3183 585 3234 exercitu
604 3190 631 3233 et
651 3184 728 3251 regia
746 3182 877 3234 beneficia
897 3191 923 3233 et
940 3183 1052 3249 imperia
1072 3181 1145 3232 clare
1175 3183 1305 3248 dispone.

206 3258 248 3302 ret
269 3258 296 3300 ct
315 3252 460 3316 ordinaret,
479 3262 559 3321 atque
579 3253 725 3305 honoribus
746 3253 895 3305 illustribus
915 3262 1023 3305 ornaret
1048 3254 1120 3305 urbis
1148 3254 1251 3305 incolae
1280 3260 1308 3303 et

203 3322 365 3389 peregrinos
385 3327 581 3395 etquicunque
607 3340 640 3376 ex
663 3327 784 3377 exercitu
803 3319 829 3375 et
854 3324 958 3392 reliqua
983 3325 1046 3377 sede
1071 3325 1180 3386 aderant
1204 3325 1232 3374 in
1257 3324 1307 3376 Ni.

205 3406 287 3443 caeno
305 3393 429 3459 circuitu,
447 3396 547 3447 Turcae
566 3395 695 3448 servilem
717 3397 745 3447 in
764 3396 869 3447 modum
889 3404 974 3449 castra
995 3402 1178 3462 posueruntet
1196 3396 1228 3445 ad
1247 3397 1307 3447 eius

205 3463 304 3515 aditum
328 3466 450 3532 imperati
468 3469 572 3535 pectori
591 3482 683 3518 manus
701 3467 884 3533 implicabant,
904 3475 931 3519 et
950 3469 1006 3519 eius
1025 3473 1194 3532 conspectum
1219 3467 1309 3516 maxi.

204 3547 275 3585 mum
293 3535 452 3588 beneficium
471 3538 607 3605 ponebant
626 3546 653 3589 et
676 3554 706 3589 se
726 3554 784 3588 cum
804 3554 835 3589 eo
855 3538 977 3590 laborare
997 3547 1024 3589 et
1041 3552 1124 3607 agere
1140 3546 1215 3606 grata
1232 3536 1308 3588 veile

203 3607 401 3673 promittebant.
424 3609 594 3677 quamobrem
607 3611 685 3661 etiam
698 3610 821 3661 nonnulli
832 3610 936 3663 nobiles
948 3610 1073 3675 Persidis,
1093 3610 1189 3662 fratres
1208 3622 1307 3661 secun.

180 3720 182 3725 .
204 3677 264 3727 dum
285 3694 391 3730 carnem
411 3689 438 3732 et
454 3690 591 3746 naturam,
614 3689 639 3731 ct
659 3680 830 3733 Gutluruurae
851 3696 998 3749 cognomen
1019 3698 1051 3732 ex
1069 3690 1181 3748 paterno
1200 3682 1307 3731 nominc

203 3747 342 3813 ducentes,
363 3758 390 3801 ct
409 3751 506 3803 cultani
526 3761 615 3819 partes
635 3760 662 3803 et
680 3760 839 3819 potestatem
854 3754 1019 3816 affectanter,
1037 3761 1064 3803 et
1076 3754 1139 3803 duci
1152 3752 1307 3803 Hunnorum

203 3819 321 3885 oppositi
341 3828 368 3871 et
386 3829 440 3873 tum
452 3823 630 3874 Romanorum
649 3824 761 3889 imperio
781 3826 1025 3891 appropinquantes
1046 3832 1072 3875 et
1090 3826 1235 3891 potentiam
1256 3820 1306 3873 sibi

203 3891 353 3957 oppositum
372 3891 415 3942 illi
434 3895 629 3960 conciliantes,
649 3904 823 3946 accesserunt
842 3897 873 3955 ad
894 3911 952 3945 eum
971 3894 1103 3947 Nicaeae:
1131 3904 1210 3963 atque
1236 3891 1307 3961 quod

201 3961 272 4028 apud
289 3961 503 4030 nullum-regem
522 3966 671 4030 Persarum,
692 3982 750 4016 cum
771 3976 860 4017 esseut
881 3983 896 4017 e
915 3982 1015 4033 genere
1035 3967 1122 4034 regio,
1142 3980 1230 4034 neque
1250 3964 1307 4015 uo.

201 4047 338 4084 manorum
359 4035 543 4086 sustinuerunt
562 4037 663 4100 facere,
683 4037 735 4087 h'oc
747 4053 810 4104 erga
830 4054 887 4089 euni
908 4046 1014 4103 praeter
1032 4052 1105 4103 spem
1124 4036 1308 4097 ostenderunt,

205 4118 265 4153 cum
285 4112 312 4154 et
331 4120 403 4171 genu
422 4104 563 4157 flecterent
583 4116 609 4158 et
626 4116 655 4158 ut
679 4110 797 4174 praeiret
823 4110 854 4160 ad
877 4110 978 4176 regiam
1006 4111 1031 4159 ei
1063 4123 1121 4160 cnm
1148 4106 1231 4158 multo
1254 4105 1308 4155 fide

204 4173 401 4243 significarent:
435 4191 503 4245 quor
528 4179 635 4247 quidem
654 4188 681 4231 ct
697 4180 789 4235 verbio
816 4188 842 4233 et
857 4180 975 4235 moribus
984 4179 1166 4249 prudentibus
1184 4176 1311 4231 modern-
