2875 4734
127 207 135 211 ³
211 239 312 337 att
433 306 437 311 .
514 251 732 323 αιααεειιε
759 202 1062 323 amimam
1144 232 1149 243 '

128 400 133 406 ἐ
211 413 397 500 ἀπήμβλυνε
419 419 474 480 καί
492 415 668 498 καθύβρισε
690 414 723 479 τύ
745 415 976 503 φιλάνθρωπον
996 417 1085 483 τουτί
1097 420 1308 502 νομοθέτημα,

201 514 266 612 *fluor*
285 512 350 581 εἴτε
372 512 416 592 ὥς
437 525 503 594 ταῖς
524 518 712 600 βασιλεῦσιν
728 512 944 601 ’ἀγνοούμενον
964 515 1025 583 εἴτε
1047 514 1111 602 μήν
1135 517 1176 595 ιύς
1206 542 1308 583 κατα-

164 700 170 706 .
205 615 427 701 φροναύμενον
448 619 706 702 ἀπαρρησίαστον
725 616 840 700 ἔμεινε,
862 619 916 683 καί
922 618 955 702 ή
976 622 1130 705 καταδίκη
1145 616 1218 693 τούς
1241 622 1308 683 δει-

199 721 321 806 λαίους
350 718 558 803 κατακρίτους
587 720 709 793 εάθέαις
740 718 919 807 ἀνήρπαξε,
949 720 1004 785 καί
1032 729 1165 803 ταχείαν
1197 720 1308 796 αύτοῖς

160 833 166 847 ’
208 816 266 903 τήν
287 817 407 905 πληγήν
429 822 622 902 ἐσχεδιάζεν.
659 818 684 882 ’ὅ
706 822 742 884 δὲ
764 820 1071 906 φιλανθρωπότατος
1081 820 1191 887 ούτοαί
1209 824 1330 903 βασι-5

206 919 280 995 λεύς
313 917 464 1006 ἀφορμάς
495 925 740 1007 φιλανθρωπίαις
770 921 928 1005 εὑρίσκειν
958 920 1149 1005 βουλόμενος
1180 925 1234 1005 καί
1261 926 1306 1009 cai

206 1022 283 1108 ἐλέφ
304 1018 358 1087 τύν
379 1019 466 1086 έλεον·
486 1020 851 1105 ἀντικαταλλάττεσθαι,
888 1016 949 1104 οάχ
972 1016 1073 1109 ἑαυτῷ
1091 1020 1176 1111 μόνην
1202 1045 1305 1107 παρε-

206 1118 370 1206 φολάξατο
391 1121 449 1204 τήν
469 1124 526 1206 τῆς
545 1126 736 1204 νομοθεσίας
757 1122 875 1207 ταύτης
894 1121 1047 1186 ύπύθεσιν
1068 1122 1122 1187 καί
1143 1119 1201 1205 τήν
1223 1122 1306 1188 ἀνα-

205 1218 303 1305 βολήν
325 1224 371 1297 είς
392 1216 506 1288 ἑαυτὸν
528 1210 796 1305 ἀπεκρύψατο,τό
817 1218 1043 1309 φιλάνθρωπον
1065 1224 1104 1290 ού
1119 1220 1222 1288 κοινάν
1234 1222 1304 1287 ἀλλ’

206 1318 287 1390 ἴδιον
309 1320 519 1409 ποιησάμενος
551 1320 604 1388 διά
637 1328 811 1409 φιλαυτίας
839 1326 1006 1410 ἐπίδειξιν,
1036 1323 1116 1389 ἀλλά
1150 1329 1206 1391 καί
1239 1333 1347 1400 tolno

204 1421 284 1503 μετά
305 1423 410 1489 τούτο
430 1427 597 1507 βασιλεύσι
621 1430 786 1509 τηρεῖσθαι
806 1427 897 1490 τούτο
920 1421 1105 1508 θερμότατα
1127 1424 1303 1507 βουλευσά-

205 1545 299 1605 μενος
322 1527 438 1599 καλεῖς
469 1518 589 1602 πάντας
607 1530 744 1610 χεθήναι
760 1524 793 1591 τδ
818 1524 937 1609 ἀγαθὸν
961 1528 1015 1590 καί
1033 1524 1159 1598 ὁδεύειν
1180 1533 1305 1611 φιλοτι-

205 1625 374 1705 μούμενος.
417 1626 472 1689 καί
491 1623 608 1708 νεαράν
630 1624 795 1710 προδήλοις
817 1630 942 1705 ἐξέθετο
973 1630 1134 1711 κυροῦσαν
1161 1630 1220 1707 μὲν
1249 1624 1304 1691 τὸν

205 1726 264 1789 τού
283 1726 423 1807 μεγάλου
444 1727 618 1791 Θεοδοσίου
632 1727 728 1808 νόμον
749 1729 794 1803 είς
817 1726 851 1793 τύ
878 1731 1027 1814 διηνεκές,
1050 1730 1245 1812 ιίναιραύσαν
1267 1729 1304 1791 δὲ

204 1821 239 1890 τὸ
264 1828 322 1888 τού
342 1828 453 1907 θυμού
474 1827 617 1908 ἀκαμπὲς
645 1831 701 1891 καί
730 1832 908 1909 ἀμείλικτον
937 1828 988 1892 διὰ
1022 1833 1093 1895 τού·
1109 1827 1154 1914 μή
1182 1832 1303 1912 ταχέως
1315 1847 1348 1900 15

203 1922 260 2001 τάς
273 1926 316 1989 ’δι’
331 1928 462 2008 αἳματος
475 1931 688 2014 ψηφηφορίας
706 1929 750 2003 εἷς
771 1926 862 2012 ἔργον
877 1923 1062 2011 ἀποβαίνειν
1077 1926 1306 2013 στυγνότητος·

152 2063 157 2071 -
204 2025 259 2091 καί
288 2034 354 2101 ’τοῖς
387 2024 468 2107 μετά
498 2031 601 2093 ταῦτα
624 2032 812 2111 βασιλεῦσιν
840 2026 961 2113 ἀγαθὸν
990 2032 1152 2115 ἐπαφῆκεν
1174 2028 1305 2115 ἐφόδιον

100 2159 105 2172 ¹
205 2125 286 2214 πρύς
306 2124 363 2213 τήν
381 2130 497 2194 αύτῶν
510 2133 670 2209 ἐξιλέαοσιν
692 2130 751 2195 ’καί-
768 2130 826 2214 τήν
853 2134 911 2195 τού
932 2130 1121 2216 ἐπουρανίου
1145 2135 1305 2215 βασιλέως

206 2229 382 2310 θεραπείαν
406 2227 462 2292 καί
486 2230 705 2313 εύαρέστησιν.
749 2233 804 2295 καί
824 2232 941 2315 ἀνέγνω
964 2230 1019 2295 τύυ
1040 2237 1137 2311 νόμον
1165 2230 1219 2296 ἐπί
1250 2232 1304 2315 τῆς

206 2324 380 2411 συγκλήτου
402 2332 533 2414 βαυλής,
556 2328 612 2393 καί
630 2329 810 2416 σύμψηφον
833 2329 907 2414 ἔσχε
929 2330 1047 2417 ταύτην
1068 2330 1123 2395 καί
1131 2330 1203 2395 λίαν
1224 2326 1348 2396 trid-20

205 2449 333 2511 ρεστον·
375 2426 455 2513 ἔγνω
474 2431 556 2514 γάρ,
577 2428 732 2517 φρονήσει
754 2436 917 2518 διαφέρον
939 2434 993 2496 καί
1016 2426 1158 2495 θεοειδεῖ
1182 2430 1306 2514 dyadi-

206 2551 287 2613 τητι,
310 2526 353 2603 αἱς
375 2529 394 2610 ή
419 2529 503 2614 ἀκμή
523 2535 579 2595 τού
603 2534 719 2616 θυμοῦ,
741 2530 842 2616 πυράς
862 2533 950 2617 δίκην
971 2530 1028 2615 τήν
1050 2533 1185 2616 καρδίαν
1206 2528 1305 2615 αέτήν

192 2631 456 2714 κατανεμομένη,
483 2628 607 2697 πάντων
628 2634 775 2717 ἀφειδεῖν
805 2630 984 2711 ἐκβιάζεται
1008 2630 1064 2696 καί
1089 2636 1216 2715 σαρκαύν
1246 2630 1304 2695 ἀν.

206 2730 378 2812 θρανιτίναιν
400 2734 650 2811 καταμασοῑσθαι
671 2736 727 2796 καί
748 2729 910 2815 ποταμούς
931 2728 1074 2812 αἱμάτων
1096 2732 1303 2846 ύπερπηδάυ,

205 2971 276 3012 nem.
313 2959 376 3013 inde
395 2965 483 3012 autem
501 2964 605 3028 tempor
623 2958 768 3012 hebetabat
787 2967 814 3011 ct
833 2958 999 3013 deformabat
1017 2957 1156 3011 humanam
1173 2957 1242 3011 banc
1260 2958 1304 3011 lc.

206 3047 283 3101 gem:
302 3037 382 3101 atque
401 3032 460 3084 eive
477 3030 587 3099 regibus
606 3033 699 3099 ignota
710 3033 770 3084 eive
788 3030 924 3100 neglecta,
944 3032 1150 3083 indictamantit
1170 3039 1197 3082 et
1217 3045 1305 3098 poeno

205 3104 328 3166 misereo,
348 3105 392 3171 qui
412 3104 526 3154 damnati
546 3111 631 3166 erant,
650 3103 726 3155 illice
746 3102 875 3171 rapiebat,
903 3110 930 3153 et
948 3102 1064 3154 celerem
1084 3104 1118 3154 iio
1137 3104 1218 3154 ictum
1238 3103 1305 3153 aiie..

205 3174 290 3227 rebat}
328 3172 532 3227 bumanieeimue
557 3181 646 3227 autem
671 3175 715 3225 bic
743 3191 793 3227 rex
819 3174 976 3227 occasiones
995 3173 1164 3225 humanitatis
1182 3174 1307 3226 invenire

107 3295 118 3315 f
205 3244 302 3300 volema
321 3253 349 3296 ct
366 3261 458 3297 mensa
486 3246 640 3313 coquinaria
659 3246 868 3299 misericordiam
907 3254 1085 3311 commutare,
1111 3258 1165 3297 non
1184 3243 1235 3295 eibi
1254 3242 1307 3297 toli

206 3318 328 3369 certavit
345 3316 416 3384 legio
435 3316 513 3368 buius
532 3325 715 3384 argumentum
736 3325 762 3368 et
788 3318 941 3369 dilationem
959 3318 987 3367 in
1007 3332 1037 3368 rc
1056 3314 1307 3385 abdiditbumani.

206 3394 287 3439 tatem
305 3401 360 3438 non
378 3399 552 3453 communem,
572 3390 618 3441 aed
631 3390 761 3455 privatam
779 3388 893 3440 reddens
912 3394 1022 3454 propter
1038 3390 1135 3438 amoris
1153 3387 1194 3438 eui
1213 3395 1308 3439 oeten-

208 3459 345 3522 tationem,
362 3459 409 3510 red
426 3459 508 3525 ¹etiarn
526 3476 542 3511 a
559 3461 674 3527 pesteris
687 3460 798 3529 regibue
816 3474 872 3511 eam
890 3459 993 3524 serrari
1008 3458 1170 3511 calidissime
1189 3465 1308 3510 statuere

206 3537 286 3597 atque
314 3530 342 3580 in
367 3544 459 3581 omnes
488 3531 586 3583 effundi
617 3531 715 3582 bonum
743 3539 769 3582 et
788 3532 903 3582 transire
929 3530 1056 3581 studens:
1075 3538 1155 3597 atque
1172 3527 1308 3581 novellam

208 3601 281 3653 clare
306 3600 417 3665 edebat,
444 3616 511 3669 quae
541 3602 712 3654 confirmabat
739 3602 881 3655 Theodosii
907 3602 996 3669 magni
1029 3599 1118 3670 legem
1150 3602 1178 3652 in
1208 3614 1308 3667 perpe-

207 3679 281 3724 tuum
310 3679 337 3722 et
363 3672 478 3724 tollebat
502 3673 559 3725 irae
584 3675 719 3725 immotum
749 3679 776 3725 et
800 3675 891 3725 durum
917 3673 1038 3737 modam,
1067 3688 1125 3724 cam
1150 3686 1205 3722 non
1233 3668 1309 3721 cele'-

206 3743 273 3794 riter
292 3743 430 3811 εααραίοἰε
448 3746 598 3796 sententiae
617 3747 645 3796 ia
674 3760 741 3813 opue
761 3744 866 3796 abirent
883 3742 1024 3796 tristitiae:
1053 3751 1080 3794 et
1098 3743 1214 3809 posteris
1232 3739 1308 3809 regi-

206 3812 255 3866 bua
273 3811 367 3864 bonam
391 3812 500 3866 tradidit
526 3817 657 3868 rationem
681 3818 713 3869 ad
739 3817 917 3884 expiationem
938 3823 965 3865 et
982 3813 1109 3867 coelectis
1127 3813 1201 3882 regie
1221 3824 1309 3864 curem

207 3892 235 3936 et
252 3884 382 3953 gratiam:
407 3895 488 3955 atque
515 3888 642 3940 recitavit
667 3887 757 3955 legem
776 3890 803 3940 io
822 3894 916 3939 senatu
943 3893 969 3936 ct
987 3886 1199 3938 consentientem
1218 3882 1310 3945 babuit

207 3971 268 4008 eum
299 3962 325 4007 et
357 3954 436 4008 vaide
468 3966 587 4025 gratum:
614 3959 744 4027 cognovit
775 3960 844 4009 enim
872 3958 1011 4025 prudentia
1045 3955 1183 4008 excellent
1215 3963 1240 4006 et
1265 3952 1310 4003 di-

207 4028 271 4078 vina
289 4027 427 4092 bonitate,
453 4028 587 4097 fastigium
614 4031 670 4081 irae
698 4030 770 4098 ignis
798 4031 881 4082 instar
906 4044 953 4080 cor
979 4028 1065 4094 ipsum
1090 4029 1222 4080 devorare
1251 4030 1310 4075 etu-

208 4098 275 4150 dere
295 4100 411 4149 omnium
437 4100 577 4167 prodigum
597 4114 657 4153 εεεε
681 4109 708 4151 et
733 4116 812 4153 carae
831 4102 944 4153 bumana
969 4101 1045 4153 vesci
1072 4107 1099 4151 et
1123 4097 1218 4151 fluvios
1246 4106 1312 4147 νεα-

211 4167 301 4234 garnie
327 4168 477 4223 menedimo
505 4178 551 4221 aut
582 4172 660 4222 etiam
690 4171 785 4223 laetari
812 4172 909 4225 talibus
939 4171 1015 4225 iactir
1038 4170 1096 4225 eine
1114 4167 1312 4223 misericordiae
