2875 4734
572 344 779 412 msroam.
1086 443 1091 446 Ι
1180 343 1227 415 53

125 509 214 584 λείας
234 509 291 573 καί
310 517 537 584 συνασπιστοῖς
568 511 601 585 ἐξ
625 504 758 586 ἅπαντος
779 510 964 594 χριόμενον,
986 508 1042 578 καί
1060 517 1123 586 τοῖς
1145 507 1229 576 tast-

125 634 188 674 νων
208 607 404 689 βουλεύμασι
427 613 482 672 καί
500 610 659 693 θελημασι
678 610 931 693 καταχριόμενον.
982 616 1038 696 τῆς
1058 601 1114 675 οὖν
1136 615 1229 690 ε’ξου-

127 713 200 783 σίας
223 711 268 786 εἰς
290 707 427 784 πολλοὺς
449 708 504 772 καί
524 713 682 784 ποικίλους
711 711 940 795 διαιρεθείσης,
963 713 1018 776 καί
1037 714 1100 775 τεόν
1120 737 1229 796 παρα-

128 803 386 873 δυυαστευόντων
421 805 556 874 ἑκάστου
580 815 712 891 βασιλεῖ
730 815 971 894 γαυρουμένου,
993 812 1093 887 πυλός
1113 836 1229 896 γογγυ-
1254 858 1260 902 t

101 908 208 990 ὅσμός
228 908 303 984 τοός
325 931 357 973 τε
388 909 666 994 όριοτοκρατικσός
693 913 747 976 καί
773 912 848 988 τοός
879 912 1069 996 δημοτικοός
1097 911 1151 976 διὰ
1172 909 1230 995 τήν
1273 972 1279 986 ,

129 1009 345 1093 δημοκρατίαν
366 1017 492 1090 κατεῖχε
512 1008 567 1073 καί
581 1009 747 1094 ου’γχυσις.
775 1011 901 1075 ἐκείνων
921 1011 981 1094 γόρ
998 1004 1036 1093 ἦν
1055 1010 1089 1076 τό
1112 1012 1232 1096 ου’πρα-

127 1118 194 1192 γεῖν
222 1110 283 1172 τῶν
317 1110 369 1191 της
388 1111 518 1191 μερίδος
540 1111 758 1191 τυγχανόντων
780 1114 887 1176 ου’τιόν
920 1117 975 1177 καί
1000 1114 1064 1177 ταῖν
1085 1111 1231 1176 ὁπωσοῦν

129 1210 351 1294 προσηκόντων
379 1212 422 1296 τῷ
442 1214 588 1291 βασιλεῖ,
611 1201 670 1274 κόν
694 1235 727 1274 τε
760 1216 935 1277 σπουδαῖον
957 1215 996 1301 τῇ
1018 1213 1160 1298 πολιτείᾳ
1180 1215 1231 1301 et'-¹
1310 1225 1317 1231 '

127 1308 291 1400 σηνεγκαγ,
313 1302 370 1373 κόν
391 1331 423 1372 τε
445 1308 548 1373 δεινόν
572 1303 593 1392 ἢ
616 1313 671 1374 καί
694 1304 871 1390 ἄπρακτονΙ
914 1315 978 1377 τῶν
998 1314 1026 1376 δ’
1048 1302 1150 1376 ἄλλων
1173 1307 1230 1374 λό-

85 1431 181 1493 ιογος
205 1409 327 1488 οὐδείς,
360 1403 408 1474 ὅτι
428 1407 472 1494 μη“
495 1411 689 1489 καὶμᾶλλον
719 1412 908 1490 ἀλαζονείας
930 1411 1044 1495 α’λόγυυ
1064 1415 1121 1477 καί
1140 1416 1230 1475 κενοῦ

129 1507 319 1596 φυσήματος
342 1513 478 1594 ἐγίνοντο
501 1514 669 1596 πάρεργον.
724 1513 757 1587 ἐξ
788 1502 825 1575 οὗ
848 1514 901 1577 καί
921 1537 969 1589 τις
988 1514 1057 1576 ,τῶν
1079 1503 1117 1574 εὖ
1138 1533 1230 1594 γεγο-

129 1606 227 1676 νότων
249 1614 304 1675 καί
324 1614 397 1696 περί
431 1612 488 1696 την
509 1607 591 1677 ἓιόαν
609 1612 793 1694 ὀνομαστῶν
820 1613 876 1677 καί
894 1617 1055 1699 γενναίων,
1073 1610 1231 1686 Ἰσαόκιος

131 1707 231 1795 όνομα
256 1711 438 1799 (Κσμνηνός
463 1717 548 1802 edroi
572 1713 606 1777 τό
632 1716 838 1800 ἐπώνυμον),
860 1715 1028 1797 ὑβρισθείς
1051 1712 1230 1797 παροράσει

131 1819 187 1879 καί
207 1809 480 1898 προπηλακισθείς
507 1817 664 1894 ια’θισμοῖς
693 1815 807 1895 μεστός
834 1815 925 1890 α’νίας
951 1811 1073 1900 ἒφόνη,
1095 1809 1230 1897 κοίτην

85 1913 305 2001 15συμφορόν
325 1913 626 1980 κοινοποιεῖταίτεσι
647 1919 709 1980 τῶν
731 1909 940 1999 στρατιωτῶν.
984 1912 1231 1999 προεξοιδοόμε-

132 2039 179 2080 νοτ
203 2019 238 2080 δὲ
259 2017 313 2080 καί
334 2007 420 2080 οὗτοι
433 2019 470 2104 τῇ
490 2020 553 2082 τῶν
575 2020 747 2099 γινομένων
769 2019 947 2103 α’νωμαλίρ,
970 2014 1024 2080 καί
1041 2013 1126 2101 λόπη
1150 2011 1231 2096 συγέ

131 2115 355 2200 κατεχόμενοι,
388 2119 596 2200 παρορμοόσιν
628 2119 673 2192 είς
707 2116 764 2199 τη“ν
798 2109 996 2181 όποστασίαν
1027 2108 1134 2178 αότόν.
1178 2118 1234 2178 καί

132 2215 213 2281 κακοὶ
234 2214 350 2299 μικρόν
377 2217 579 2298 συμβούλους
599 2215 729 2290 ἱκανοὺς
762 2214 1079 2300 προσλαμβάνοντες,
1100 2212 1155 2278 καί
1172 2211 1232 2296 τῆν
1314 2274 1319 2279 ,

132 2317 280 2401 τοιαότην
300 2319 431 2403 μελέτην
452 2316 532 2402 πρός
558 2315 671 2400 καιρόν
691 2317 913 2398 αἰόινήσαντες,
934 2313 1012 2397 μετό
1036 2313 1070 2379 τό
1094 2318 1147 2398 τῆς
1171 2318 1234 2395 βα-

85 2419 253 2493 2οσιλίδυς
270 2417 403 2500 α’ποῖραι,
426 2419 542 2502 μικρόν
559 2413 633 2482 όσον
649 2413 846 2492 διαλιπόντες
859 2415 1046 2500 ε’κρήσσουοι
1061 2411 1118 2497 τὴν
1132 2414 1232 2480 attera

133 2519 188 2581 καί
217 2521 274 2581 τοῦ
300 2522 492 2601 κρατοῦντος
528 2520 674 2603 μυκτῆρα
704 2513 932 2599 καταχεόμενοι
966 2517 1153 2596 ἐπαίρουσιν
1187 2513 1242 2586 εἷς

132 2612 217 2696 όψος
250 2617 304 2681 καί
334 2622 491 2700 προῦπτον
526 2617 560 2682 τὸ
595 2616 821 2699 μελετώμενον.
879 2613 942 2701 πρό
970 2617 1005 2680 dd
1027 2613 1149 2679 τούτων
1169 2617 1231 2678 τῶν

133 2717 403 2801 ἄρχισυμβοόλων
432 2712 497 2804 εἷς,
529 2724 710 2801 Βρυέννυος
734 2708 889 2800 τοόνομα,
922 2716 1232 2801 Ἀδριανουπολιλης,

209 2904 232 2955 1.
252 2903 397 2966 ίξάπαντα
417 2904 446 2958 G.
532 2919 534 2924 '
554 2903 580 2964 lt·
600 2921 633 2957 an
652 2876 830 2976 βασιλικῶςλ

136 3070 243 3121 omnino
272 3076 397 3135 utentem,
425 3079 451 3122 et
475 3069 777 3122 illorum'voluntatem
797 3075 824 3118 et
842 3066 940 3134 placita
958 3064 1135 3117 adhibentem.
1175 3082 1234 3118 cnm

138 3131 220 3210 i‘gitur
240 3149 356 3207 potestas
375 3143 445 3193 inter
469 3141 565 3192 multos
587 3151 614 3192 et
633 3141 721 3192 varios
741 3140 828 3191 divisa
847 3145 918 3189 esset
937 3144 964 3186 et
984 3150 1091 3198 eorum,
1117 3137 1162 3203 qui
1180 3138 1233 3188 im.

136 3213 206 3280 perii
223 3209 368 3280 'participes
389 3222 479 3276 erant,
499 3228 565 3264 unus
586 3215 697 3280 quisque
717 3212 886 3279 regio-more
905 3207 1070 3274 superbiret,
1090 3206 1172 3259 multa
1189 3209 1233 3260 in.

136 3285 257 3351 dignatio
279 3294 305 3337 et
324 3287 464 3350 optimates
485 3293 510 3335 et
528 3284 673 3352 *populares
693 3290 803 3348 propter
821 3279 914 3348 populi
933 3280 1073 3346 imperium
1098 3279 1235 3332 obtinebat

137 3364 164 3407 ct
190 3356 321 3408 conlusio.
358 3356 465 3406 illorum
492 3357 561 3405 enirn
582 3364 638 3406 crat
657 3368 807 3416 successus,
833 3352 876 3419 qui
896 3359 1004 3418 aparte
1025 3364 1115 3401 eorum
1134 3359 1235 3404 starem

138 3437 165 3480 ct
191 3429 286 3496 quovis
313 3428 389 3492 modo
410 3429 467 3494 regi
493 3425 588 3478 allmes
608 3434 712 3489 essent,
733 3426 791 3477 sive
810 3432 945 3475 strenuum
964 3422 1067 3473 civitati
1086 3422 1233 3483 inferrent,

136 3502 196 3552 sive
215 3498 393 3566 periculosum
413 3500 471 3550 sivo
491 3499 569 3549 etiam
589 3513 699 3558 vanum3
726 3504 875 3547 ceterorum
894 3502 979 3545 autem
999 3494 1067 3543 ratio
1085 3490 1160 3541 nulla
1184 3490 1234 3540 ha.

136 3571 265 3632 bebatur,
284 3570 336 3618 nisi
356 3570 424 3636 quod
445 3573 523 3622 etiam
542 3571 625 3636 magis
644 3569 786 3619 iactantiae
806 3567 892 3617 inanis
912 3574 938 3616 et
957 3561 1235 3637 vanae‘arjogantiae

137 3643 341 3694 additamentum
371 3641 481 3706 srercnt3
502 3658 535 3692 ex
561 3656 613 3708 quo
643 3643 720 3691 ctiam
746 3637 842 3706 aliquis
871 3635 924 3687 alto
945 3634 1013 3684 loco
1024 3639 1143 3681 ortorum
1163 3632 1214 3680 σε·

138 3717 244 3766 oriente
270 3711 412 3762 illustrium
440 3722 465 3763 ct
483 3712 613 3767 nobilium
642 3711 775 3778 (lsaalrius
802 3710 859 3758 eius
887 3720 1002 3779 nomen-2
1031 3646 1235 3774 Comnenusji

139 3793 196 3836 crat
216 3788 379 3852 cognomen)
407 3784 522 3852 sirporbc
534 3791 666 3834 ‘tractatus
685 3779 853 3848 negligentia
873 3784 900 3826 et
919 3772 1234 3838 contentusconui‘ciis,
1318 3837 1323 3842 j

139 3857 237 3924 plenus
257 3855 430 3920 aegritudinis
450 3858 571 3922 apparuit
590 3863 616 3904 et
636 3868 723 3902 casum
745 3849 919 3900 communicat
938 3861 996 3896 cum
1016 3845 1170 3913 quibusdam
1182 3845 1235 3894 mi-

139 3929 231 3988 litum3
257 3932 334 3975 antea
354 3926 403 3976 iam
429 3929 536 3978 excitati
558 3927 634 3977 etiam
660 3923 686 3973 hi
707 3921 837 3972 factorum
856 3918 996 3984 iniquitate
1015 3925 1042 3967 et
1058 3917 1166 3969 tristitia
1184 3916 1234 3963 im.

141 4000 207 4066 pleti
228 3995 399 4048 adhortantur
418 3999 449 4048 ad
462 3999 639 4050 defectionem
660 4009 734 4044 eum:
755 4000 782 4042 et
799 3990 876 4042 brevi
896 3989 1063 4039 consciorum
1082 3988 1145 4038 satis
1164 3984 1237 4035 nacti

142 4079 168 4121 et
187 4068 267 4120 talem
289 4067 484 4120 meditationem
503 4071 571 4119 iusto
583 4075 703 4131 tempore
722 4063 856 4130 parientes
875 4069 935 4128 post
944 4060 1054 4128 reginae
1072 4059 1133 4117 iter,
1153 4067 1236 4121 parvo

142 4142 283 4192 interiecto
303 4147 423 4204 tempore
442 4145 615 4206 prorumpunt
633 4145 754 4204 partum:
775 4143 801 4186 et
820 4133 972 4200 imperantis
982 4128 1132 4196 superbiam
1149 4125 1236 4176 ellan-

143 4214 235 4264 dentes
265 4209 364 4261 tollunt
389 4212 416 4261 in
444 4210 609 4260 altitudinem
640 4216 666 4259 ct
694 4207 841 4258 claritatem
868 4203 1055 4268 excogitatum.
1100 4203 1161 4247 ante
1187 4195 1257 4258 bos.

144 4291 232 4334 autern
260 4284 359 4349 primos
388 4283 511 4335 conscios
540 4297 608 4333 unus
627 4279 779 4348 Bryennius
804 4279 889 4330 dictus
907 4270 1159 4339 adrianopolitanus
1184 4267 1236 4319 dux
