2875 4734
499 283 501 294 '
577 272 791 357 brissonii,
1176 274 1244 348 lbi

146 460 209 524 τῶν
243 453 344 540 ἔργων
374 455 429 520 καί
458 459 496 542 τῆ
517 451 639 522 ἐκεῖθεν
665 451 917 538 οἷπαναχωρῆσει
947 456 1002 518 κατ’
1023 450 1248 539 αδθῆμερύσει

148 560 314 642 προσμίξει
334 558 391 620 τοῦ
413 558 627 640 διαιρεθέντος
647 559 784 641 στρατοῦ
807 554 1040 638 προκατέλαβεν
1070 550 1248 618 bocoiro-

147 683 197 735 νος
228 647 403 742 α’κῆρυκτίς
432 657 487 720 καὶ
517 658 555 722 τοὶ
578 660 751 741 δυνηθέντα
780 661 969 740 τελεσθῆναι
993 654 1246 739 διεκωλύθησαν.

147 757 177 823 οἱ
198 761 234 823 δὲ
257 759 382 843 πολλοί,
413 759 593 840 ἀγνοοῦντες
622 757 658 844 si
691 760 746 841 τῆς
778 761 964 840 διαιρέσεως
993 751 1111 838 αἴτιον,
1134 756 1247 835 μοῖμον

120 862 255 946 δέκετ’νιρ
283 855 522 940 προσάπτουσιν
550 856 592 931 οἷς
623 859 679 921 ου’κ
708 857 753 933 εἷς
782 859 852 921 δέον
878 858 1080 943 αοεηοαμένῳ
1111 850 1167 918 τδν
1189 855 1247 919 τοῦ

146 959 284 1043 στρατοῦ
307 955 526 1038 διαμερισμόν,
548 961 605 1040 τῆς
627 961 663 1022 δὲ
685 958 766 1041 ὑπὲρ
791 956 873 1040 ῆμτῖς
894 958 998 1029 αἰτίας
1017 953 1178 1036 ου’δεμίαν
1192 949 1247 1019 έν-

146 1081 234 1122 νοιαν
255 1055 335 1121 κατὰ
353 1059 456 1141 φρένα
476 1057 531 1121 κατ’
551 1060 628 1123 κατὰ
648 1057 755 1138 θυμόν
777 1059 948 1125 ἐντιθέασι.
1178 1139 1181 1146 Ι

210 1149 215 1166 ’
247 1154 458 1239 Παραβαλών
479 1159 510 1220 δ’
541 1157 558 1220 δ
580 1155 740 1240 ς’βασιλεδς
762 1159 808 1231 εἰς
829 1154 863 1219 τὸ
888 1151 1086 1239 Μανζικέερτ
1113 1155 1168 1240 τῆν
1187 1157 1248 1238 μὲν

145 1254 349 1341 παρεμβολὴν
370 1257 448 1336 μετὰ
472 1256 527 1338 τῆς
550 1252 621 1340 ὅλης
643 1259 846 1338 παρασκευῆς
865 1257 968 1338 οἷγχοῦ
989 1270 1052 1319 που
1065 1259 1250 1320 θεῖναικαδ

102 1375 137 1428 10
144 1359 274 1442 χάρακα
295 1360 399 1420 θεῖναι
422 1355 502 1422 κακοὶ
530 1357 564 1422 τδ
598 1355 778 1438 εἰθισμένον
799 1357 1069 1439 παρεκελεύσατο,
1091 1355 1187 1432 αδτδς
1211 1360 1247 1422 δὲ

144 1459 178 1524 τό
202 1444 340 1542 ἔκκριτον
368 1455 548 1539 ductanda.
565 1461 623 1523 sori
642 1462 780 1540 στρατοῦ
801 1457 953 1538 περιῆλθε
979 1453 1014 1518 τὸ
1036 1449 1125 1539 ἄστυ,
1146 1476 1247 1522 κατα·
1271 1542 1274 1550 ¹

145 1663 268 1724 σαοθαι
289 1662 344 1722 καί
366 1657 425 1734 τοὶς
445 1656 602 1738 ἑλεπόλεις
631 1661 853 1744 προσαγαγεῖν.
897 1651 963 1741 εἶχε
984 1655 1046 1743 γὰρ
1070 1655 1190 1735 ταύτας
1212 1661 1247 1724 dx
1308 1711 1312 1718 .

144 1763 350 1844 παρασκευῆς
372 1757 478 1839 ξύλοις
502 1765 661 1848 παντοίοις
683 1761 737 1824 κατ’
756 1762 914 1842 μεγίσταις
944 1763 1245 1843 κατωργανωμέθας,

102 1865 201 1926 15καί
220 1863 395 1946 φερομένας
408 1863 449 1925 δι’
472 1861 603 1940 ἁμαξῶν
616 1864 677 1925 ταῖν
693 1864 807 1942 χιλίων
826 1860 870 1942 μῆ
887 1859 1105 1926 deuteronom
1126 1853 1248 1944 ῆλαυλεΙ

145 1964 180 2025 δὲ
207 1964 262 2024 καί
281 1965 343 2024 τοῖν
365 1953 469 2025 ἄλλων
481 1957 693 2046 βοσκημάτων
715 1961 760 2035 εἰς
782 1960 926 2044 δαπάνην
942 1963 1001 2024 τοῦ
1023 1962 1162 2043 στρατοῦ
1180 1969 1247 2042 μλλ-

145 2064 333 2146 ριομέτρους
357 2063 481 2144 ἀγέλας.
525 2064 589 2126 τῶν
612 2063 647 2125 δὲ
669 2063 827 2141 πολεμίων
848 2058 938 2125 ἔνδον
961 2058 1187 2140 ἀλαλαζόντων
1208 2057 1244 2125 tt

144 2161 289 2227 ἐνυάλιον
312 2160 366 2225 καὶ
386 2160 423 2225 τοὶ
456 2165 532 2248 ’ξίφη
555 2158 850 2244 παραγαμνοδντων
877 2163 933 2224 κατ’
953 2155 1061 2235 ὅπλοις
1083 2153 1247 2244 έκῆβδλοις

141 2265 337 2347 χρωμένων,
359 2260 466 2346 {prad
487 2265 541 2348 τῆς
564 2261 699 2345 ἀσπίδος
732 2259 748 2324 o‘
770 2259 924 2340 βασιλεύς
955 2259 1188 2343 aspernatrices
1207 2257 1242 2324 to

99 2385 134 2440 20
143 2371 245 2445 τεῖχος
267 2365 444 2452 ἐπανῆλθεν
465 2365 510 2436 εἰς
530 2359 588 2444 τῆν
610 2358 822 2446 παρεμβολήν.
865 2358 895 2422 ol
919 2361 955 2422 δὲ
977 2355 1066 2437 πεζοὶ
1086 2361 1149 2423 τῶν
1166 2350 1245 2442 Ἆρε-

77 2469 84 2484 ’
142 2467 260 2544 μενέων
288 2463 519 2546 προσβαλόντες
547 2453 589 2549 τῷ
617 2460 707 2536 ε’κτός
735 2464 791 2543 τῆς
823 2459 1024 2545 ἀκροπόλεως
1046 2459 1167 2542 τείχει,
1189 2458 1246 2525 καί

143 2559 260 2638 πολλοῖς
280 2561 458 2647 προσβολὰς
486 2559 701 2646 ποιησάμενοι,
724 2563 873 2642 antedoce*
902 2557 1052 2643 αἱροῦσιν
1075 2557 1167 2642 αδτό,
1187 2563 1247 2625 sbti

216 2731 239 2780 Ῑ·
260 2725 429 2804 “idumeis
448 2729 516 2785 riost
534 2728 610 2799 rap-‘l
716 2729 743 2781 9.
763 2747 820 2784 που
836 2733 964 2788 sedatam
982 2729 1017 2791 c..
1032 2745 1066 2783 an
1084 2749 1142 2788 που
1160 2733 1244 2800 τεθῆ.

186 2821 264 2860 -ναι
282 2807 331 2856 καὶ
345 2801 578 2874 χαρακωθῆναιῗ
641 2817 644 2825 ’
894 2803 919 2841 ’.

145 2950 335 3014 constituisset,
356 2959 382 3002 et
394 2951 471 3002 finem
488 2965 597 3017 operum
617 2957 644 3002 et
660 2949 775 3001 reditum
794 2955 821 3000 et
838 2948 1009 3015 improvisam
1026 2949 1182 2999 mixtionem
1200 2949 1243 3002 di.

143 3023 196 3074 visi
215 3023 348 3074 exercitus
368 3021 546 3074 accelerasset
562 3021 684 3074 'soltanus
702 3020 779 3072 nullo
797 3019 879 3071 misso
897 3030 1042 3086 praecone,
1053 3025 1158 3086 atquae
1177 3021 1243 3085 per.

143 3095 225 3145 licere
244 3101 340 3144 statuta
360 3102 449 3146 essent
465 3093 664 3158 impedirentur.
702 3089 842 3142 multitudo
861 3099 949 3142 autern
973 3092 1100 3157 ignoraus
1126 3089 1242 3141 divisio.

143 3166 184 3216 nis
205 3179 308 3216 causam
328 3165 552 3230 vituperationem
566 3164 590 3212 ei
607 3165 728 3228 imponit,
739 3164 837 3230 quippe
855 3163 968 3231 quinon
985 3161 1147 3212 necessitate
1166 3174 1242 3211 com.

144 3243 230 3287 motus
249 3236 409 3295 instituisset
428 3234 559 3284 exercitus
580 3233 801 3298 distributionem,
821 3245 917 3285 causae
937 3239 1024 3283 antem
1051 3238 1159 3285 nostrae
1177 3231 1242 3284 nul.

143 3307 196 3358 lam
215 3306 314 3358 habent
332 3306 462 3356 rationem
481 3304 509 3352 in
528 3304 608 3354 corde
628 3312 654 3355 ct
673 3306 770 3356 animo.

155 3443 169 3450 -
241 3394 410 3462 Aggrediens
428 3399 515 3442 autem
533 3409 581 3444 rex
602 3393 803 3458 blansikertum,
816 3385 820 3390 ’
833 3402 918 3447 castra
931 3455 939 3461 ⁶
950 3410 1008 3445 cum
1033 3401 1090 3445 toto
1115 3402 1242 3462 apparatu

143 3481 227 3532 prope
247 3467 310 3532 poni
331 3471 357 3515 et
376 3461 475 3515 vallum
495 3464 556 3514 duci
575 3479 608 3514 cx
624 3479 698 3515 more
723 3467 816 3518 iussit:
843 3468 902 3533 ipse
929 3475 1017 3517 autem
1042 3481 1100 3516 cum
1129 3464 1241 3519 delectis

142 3535 272 3587 militibus
292 3534 383 3584 urbem
403 3535 562 3598 circumivit,
584 3535 735 3600 explorans,
754 3537 800 3587 ubi
819 3537 900 3588 facile
918 3537 1058 3588 machinae
1080 3535 1114 3588 ad
1138 3551 1241 3587 murum

143 3607 208 3674 porri
234 3613 260 3656 et
277 3606 375 3656 arietes
403 3606 496 3657 adduci
521 3615 640 3673 possent.
684 3607 799 3658 babebat
823 3610 892 3660 enim
918 3609 967 3661 hos
987 3607 1110 3660 consulto
1131 3622 1146 3657 o
1164 3607 1240 3658 vario

145 3692 233 3745 eoque
250 3678 362 3727 maximo
380 3676 456 3746 liguo
478 3685 644 3730 constructos
661 3686 688 3729 et
705 3687 799 3731 vectos
819 3679 939 3731 curribus
958 3678 1027 3731 baud
1047 3680 1133 3731 minus
1150 3676 1240 3731 mille:

143 3750 258 3802 aliorum
272 3758 385 3816 'quoque
404 3751 580 3800 iumentorum
599 3751 741 3801 immensos
760 3765 858 3819 greges
877 3749 1062 3818 adxerercisus
1088 3765 1163 3803 usum
1193 3766 1240 3803 se.

144 3837 203 3872 cum
223 3819 332 3888 agebat:
357 3819 477 3873 hostibus
505 3828 592 3872 autem
618 3821 689 3872 intus
714 3819 841 3872 bellicum
867 3819 1024 3874 tollentibus
1051 3820 1195 3873 clamorem
1214 3817 1242 3872 et

143 3892 248 3961 gladios
267 3891 457 3960 stringentibus
479 3900 506 3942 et
523 3893 602 3944 armis
619 3891 765 3943 missilibus
784 3891 919 3943 utentibus
938 3907 987 3943 rex
1011 3901 1152 3961 postquam
1175 3905 1239 3943 scu.

143 3972 196 4015 turn
216 3964 305 4015 lerens
327 3964 425 4013 circum
443 3965 548 4015 moenia
575 3963 730 4030 equitasset,
760 3963 787 4012 in
812 3971 897 4014 eastra
927 3964 1021 4015 rediit:
1053 3962 1239 4016 Armeniorum

142 4043 230 4085 nutem
249 4035 354 4100 pedites
375 4041 476 4084 murum
506 4043 580 4086 extra
606 4046 692 4084 arcem
720 4034 799 4084 situm
823 4036 919 4085 iterum
944 4036 1093 4101 iterumque
1118 4032 1240 4097 aggressi

144 4113 199 4156 toto
221 4120 279 4157 curn
299 4105 398 4173 impletu
417 4113 647 4174 expugnaverunt,
667 4120 726 4156 cum
754 4104 794 4156 sol
820 4107 870 4157 iam
894 4107 927 4157 ad
953 4117 1076 4156 oceasum
1101 4109 1237 4168 vergeret.

87 4229 90 4240 ,
147 4175 215 4227 elato
237 4177 319 4244 igitur
338 4175 387 4228 hac
405 4194 434 4229 re
453 4194 519 4246 rege
539 4179 642 4243 experti
659 4185 719 4229 sunt
739 4193 772 4228 cx
790 4176 911 4231 hostibus
919 4177 1003 4244 legati
1020 4170 1238 4237 miscricordiam,
1300 4207 1301 4212 κ
