2875 4734
591 246 799 332 msronut.
1048 218 1051 227 ’
1168 261 1241 334 arv

145 419 388 507 ἀναφερόμενον
410 413 583 506 άντικρνς,
605 465 642 475 -
667 422 759 490 τοῦτο
781 426 987 520 διοπτινῶς’
972 420 1119 508 επιχνούς
1141 448 1244 490 σπον-

51 562 56 572 x
145 520 238 604 δην’
224 521 394 606 εποιησατο
425 521 481 605 την
510 520 603 589 νύοον
633 526 752 648 ταύτην
784 525 827 600 ὦς
849 529 894 601 εις
916 521 1021 607 δεινήν
1043 522 1242 589 ἐλαύνουσαν

144 620 345 707 χαλεπότητα
367 627 492 710 στῆσαι,
516 629 571 687 καί
588 624 683 704 νόμον
703 629 888 708 ἀντιστῆσαι
912 626 1021 711 ταύτη,
1045 632 1109 697 τοϊς
1128 622 1246 689 οντωοί

144 723 306 803 πάσχουσι
326 722 446 806 βοηθὸν
459 723 513 787 καί
535 723 748 810 συλλήπτορα,
772 724 826 789 ναί
838 733 904 800 τοῖς
927 730 1103 806 βασιλικοῖς
1124 718 1243 807 ύπηρέ.

118 834 214 894 brom
238 824 294 885 καί
315 825 421 899 αύτοῑς
440 828 629 905 βασιλεύειν
651 826 813 908 εἰσάγοντα
832 824 888 907 την
917 826 1015 907 χάριν
1039 825 1167 888 δικαίαν
1190 821 1246 903 καί

143 918 284 1003 ἔννομον,
304 926 360 987 καί
381 928 549 1009 φροντίδος
570 924 718 1010 τοιαύτης
742 926 859 1001 αύτούς
881 927 1163 1005 ἀππλλάττονσαν,
1190 925 1246 987 καί

143 1019 200 1104 την
221 1023 465 1108 εύγνσομοσύνην
489 1028 544 1089 καί
563 1029 737 1109 θεραπείαν
760 1031 988 1110 περιποιοῦσαν
1008 1023 1191 1109 ἀπόρθητον
1201 1026 1244 1109 τῷ

142 1121 257 1238 θάρρει
280 1127 338 1187 τού
366 1126 588 1209 φυλάττεσθαι
612 1125 686 1201 τούς
707 1131 764 1191 τού
784 1130 941 1209 βασιλέως
971 1122 1174 1248 θεραπευτάς
1188 1121 1244 1188 καί

140 1218 222 1300 μετά
243 1221 389 1306 τελεοτην
421 1226 524 1287 αύτού
544 1222 646 1310 πάσης
676 1228 927 1307 δεισιδαιμονίας
955 1229 1078 1309 α’θιγεῖς
1099 1223 1153 1289 καί
1182 1248 1243 1289 κοι-

99 1323 294 1396 1οκοποιί.ας
339 1318 415 1386 ὅθεν
437 1322 671 1406 πανταχόθεν
672 1352 712 1413 τρι
738 1320 838 1390 πάθει
859 1326 956 1415 ταύτην
987 1331 1162 1409 θεραπείαν
1184 1328 1275 1409 θηο·

144 1417 295 1537 ρηάμενος,
318 1422 438 1504 νεαρὰν
457 1429 648 1503 νομοθεσίαν
667 1428 813 1509 ἐκτίθησι
838 1429 1010 1551 πρόρριζρν
1030 1418 1271 1507 ἒκτίμνούσανῐ.
1289 1436 1375 1492 aasz

141 1517 174 1583 τὸ
198 1525 366 1597 κακοθελὲς
387 1527 478 1587 τοῦτο
500 1526 554 1588 καί
574 1527 848 1608 παρανομώτατον
872 1528 1082 1612 ἐπιχείρημα,
1102 1525 1241 1613 φάμενος

142 1614 190 1685 δτι
223 1622 350 1686 πάντων
382 1620 582 1689 ἀτοπώτατόν
607 1623 691 1689 ἔστιν
718 1628 757 1691 ἵν’
781 1624 892 1707 οἱμὲν
915 1627 1118 1703 δουλεύοντες
1150 1627 1243 1692 ἰδιά-

140 1746 204 1807 ται,
227 1722 384 1806 ἀγροίκοις
407 1723 551 1806 δηλονότι
575 1730 629 1788 καί
653 1733 797 1801 πολίταις
827 1733 882 1793 καί
905 1720 1063 1811 άρχονσι,
1085 1727 1168 1809 μετά
1191 1752 1243 1793 τε·

98 1829 131 1885 15
141 1820 264 1919 λεπτὴν,
277 1824 383 1888 adeor
412 1824 552 1906 λεχάτοις
579 1831 730 1905 τιμῶνται
754 1831 808 1891 καί
829 1830 1065 1912 φιδικομίοσοις
1090 1831 1146 1894 καί
1165 1840 1258 1915 πρε-Ι

141 1926 277 2002 σβείαις,
310 1922 390 2016 Ιἔνιοι
422 1928 457 1989 δὲ
490 1924 544 1989 καί
574 1931 902 2010 κληρονομιάις,.καί
930 1928 1010 2011 μετὰ
1032 1932 1087 2013 τῆς
1121 1931 1243 1996 τούτων

142 2024 325 2109 προσθήκης
347 2026 444 2108 ἔχωσι
462 2027 518 2090 καί
535 2026 591 2103 τάς
613 2028 696 2101 ἰδίας
716 2026 844 2111 κτήσεις
865 2030 1027 2113 ἀναείρας
1048 2027 1163 2106 παντὸς
1185 2032 1243 2113 ζη-

139 2124 277 2223 τήματος
299 2126 613 2211 καίπροβληματος,
637 2126 667 2194 οἱ
690 2132 725 2193 δὲ
757 2134 819 2194 ταῖν
840 2135 998 2211 βασιλέοιν
1020 2132 1242 2216 θεραπευταί,

140 2215 186 2297 οἷς
204 2227 322 2304 μείζων
343 2226 360 2289 ὅ
379 2226 520 2308 κάματος
546 2234 600 2292 καί
627 2227 662 2293 τό
698 2226 964 2314 αύτοκρατοριιιύν
992 2230 1064 2303 δέος
1093 2232 1244 2313 διηνεκῶς

94 2331 355 2410 2οπεριχίνεται,
385 2326 465 2410 πρὸς
486 2334 529 2417 τῷ
560 2330 614 2394 καί
631 2324 777 2414 τοιαύτης
813 2332 1028 2395 ε’πιτελεντίου
1058 2332 1241 2414 φιλοτιμίας

139 2432 193 2491 καί
214 2432 277 2492 τάν
300 2432 421 2493 οἰκείων
449 2431 685 2515 ἀποστερῶνται
707 2431 793 2513 παρά
816 2456 877 2495 των
896 2434 1064 2511 μετέπειτα
1085 2433 1242 2541 βασιλέων

138 2533 194 2592 καί
214 2532 276 2593 τάν
295 2530 417 2607 τούτοις
439 2530 688 2615 παρατυχόντων
710 2532 888 2619 ύπηρετοῖν,
916 2557 968 2595 και
997 2530 1040 2607 αἱς
1071 2530 1241 2615 κάνούρχοι

137 2628 193 2691 καί
215 2616 403 2714 προσάντεις
424 2655 453 2695 οι
474 2636 576 2709 καλῶς
599 2629 840 2717 διακονήσαντες
864 2629 1107 2699 ἀπελαύνονται
1134 2632 1239 2696 οἰκιῶν

189 2793 243 2853 ,20
262 2786 393 2856 τοιαύτας
412 2796 442 2850 G.
540 2798 582 2871 22,
603 2794 815 2869 περιτυχόντων
832 2797 863 2851 G.

139 2968 241 3021 ponere
259 2955 332 3020 buic,
352 2958 391 3010 sic
409 2958 516 3012 afflictis
538 2953 666 3011 auxilium
687 2968 714 3009 et
733 2959 852 3023 socium,
873 2965 900 3010 et
918 2974 987 3026 quae
1006 2958 1090 3025 regiis
1108 2957 1237 3010 ministris

140 3035 167 3077 et
186 3028 251 3093 ipsis
278 3028 387 3095 regibus
412 3031 556 3083 adduceret
581 3032 691 3099 gratiam
715 3031 810 3080 iustam
838 3036 865 3080 et
883 3028 1029 3113 legitimam
1053 3035 1080 3079 et
1106 3044 1170 3079 cura
1189 3028 1237 3079 tali

140 3112 186 3149 eos
211 3097 340 3150 liberaret
364 3109 391 3152 et
408 3102 507 3152 bonum
528 3103 642 3160 animum
671 3108 697 3150 et
724 3101 889 3157 curationem
920 3102 1049 3151 excitaret
1066 3097 1236 3165 inturbatam,
1313 3149 1318 3159 ,

139 3183 197 3220 cum
217 3171 381 3223 confiderent
395 3180 529 3224 servatum
548 3172 581 3221 iri
595 3172 667 3238 regis
681 3172 815 3222 ministros
826 3170 871 3223 vel
890 3180 950 3238 post
968 3170 1069 3222 obitum
1089 3172 1145 3222 eius
1166 3172 1238 3222 omni

138 3243 328 3307 superstitione
355 3244 467 3314 intactos
493 3250 519 3293 et
543 3243 654 3293 iniuria.
682 3242 751 3292 unde
776 3241 875 3310 ubique
901 3243 970 3293 malo
990 3242 1052 3292 huic
1072 3242 1237 3294 curationem

137 3327 238 3374 venans
258 3329 356 3364 novum
355 3308 462 3380 legem
485 3313 547 3376 edit,
569 3328 637 3380 quae
658 3313 785 3363 radicitus
806 3313 939 3366 scinderet
958 3313 1119 3365 malevolum
1139 3312 1190 3365 hoc
1211 3316 1237 3364 et

137 3384 338 3436 iniustissimum
357 3385 509 3467 inceptum,
521 3384 684 3435 contendens
704 3384 820 3434 omnium
839 3385 1032 3451 ineptissimum
1052 3401 1121 3448 esse,
1141 3399 1235 3437 servos

138 3457 257 3521 privatos
277 3456 421 3523 agrestium
441 3464 467 3507 et
487 3457 584 3507 civium
605 3463 631 3505 et
644 3455 739 3505 ducum
758 3464 819 3522 post
835 3453 936 3506 obitum
956 3471 1046 3507 eorum
1066 3454 1163 3523 legatis
1183 3453 1234 3505 ho.
1276 3450 1278 3457 ’

137 3527 226 3576 norari
246 3534 273 3576 et
289 3526 501 3578 fideicommissis
523 3535 549 3577 et
567 3528 642 3578 donis
665 3526 832 3590 honorariis,
860 3525 1004 3577 nonnullos
1026 3528 1104 3578 etiam
1124 3526 1234 3577 beredi-

137 3595 234 3647 tatibus
254 3605 358 3659 etcum
386 3597 479 3648 harum
507 3600 663 3649 accessione
689 3597 788 3653 habere
815 3598 892 3647 etiam
912 3598 1029 3664 privatas
1047 3597 1233 3664 possessiones
1280 3592 1287 3598 ⁴

137 3668 290 3733 superiores
320 3671 391 3719 omni
411 3670 567 3737 quaestione
589 3678 617 3719 et
633 3670 840 3735 impedimento:
862 3676 953 3719 contra
975 3684 1069 3736 regum
1087 3668 1232 3731 ministros,

105 3773 108 3781 .
137 3738 231 3806 quibus
251 3741 334 3791 maior
353 3740 428 3791 labor
448 3749 473 3791 ct
494 3741 663 3806 imperatoris
684 3749 770 3792 metus
788 3747 918 3805 perpetuo
940 3740 1023 3803 adsit,
1047 3747 1232 3807 praeterquam

66 3836 69 3842 ι
137 3812 214 3861 etiam
233 3810 298 3862 talla
317 3812 350 3862 ils
370 3812 526 3879 contingant
543 3812 663 3863 defuncti
683 3811 766 3876 dona,
787 3810 865 3860 etiam
890 3812 944 3862 suis
963 3812 1063 3878 privari
1083 3827 1098 3861 a
1117 3812 1233 3877 posterla

135 3882 243 3949 regibus
263 3891 343 3950 atque
361 3899 451 3934 eorum
470 3884 608 3947 ministris,
628 3890 708 3948 atque
728 3889 757 3932 ut
784 3880 920 3932 maleficos
940 3890 967 3931 et
986 3882 1155 3934 adversarios
1174 3896 1231 3945 eos,
1272 3890 1274 3897 ’

136 3954 181 4020 qui
200 3953 313 4019 pulchre
332 3956 506 4017 serviissent,
530 3952 630 4020 expelli
652 3953 772 4004 domibus
794 3960 820 4002 et
838 3952 962 4004 urbibus:
991 3961 1133 4019 propterea
1153 3954 1232 4003 etiam

134 4024 223 4092 legem
251 4026 283 4076 de
303 4026 335 4077 iis
354 4027 476 4092 scripsit,
504 4042 572 4093 quae
591 4024 672 4075 talem
695 4022 834 4075 avaritiam
865 4030 891 4073 et
907 4024 1065 4089 pravitatem
1081 4022 1230 4089 impediret,

135 4103 164 4146 ut
182 4097 214 4147 ad
233 4111 323 4148 omnes
344 4098 435 4164 regios
461 4097 584 4148 homines
601 4104 754 4162 serpentem
780 4102 807 4144 et
830 4108 909 4161 reges
933 4095 1062 4145 servitute
1081 4094 1231 4160 privantem

135 4164 308 4232 plurimorum
328 4176 355 4220 et
373 4168 503 4222 bonorum
521 4171 657 4233 virorum,
682 4182 741 4218 cum
759 4166 884 4217 timerent
902 4164 1024 4218 acerbam
1044 4172 1070 4216 ct
1083 4164 1229 4218 violentam
