2875 4734
555 314 763 382 Bistonii.
1150 308 1215 380 25

106 482 274 566 τάραννον,
299 477 517 553 πυκνώσαντες
539 475 598 552 τάς
611 478 749 551 α’σπίδας
771 472 802 540 οἱ
823 475 898 562 περί
915 478 970 543 τὸν
993 479 1140 558 βασιλέα,
1162 475 1219 540 καί
1240 541 1247 546 ,

107 579 166 656 τάς
189 578 309 661 αἰχμάς
334 578 582 661 α’ντιστὴσαντες,
604 571 688 641 οὕτω
709 576 767 660 την
784 574 902 662 ἔφοδον
921 579 1109 660 ἐξεδέχοντο,
1131 582 1215 660 βρα-

21 759 24 764 .
110 689 180 764 χεῖς
198 681 257 761 μέν
272 672 357 754 άντες
378 682 432 743 καί
446 681 527 761 μηδὲ
549 677 629 762 πρὸς
648 675 680 741 τά
706 676 882 757 πολλοστὸν
903 681 957 762 τῆς
972 679 1091 743 έκείνου
1116 703 1216 760 στρο-

108 781 181 854 τιῶς
205 775 431 858 σι’ποσάζοντες,
453 775 482 842 οῖ
506 777 633 852 πλείους
657 778 686 840 δ’
708 779 816 843 αὐτῶν
839 778 1091 861 άπειροπόλεμοί
1107 801 1140 843 τι
1162 783 1215 845 καὶ

82 878 290 960 ὅξάγκλυδτς,
316 879 441 942 πίσυνοι
465 878 499 942 ‹ti
528 879 567 963 τῇ
596 875 842 966 α’ποτειχιζοῦση
875 875 990 965 τάφρην
1018 881 1216 954 καθεστῶτες

109 978 186 1053 τούς
220 976 397 1052 ἐναντίους·
448 975 611 1060 ἀρθέντων
644 971 701 1041 οὖν
729 980 791 1042 τῶν
819 979 957 1062 σημείων
992 977 1025 1042 αἱ
1055 975 1217 1062 φάλαγγες

110 1077 316 1162 ἀνεφάνησαν
331 1076 521 1162 στοιχηδόν,
541 1073 578 1140 αἱ
599 1080 658 1157 μὲν
682 1077 957 1162 προπορεοὸμεναι
989 1077 1044 1162 τῆς
1075 1078 1217 1142 οίποστα-

110 1180 198 1261 τικῆς
229 1180 425 1262 παρουσίας,
459 1176 492 1241 σῖ
517 1181 551 1242 dt
573 1180 633 1242 τῶν
658 1174 797 1262 κεράτων
818 1177 1024 1264 ἐξηρτημένοι
1046 1179 1102 1243 καί
1122 1170 1215 1242 άλλαι

109 1279 165 1361 τῆς
200 1276 352 1362 οὐραγίας
384 1279 551 1362 ἐχόμενοι,
584 1280 643 1354 ἓως
673 1274 819 1344 άπέναντι
849 1280 905 1364 τῆς
943 1279 1071 1365 τάφρου
1101 1301 1245 1345 σοντι-ι

67 1381 265 1462 1οταγμένος
304 1379 362 1454 τάς
405 1379 557 1461 δυνάμεις
591 1376 775 1462 έοτηοαντο.
831 1373 898 1445 εἶτα
927 1382 1016 1462 σιγῆς
1048 1383 1216 1466 γενομένης
1294 1448 1296 1462 ,

110 1477 341 1562 ἀκροβολισμοὶ
372 1477 407 1544 τά
445 1482 570 1564 πρῶτον
605 1483 765 1563 ἐγίνοντο,
797 1478 853 1544 καί
889 1483 1062 1545 πελτασταί
1091 1481 1216 1564 σπορά-

46 1641 58 1656 s
115 1583 168 1654 δες
191 1581 223 1657 ἐξ
245 1571 393 1662 ἑκατέρου
421 1584 540 1665 μέρους
569 1575 715 1661 άλλη-λαις
743 1583 948 1660 συνέπιπτον,
976 1576 1033 1642 καί
1054 1573 1140 1643 οίίτω
1161 1585 1216 1663 τῆς

110 1681 218 1763 μάχης
249 1678 328 1742 κατά
350 1678 465 1765 μικράν
494 1679 709 1764 άναπτσμένης
739 1677 870 1744 ἱππόται
892 1689 957 1759 τοῖς
983 1681 1042 1744 τοῦ
1059 1683 1217 1761 βασιλέως

110 1780 218 1856 πεζοῖς
246 1785 311 1852 τοῖς
332 1779 419 1856 έκτὸς
451 1782 505 1844 τοῦ
532 1783 676 1866 χάρακος
707 1780 951 1864 προσπηδησοσι
982 1778 1040 1854 τάς
1057 1784 1216 1862 σαριόσας

67 1892 101 1944 15
111 1881 276 1964 ἐπέφερον.
329 1873 398 1944 εἶτα
424 1880 522 1966 μοῖρά
545 1904 592 1956 τις
622 1883 843 1964 ἀποτμηθεῖσα
877 1884 932 1946 καί
952 1889 1017 1956 τοῖς
1034 1883 1215 1964 Ἀγαρηνοῖς

110 1979 166 2044 έπί
187 1983 333 2058 μέτωπον
354 1988 564 2066 προαχθείσα,
586 1985 641 2046 καί
663 1979 756 2060 δόξαν
778 1985 1004 2065 παρασχομένη
1019 1983 1136 2067 φυγῆς,
1159 1984 1215 2067 τῆς

111 2080 229 2152 οἰκείας
249 2080 391 2157 στάσεως
413 2081 454 2157 ῶς
475 2081 645 2157 έιῶκοντας
667 2080 785 2157 αὐτοάς
797 2080 1032 2166 μετεστήσατο·
1078 2085 1134 2146 κατ’
1155 2105 1216 2146 τα-

108 2181 193 2263 χέως
208 2185 458 2266 μεταστρέψασα
490 2183 564 2261 τοίις
585 2181 744 2268 ῥυτῆρας,
765 2186 810 2258 εἰς
839 2187 938 2264 μέσον
958 2183 1088 2257 τούτους
1107 2185 1215 2248 συνέκ·

110 2286 208 2361 issue,
231 2279 286 2346 καί
306 2279 401 2368 φόνον
423 2288 542 2350 τούτων
564 2287 620 2348 eda
638 2280 1104 2368 ευάρίθμητονκατειργάσατο.
1147 2282 1219 2348 inat*

68 2382 149 2445 lodi
171 2385 226 2445 καί
245 2385 290 2456 εἰς
310 2381 367 2466 τη“ν
388 2385 536 2471 τοιαύτην
550 2385 710 2472 ἐπιφοράν
732 2379 913 2468 ἐποιήσατο,
936 2384 1089 2466 σύνθημα
1108 2386 1216 2467 γέγονε
1258 2379 1262 2386 ’

111 2491 177 2556 τοῖς
192 2478 305 2549 ἑστῶσι
323 2491 581 2570 συντεταγμένοις
596 2485 752 2564 α’λαλάξαι
767 2488 956 2569 πολεμικῶς,
974 2480 1031 2548 καί
1040 2481 1217 2549 σαλπισάν-

111 2607 174 2648 των
195 2587 260 2652 τῶν
281 2591 461 2652 σαλπιστῶν
493 2589 638 2670 ου’τοβοεί
658 2610 690 2651 τε
721 2588 765 2674 τῷ
782 2584 903 2670 χάρακι
925 2587 1133 2669 ἐπιφέρονται
1163 2589 1218 2650 καί

112 2686 224 2750 τοῦτον
248 2684 395 2770 αἱροῦσιν
408 2690 447 2764 έξ
469 2689 588 2774 έφόδου
601 2739 609 2768 ,
633 2685 924 2772 περιστοιχίσαντες
947 2684 1037 2769 δίκην
1057 2687 1216 2768 μελισσῶν
1279 2717 1284 2722 ’
1331 2756 1337 2768 .

187 2848 213 2900 5.
234 2845 416 2918 decessisse?
522 2849 566 2903 20.
587 2850 638 2922 εἰς]
661 2847 867 2912 actionnibus?
956 2929 960 2936 ¹

114 3019 184 3086 regii
205 3027 232 3070 ct
251 3019 374 3085 cuspides
394 3027 487 3072 contra
506 3028 638 3086 tenentes,
658 3022 695 3073 ita
710 3021 836 3086 impetum
857 3017 1036 3085 excipiebant,
1055 3017 1133 3085 pauci
1152 3018 1227 3085 qui.·

114 3091 174 3142 dem
193 3097 273 3158 atquc
292 3105 326 3141 ne
347 3099 438 3142 contra
457 3093 588 3143 minimam
615 3093 721 3160 quidem
746 3098 849 3156 partem
867 3091 1000 3141 exercitus
1019 3088 1094 3139 illius
1112 3090 1215 3142 seruari

114 3162 247 3225 valentes,
268 3162 359 3228 plures
378 3170 464 3214 autem
485 3177 575 3214 corum
593 3162 660 3214 belli
685 3163 802 3228 imperiti
828 3169 855 3211 et
872 3162 1002 3224 advenae,
1023 3160 1070 3212 sed
1089 3159 1150 3210 ireti
1168 3174 1214 3210 ar.

115 3241 193 3283 cente
213 3233 285 3284 fossa
310 3234 443 3286 adstantes
469 3242 560 3285 contra
589 3234 695 3296 hostes;
722 3232 834 3285 sublatis
853 3233 935 3301 igitur
962 3231 1046 3300 signis
1066 3230 1214 3300 phalanges

50 3309 52 3317 '
114 3311 295 3370 apparuerunt
313 3306 467 3369 instructae,
487 3304 555 3356 aliae
576 3313 734 3356 anteeuntes
753 3305 856 3371 cupiam
884 3303 916 3355 ad
935 3303 1114 3355 deiectionem
1132 3319 1214 3370 pura.

112 3383 175 3438 tam,
198 3374 268 3425 aliae
288 3377 446 3427 coniunctae
465 3391 524 3428 curn
544 3377 684 3440 cornibus,
705 3384 732 3426 ct
749 3376 819 3427 uliae
838 3376 938 3432 ultimis
958 3374 1142 3437 adhaerentes,
1162 3374 1214 3425 dc.

112 3461 164 3498 nee
192 3454 254 3496 unte
280 3447 376 3498 fossam
404 3449 544 3499 instructas
575 3449 646 3499 vires
672 3449 881 3511 constituerunt,
907 3455 961 3498 tum
985 3446 1095 3498 silentio
1119 3453 1213 3496 coorto
1256 3440 1259 3447 '

112 3533 220 3586 pugnae
240 3518 341 3570 eminus
360 3519 495 3569 institutae
516 3520 626 3585 primurn
646 3519 759 3581 fiebant,
787 3529 814 3571 et
832 3517 963 3585 peltastae
982 3518 1066 3584 sparsi
1086 3532 1120 3568 ex
1138 3525 1213 3567 utra-

114 3605 165 3656 que
184 3596 261 3654 parte
280 3605 310 3639 se
328 3587 443 3641 invicem
463 3590 699 3658 aggrediebantur,
722 3599 801 3657 atque
821 3593 859 3642 sic
879 3605 938 3643 eum
956 3604 1045 3656 pugna
1064 3601 1149 3653 paene
1168 3588 1212 3638 in.

114 3659 292 3724 cenderctur„
304 3662 408 3728 equites
427 3661 559 3726 peditibus
579 3663 651 3729 regis
677 3671 752 3713 entra
775 3661 875 3713 vallum
895 3661 1012 3727 egressis
1039 3658 1149 3709 sarissas
1166 3659 1212 3709 in.

114 3730 245 3794 ferebant,
267 3738 321 3781 tum
340 3747 402 3798 pars
428 3732 554 3799 quaedam
580 3733 665 3784 divisa
692 3742 719 3784 et
737 3732 869 3801 Agarenis
885 3732 920 3785 xin
945 3729 1032 3779 fronte
1058 3729 1169 3780 adducta
1187 3737 1213 3780 et

113 3802 232 3868 speciem
251 3802 381 3867 praebens
402 3803 482 3870 fugae
501 3804 622 3855 internae
642 3804 781 3855 seditionis
802 3803 877 3870 quasi
896 3808 1023 3868 urgentes
1044 3815 1090 3854 ecs
1109 3802 1211 3852 consti.

113 3874 171 3935 tuit,
194 3881 221 3922 et
240 3865 367 3924 celeriter
386 3882 493 3926 vertens
513 3875 589 3926 frena
613 3875 714 3927 medios
744 3874 793 3924 hos
813 3871 929 3935 inclusit,
950 3879 976 3921 et
992 3873 1099 3923 caedem
1119 3872 1211 3922 horum

113 3943 334 3995 innumerabilem
354 3945 478 3996 coniecit.
517 3961 575 3997 cum
594 3955 682 3997 autem
703 3947 780 3996 etiam
800 3944 832 3994 ad
851 3943 921 3994 hunc
939 3942 1019 3993 talem
1039 3945 1164 4009 impetum
1183 3957 1213 3991 sc

114 4016 282 4082 accingeret,
310 4018 415 4082 signum
434 4017 520 4067 datum
549 4026 589 4070 est
614 4017 749 4068 instructis
775 4016 819 4083 qui
848 4014 985 4066 adstabant
1014 4023 1043 4064 ut
1067 4013 1212 4062 clamarent

113 4085 220 4136 militari
239 4087 317 4136 mode
335 4095 361 4136 et
380 4102 438 4136 cum
453 4089 613 4141 cecinissent
630 4088 818 4140 buccinatores
836 4087 921 4154 primo
935 4086 1051 4136 clamore
1070 4081 1142 4133 vallo
1162 4081 1211 4132 ad.

115 4156 250 4208 feruntur:
271 4166 351 4224 atque
371 4157 421 4208 Ιιοσ
440 4157 538 4210 tollunt
549 4159 641 4227 'primo
658 4163 758 4227 impetu
779 4161 916 4226 cingentes
935 4157 1023 4222 apium
1037 4155 1119 4227 instat
1136 4166 1210 4203 sum.

114 4242 182 4280 mum
201 4244 320 4301 murum,
349 4237 375 4282 et
393 4229 509 4298 ingrcssi
534 4233 604 4286 intus
628 4233 726 4287 multos
751 4231 881 4285 necabant
906 4238 933 4283 et
952 4224 1090 4280 calcabant
1109 4237 1210 4290 eorum,
