2875 4734
207 254 281 331 tot
371 256 590 327 arcuimus
619 256 878 326 artemone
906 200 1111 329 ntsnonm.

206 422 299 498 ζονας
322 420 468 500 εὐποιίας
489 422 542 487 τὸν
563 420 701 502 βασιλέα
725 419 970 507 κοτεόοσοόπονν
983 420 1067 483 ἰέναι
1087 414 1141 483 καί
1161 412 1307 500 χρηστό-

202 544 292 604 τερον
313 526 458 604 γίνεσθαι
490 524 546 585 καί
572 530 637 595 τοῖς
671 520 834 585 ἐπταικόσι
863 521 1018 599 συμπαθῆ
1041 520 1094 583 καί
1117 517 1307 601 φιλάνθρω-

132 642 134 647 ·
203 645 272 687 πον.
315 617 395 687 o‘t'cro
416 620 576 705 α’ληθηςῆ
598 621 705 704 γνοόμη
729 614 809 706 αὕτη
830 616 912 684 ἐστίν
944 619 1124 701 ἦλόγονσα
1146 613 1195 680 ότι
1218 624 1310 701 φιλεῖ

202 724 239 786 τό
261 721 447 805 ὑποχείριον
472 720 598 797 πάντας
621 720 704 808 ζήλιρ
727 725 781 804 τῆς
803 725 860 784 τοῦ
882 714 1033 803 όρχοντος
1055 712 1181 801 γναόμης
1200 719 1302 797 βιοῦν.

293 817 347 887 Ἓν
369 824 405 888 δὲ
434 824 478 911 τῷ
505 827 635 904 βασιλεῖ
660 819 763 912 τοότηι
793 822 957 902 ἐλάττωμα
986 819 1220 899 συνεπίσταμαι
1243 813 1329 899 τηνῦ

201 926 387 1010 α’πληστίαν)
407 918 456 989 ότι
479 928 534 1007 τῆς
556 926 707 1005 κοσμικῆς
729 928 784 1015 καί
798 921 935 1005 ἐπιγείου
954 923 1119 1004 βασιλείας
1132 918 1301 1001 ε’πιτνχοόν,

201 1023 329 1110 καὶτῆς
351 1025 543 1110 ε’πονρανίον
565 1028 620 1089 ναί
642 1025 751 1089 u't‘dtbv
774 1028 939 1111 βασιλείας
970 1020 1116 1103 α’κρατιός
1138 1017 1247 1103 ἔχεταί
1268 1042 1300 1083 τε

201 1125 257 1191 καί
283 1130 462 1211 περιέχεται
495 1123 546 1190 διό
572 1130 633 1191 τῶν
660 1130 816 1209 μεγίστων
851 1123 953 1188 αότοό
987 1123 1224 1207 όγαθοεργιαῖν,
1247 1121 1302 1185 καί

201 1224 372 1312 όλοψόχοος
391 1230 454 1294 ταῖν
474 1228 508 1291 ἐκ
524 1224 641 1312 ταότης
659 1225 879 1311 όπερκοσμίων
896 1225 1026 1307 όγαθῶν
1041 1218 1098 1287 οόκ
1118 1224 1299 1309 ἀφίσταται.

290 1323 408 1413 Ἔγωγε
424 1321 496 1393 ὀὖν
516 1329 674 1413 αὐτόπτης
692 1326 814 1393 τοότοον
837 1326 891 1390 καί
917 1321 1299 1407 διαγνώμοονγενόμενος,
1311 1336 1344 1391 tt

200 1433 235 1496 ἒν
253 1431 367 1515 γνοόσει
389 1429 494 1496 πάντα
519 1428 574 1496 καί
606 1424 759 1514 ἀληθείας
781 1426 900 1513 ἰσότητι
928 1429 1092 1512 γέγραφα,
1114 1426 1165 1489 ἴνα
1187 1424 1231 1507 μη
1256 1423 1299 1499 πός

200 1530 415 1616 ὅνατορόξας
445 1530 479 1597 τό
502 1529 657 1596 τόλαντον
678 1533 738 1595 τοό
765 1534 876 1612 κορίον
898 1523 997 1592 αότοό
1026 1524 1162 1613 πονηρός
1187 1526 1299 1602 δοῦλος

200 1636 387 1716 κατακριθιό
409 1628 431 1716 ἢ
453 1631 496 1707 οἷς
519 1631 535 1697 ό
557 1632 613 1697 τὸν
635 1632 868 1718 σκοτεινότατον
894 1628 1012 1710 λόχνον
1032 1626 1092 1691 όπό
1115 1624 1168 1691 τόν
1185 1628 1299 1707 μόδιον

199 1732 346 1815 κρόψας·
391 1728 434 1810 σός
456 1727 494 1796 όν
516 1736 550 1797 όν
571 1731 714 1816 ἱστορίας
737 1726 814 1816 όφει
835 1725 1028 1813 τνγχόνοντα
1042 1728 1097 1791 καί
1117 1736 1184 1803 ταῖς
1205 1732 1301 1807 μετέ-

120 1860 128 1867 ·
160 1857 162 1860 ·
199 1854 294 1896 πειτα
315 1832 437 1914 γενεαῖς
466 1826 601 1917 όληστον
630 1832 685 1918 τὴν
715 1830 842 1918 μνήμην
863 1834 919 1914 τῆς
950 1833 1006 1893 τοῦ
1026 1825 1165 1912 μεγόλον
1186 1826 1299 1893 τοότον
1310 1833 1344 1887 15

198 1936 354 2014 βασιλέως
384 1932 543 2017 ὑπεροχῆς
573 1938 627 1998 καί
660 1939 722 1999 τοῖν
740 1935 972 2019 α’παραμιλλοον
1003 1930 1103 2016 ἔργων
1126 1930 1302 1994 adrodatur*

199 2030 360 2097 τόθόνατον
381 2038 573 2119 σνντηριόσι,
596 2036 652 2099 καί
671 2033 752 2118 πρός
773 2043 906 2119 μίμησιν
931 2032 1007 2109 τοός
1029 2032 1300 2114 ἀναγινώσκοντας

197 2131 323 2215 ἕλκωσι,
345 2136 409 2199 τοῖν
430 2136 606 2201 καλλίστοιν
637 2141 691 2200 καί
710 2135 980 2221 όπερφνεστότοον
1010 2131 1203 2217 πραγμάτων
1222 2130 1300 2214 πρός

197 2238 339 2299 τοιοότον
370 2236 629 2311 α’ποσκοποόντας
658 2237 861 2319 παράδειγμα
884 2236 1081 2299 θεοείκελον.
1124 2237 1178 2298 καί
1199 2235 1300 2297 ταῦτα

195 2338 256 2416 μὲν
279 2337 313 2399 ἐκ
337 2339 461 2403 πολλῶν
482 2337 583 2421 όλίγα,
603 2331 663 2402 όοα
686 2335 830 2423 δηλονότι
846 2341 943 2421 μέχρι
965 2338 1022 2400 rod
1037 2336 1187 2418 δευτέρον
1208 2330 1342 2410 &bocatii

143 2495 148 2504 .
196 2437 253 2518 τῆς
274 2436 378 2523 αότοῦ
398 2438 564 2519 βασιλείας
587 2443 780 2520 θαυμασίως
804 2438 1032 2532 ἐπράχθησαν·
1054 2435 1093 2501 τό
1118 2437 1147 2500 δ’
1168 2437 1296 2500 ε’πιόντα

195 2539 332 2623 λιαθεξῆς
354 2537 371 2602 ό
395 2539 482 2623 λόγος
498 2535 634 2623 δηλοόσιι
653 2539 852 2625 τρανότερον.

197 2804 295 2861 cedere
313 2815 340 2860 et
357 2807 497 2862 meliorem
515 2810 573 2863 deri
595 2817 622 2863 et
639 2812 787 2879 desperatis
813 2811 1012 2866 misericordem
1038 2820 1065 2864 et
1082 2810 1237 2876 humanum3
1255 2811 1292 2863 ita

196 2887 227 2931 nt
247 2895 313 2932 vera
330 2881 364 2934 sit
392 2881 524 2934 sententia
543 2882 610 2934 haec
639 2899 707 2952 quae
726 2884 764 2936 ait
791 2884 881 2936 solere
909 2884 1045 2937 subiectos
1070 2884 1177 2937 omuino
1206 2884 1292 2937 studio

196 2954 347 3004 sententiae
363 2953 532 3022 imperatoris
551 2955 655 3008 rivere.

295 3039 382 3095 Unum
400 3052 487 3095 autem
506 3044 565 3119 regi
579 3043 643 3097 huic
657 3045 751 3096 vitium
767 3046 859 3098 adesse
873 3046 940 3112 scio,
959 3045 1204 3099 insatiabilitatem:
1224 3044 1293 3113 quod

197 3129 255 3165 cum
284 3115 442 3167 mundanum
468 3116 493 3166 ei
522 3123 549 3167 et
567 3124 702 3168 terrenum
718 3132 830 3184 regnum
854 3118 1011 3186 contigerit,
1038 3119 1117 3170 etiam
1135 3116 1248 3169 coelesti
1267 3123 1294 3167 ot

196 3193 307 3238 aeterno
333 3201 418 3255 regno
439 3187 543 3239 studeat
561 3189 723 3255 impotenter
748 3196 775 3239 et
796 3191 913 3242 intentus
938 3191 973 3242 sit
991 3189 1110 3242 maximis
1128 3187 1292 3251 benefactis,

195 3265 276 3326 atque
294 3265 350 3310 toto
372 3258 459 3310 animo
479 3257 642 3313 coelestibus
660 3253 740 3312 buius
756 3259 834 3315 bonis
852 3276 907 3313 non
924 3262 1042 3315 desistat.
1060 3244 1080 3283 ι

295 3346 424 3415 Equidem
434 3348 528 3416 igitur,
547 3350 592 3417 qui
608 3350 666 3416 ipse
683 3349 752 3401 baec
771 3350 826 3402 vidi
845 3358 872 3401 et
891 3351 1018 3418 cognovi,
1034 3352 1194 3420 cognitionis
1204 3351 1293 3403 omnia

196 3423 225 3470 ot
245 3418 367 3471 veritatis
392 3419 556 3487 aequalitate
574 3422 688 3487 scripsi,
707 3437 742 3472 ne
761 3422 831 3485 utie
846 3423 892 3489 qui
911 3423 1028 3475 condidit
1041 3423 1175 3475 talentum
1194 3423 1293 3475 domiui

194 3489 280 3556 ipsius
298 3505 398 3559 pravus
427 3506 522 3544 servus
546 3492 708 3544 diiudicarer
732 3499 777 3543 aut
802 3500 831 3543 ut
849 3495 872 3545 is
892 3495 938 3561 qui
956 3493 1118 3561 pellucidum
1136 3494 1226 3547 lumen
1243 3494 1297 3547 sub·

193 3561 284 3613 modio
303 3563 487 3629 abscondidit,
514 3571 543 3614 ut
569 3579 600 3614 ea
619 3579 688 3632 quae
706 3566 735 3617 in
753 3563 882 3617 historiae
906 3573 1013 3619 textura
1030 3566 1125 3619 adsunt
1143 3567 1221 3617 etiam
1240 3580 1292 3633 po.

194 3634 429 3688 stemmatibus
455 3644 610 3702 perpetuam
633 3635 786 3687 memoriam
806 3638 912 3689 virtutis
934 3645 960 3688 et
984 3637 1229 3705 incomparabilium
1249 3636 1292 3688 la.

193 3710 298 3757 otorunr
320 3708 410 3774 magni
434 3705 513 3759 buius
535 3707 608 3773 regie
637 3714 664 3757 et
686 3706 871 3759 immortalemx
885 3717 995 3761 servent
1022 3718 1049 3761 et
1067 3710 1100 3762 ad
1116 3704 1292 3761 'imitationem

108 3840 111 3845 Ι
192 3773 317 3843 legentes
334 3777 450 3843 trabant,
469 3793 528 3830 oum
547 3778 578 3829 ad
597 3777 836 3845 pulcherrimorum
862 3787 889 3831 et
905 3780 1018 3833 maximo
1036 3782 1185 3849 ingentium
1203 3779 1293 3833 lacto.

191 3860 252 3897 ram
268 3847 324 3899 tale
347 3858 471 3916 spectent
501 3850 651 3916 exemplum
676 3851 806 3903 divinum.
839 3851 919 3919 atque
939 3851 1007 3903 leaeo
1025 3853 1131 3922 quidem
1151 3869 1185 3905 ex
1201 3852 1292 3903 multis

192 3932 279 3984 panca
294 3928 366 3985 sunt,
385 3937 456 3990 quae
473 3921 580 3990 quidem
598 3922 735 3991 usquead
756 3922 869 3976 alterum
887 3938 985 3975 auntm
1004 3927 1062 3978 eius
1080 3926 1158 3993 regui
1176 3923 1292 3977 admira-

97 4034 101 4042 ,
192 3987 286 4044 blliter
303 3991 374 4046 lecta
392 4001 472 4046 eunte
490 3995 632 4061 sequentia
650 3994 778 4064 deinceps
795 3997 912 4049 narmtio
938 3994 1085 4051 declarabit
1103 3996 1211 4049 clarius.
