2875 4734
311 180 321 209 Ι

224 265 296 337 160
526 257 742 328 ntentans
772 251 1030 324 mittom

221 407 315 518 νίκην
330 431 383 497 διό
406 434 464 496 τοό
493 432 652 515 νικητικοό
673 423 806 516 σημείου
827 435 891 503 τοῖς
918 430 1068 500 ἐναντίοις
1099 417 1323 506 παραπεμψά-

191 581 195 584 -
220 556 335 615 μενος,
367 531 474 608 καθώς
501 529 531 596 οἱ
563 529 601 596 τά
638 532 772 596 τοιαῦτα
805 527 1040 613 διακριβοόντες
1061 520 1322 605 συμβάλλουσιν·

223 627 260 697 ου’
281 631 342 717 γάρ
364 631 429 697 ἔδει
450 632 559 716 μάχης
581 637 786 715 προκειμένης
807 630 949 693 τοιοῦτον
966 630 1128 708 σύμβολον
1148 626 1181 702 έξ
1204 619 1322 686 ἑαυτοῦ

220 733 300 818 πρός
323 738 485 809 ἐναντίους
505 737 703 813 μεταθεῖναι.

312 832 367 898 »Τό
392 838 420 899 d'
441 832 503 899 clud
523 835 614 900 τοῦδε
627 823 821 916 ’όυσάντητος
843 831 919 914 ήμῖν
939 829 955 892 ό
975 829 1063 912 λόγος
1086 826 1139 891 διά
1161 822 1196 890 τό
1217 823 1350 911 &ppei-5

221 940 274 1011 δες
294 939 357 1000 τοῖν
393 935 608 1018 οίτυχημάτων
641 936 696 998 καί
724 936 794 996 λίαν
816 929 1008 1016 α’πόφημον,
1031 931 1085 992 καί
1105 925 1161 1012 τήν
1182 929 1227 1002 είς
1248 924 1321 1000 τοός

190 1059 193 1066 ·
216 1037 395 1118 Ῥωμαίους
415 1037 637 1117 έπισυμβᾶσαν
654 1030 885 1116 χαλεπωτάτην
915 1033 1119 1114 όυσκληρίαν.
1169 1065 1176 1077 ·

281 1130 283 1134 ’
324 1130 421 1202 oliuo
442 1139 530 1210 τέλος
551 1132 627 1217 ἔσχε
659 1133 731 1197 otld’
751 1123 947 1214 όναβολήνή
971 1131 1032 1193 ττόν
1054 1130 1217 1213 πρέσβεων
1234 1098 1320 1212 ’ὅφι-

221 1245 291 1326 ξις,
311 1240 369 1303 καί
385 1261 466 1312 τινες
496 1239 557 1300 τοόν
588 1232 766 1318 ε’γγυτάτων
793 1233 835 1320 τῷ
861 1238 992 1313 βασιλεῖ
1019 1230 1186 1294 πείθουσιν
1221 1226 1320 1293 αότόν

221 1333 442 1420 α’ποβαλέσθαι
464 1337 520 1420 τήν
543 1334 668 1422 εἰρήνην
705 1334 748 1412 τός
770 1326 969 1421 ψευδομένην
991 1334 1024 1402 τό
1049 1332 1139 1420 ἔργον
1159 1335 1215 1399 καί
1234 1332 1321 1397 άπα-
1333 1349 1367 1402 10

221 1443 327 1505 τοόσαν
349 1441 470 1521 μάλλον
492 1430 513 1520 ή
533 1435 567 1501 τό
591 1442 757 1522 συμφέρον
777 1439 964 1501 ἐθέλουσαν.
1006 1436 1143 1500 δεδιέναι
1162 1435 1225 1518 γάρ
1241 1459 1323 1520 φασι

221 1537 274 1605 τόν
296 1537 468 1604 σουλτάνον
489 1535 543 1600 διό
565 1533 601 1600 τό
622 1536 667 1620 μή
691 1535 855 1619 ἀξιόλογον
889 1533 976 1618 ἔχειν
999 1535 1136 1617 δόναμιν
1157 1537 1211 1599 καί
1228 1558 1323 1619 περι-

220 1645 327 1724 μένειν
350 1637 423 1713 τούς
454 1635 584 1702 κατόπιν
612 1636 713 1700 cultori
734 1637 940 1718 βαδίζοντας,
977 1639 1033 1700 καί
1053 1638 1097 1724 τῷ
1120 1633 1322 1719 προσχήματι
1427 1625 1435 1634 ”

197 1742 276 1823 ,τῆς
297 1737 422 1822 εἰρήνης
455 1733 659 1821 μετεωρίζειν
688 1733 743 1801 τόν
762 1737 898 1826 χρόνον,
919 1733 962 1811 τός
983 1731 1023 1800 άν
1047 1732 1271 1818 έπικοιταλάβοι
1289 1733 1323 1799 τό

222 1837 378 1921 όστεροῦν
404 1842 465 1922 τής
486 1835 660 1919 δυνάμεως.
704 1841 811 1900 οτοότο
832 1835 932 1922 ῥηθὲν
956 1837 1131 1922 ότανίστησι
1153 1836 1209 1901 τόν
1226 1840 1324 1918 βασι·
1334 1850 1368 1903 15

223 1942 279 2025 λέον
298 1937 375 2022 πρός
397 1938 541 2020 πόλεμον.
584 1937 637 2001 κἀί
655 1935 683 2002 οἱ
704 1940 763 2017 μὲν
786 1937 920 2021 Τοόρκοι
937 1934 1014 2002 κατά
1036 1939 1123 2022 σφός
1145 1934 1260 2011 αότοός
1282 1933 1322 2000 τά

222 2040 280 2120 τής
292 2038 418 2121 εἰρήνης
440 2033 759 2123 έπραγματεόοντο,ό
782 2040 818 2101 dd
837 2036 990 2119 βασιλεός
1007 2037 1163 2112 σαλπίσας
1182 2036 1218 2100 τό
1231 2036 1325 2101 ἐνυά-

225 2145 292 2205 λιον
324 2133 378 2204 τόν
408 2139 512 2219 μόθον
544 2136 734 2221 παραλόγως
766 2138 929 2224 ἐκράτησε.
984 2141 1208 2220 καταλαβοῦσα
1245 2140 1274 2200 d’
1303 2131 1323 2220 ή

135 2271 137 2276 ·
225 2237 317 2325 φήμη
341 2239 413 2315 roda
433 2237 595 2313 ἐναντιοός
615 2239 770 2323 ἐξέπληξε.
813 2243 890 2316 τέως
910 2241 944 2302 d'
965 2232 1021 2302 σόν
1054 2240 1324 2318 καθοπλισάμενοι

224 2337 285 2404 καί,
298 2340 393 2405 αότοί
411 2337 447 2404 τό
470 2342 530 2422 μὲν
552 2331 717 2425 άχρηοτον,
734 2343 856 2424 πλήθος
878 2341 923 2415 είς
943 2340 1085 2406 τοιίπίσω
1114 2337 1369 2423 προήλαυνσν,2λ)

224 2440 317 2505 αότοί
335 2442 371 2505 dd
394 2438 526 2506 κατόπιν
547 2445 729 2532 φαντασίαν
753 2442 879 2504 ε’όίόουν
908 2444 1077 2526 πολεμικής
1102 2439 1325 2536 άντιτταρμτά·

222 2543 309 2617 ξεως.
325 2538 360 2608 τό
376 2541 412 2603 dd
432 2546 574 2606 πλεῖστον
595 2539 682 2626 φυγή
693 2563 740 2614 τις
762 2548 907 2625 κατεῖχεν
927 2540 1057 2622 αότοός,
1077 2542 1326 2623 συντεταγμένας
1430 2512 1435 2541 ⁸

301 2735 342 2785 11.
360 2736 523 2800 ,ἐθέλουσαν
540 2736 690 2803 interpret:
710 2736 741 2791 G.
761 2737 904 2792 ἐθέλουσι.
1012 2751 1086 2809 φησι
1104 2734 1134 2789 G.

225 2911 278 2958 tem
298 2906 438 2958 victoriam
457 2902 570 2960 victrice
589 2908 706 2977 imagine
726 2908 847 2962 hostibus
865 2908 983 2972 miserat,
1003 2915 1032 2960 ut
1050 2909 1071 2959 ii
1088 2909 1133 2976 qui
1150 2908 1179 2958 in
1197 2906 1261 2959 talia
1278 2907 1325 2960 in.

163 3031 165 3042 ⁸
227 2979 335 3046 quirunt
352 2978 513 3030 coniiciuut:
540 2995 628 3048 neque
648 2981 717 3031 eninr
737 2979 877 3047 oportebat
905 2995 994 3048 pugna
1012 2981 1127 3032 instante
1145 2977 1199 3030 tale
1220 2980 1325 3047 siguum

224 3050 257 3101 ab
275 3051 334 3118 ipso
353 3050 385 3101 ad
403 3050 529 3104 adversos
540 3051 696 3126 ,nauarent

322 3137 387 3190 lude
405 3137 438 3188 ab
457 3138 498 3190 his
517 3148 602 3190 autem
623 3141 673 3190 iam
693 3139 812 3192 difficilis
827 3140 944 3192 narratio
964 3102 1074 3207 propter
1092 3146 1209 3190 atrocem
1228 3153 1259 3190 ac
1277 3139 1324 3189 ni.

221 3209 271 3260 mis
289 3208 430 3329 irffistam
450 3209 625 3261 calamitatem
648 3217 674 3261 et
693 3211 727 3262 ob
746 3212 928 3278 gravissimam
948 3211 1132 3262 infelicitatem
1143 3211 1258 3263 Graecos
1279 3210 1325 3260 in-

222 3293 306 3347 gruen
364 3316 370 3329 .

322 3372 442 3426 Nondum
468 3375 545 3426 linem
570 3376 678 3428 tenebat
703 3393 792 3444 neque
817 3377 913 3430 dilatus
941 3386 998 3430 erat
1017 3379 1146 3431 adventus
1164 3377 1324 3445 legatorum,

223 3461 283 3498 cum
302 3446 440 3514 quideme
469 3447 596 3512 proximis
624 3449 683 3515 regi
701 3449 871 3514 persuadent,
891 3456 920 3498 ut
943 3464 1036 3516 pacem
1055 3449 1184 3501 obiiceret
1201 3457 1325 3517 tanquam

223 3517 372 3570 simulatam
393 3532 489 3568 revera
516 3525 543 3568 et
571 3518 859 3588 decipientemlmagis
883 3535 960 3587 quarn
991 3517 1132 3572 utilitatem
1151 3528 1323 3586 spectantem.

222 3589 343 3642 timuisse
364 3589 451 3654 enim,
472 3588 577 3653 dicunt,
598 3588 746 3652 sultanum,
773 3593 871 3656 quippe
897 3593 942 3657 qui
969 3605 1023 3642 uon
1050 3589 1161 3648 haberet
1180 3599 1325 3643 memoratu

223 3661 328 3726 dignam
351 3662 404 3714 vim
425 3670 452 3712 ct
473 3669 629 3728 exspectare
649 3661 694 3729 qui
715 3660 747 3712 ab
767 3661 850 3727 ipsius
869 3670 946 3729 tergo
967 3662 1193 3728 progrederentur
1213 3669 1239 3712 et
1257 3677 1325 3728 pace

223 3730 345 3785 simulata
363 3740 466 3798 tempus
486 3733 593 3796 ducere,
615 3737 643 3782 ut
661 3732 712 3783 sihi
732 3732 842 3783 adderet
866 3730 976 3785 relictos
995 3732 1110 3787 militese
1132 3748 1201 3800 quae
1218 3735 1326 3800 quidem

153 3853 161 3870 0
223 3801 308 3853 verba
327 3818 418 3869 regem
437 3803 469 3854 ad
488 3803 588 3854 bellum
607 3803 764 3868 perducunt.
813 3811 893 3870 atque
912 3803 1012 3856 Turcae
1032 3804 1137 3871 quidem
1156 3805 1225 3855 inter
1243 3820 1274 3854 se
1292 3804 1327 3854 de

224 3886 291 3939 pace
310 3870 542 3926 deliberaverunt:
561 3887 609 3924 rex
628 3889 694 3924 vero
715 3889 774 3924 curn
793 3872 921 3924 bellicum
949 3875 1093 3926 cecinisset
1110 3889 1200 3942 pugna
1218 3883 1327 3940 praeter

225 3943 381 4011 opinionem
401 3943 475 3994 vicit.
492 3959 580 4010 ,quae
601 3943 669 3995 lama
688 3959 747 3994 cum
766 3945 799 3995 ad
817 3945 946 3997 adversos
962 3946 1143 4012 pervenisset,
1164 3960 1210 3997 eos
1229 3947 1327 3997 timore

223 4012 363 4081 perculsit.
402 4014 504 4063 interea
525 4029 590 4064 vero
611 4023 637 4066 et
656 4015 707 4081 ipsi
727 4015 819 4066 armati
838 4014 940 4066 turbam
971 4016 1091 4067 inutilem
1111 4018 1138 4067 in
1156 4024 1260 4086 tergum
1278 4033 1327 4068 re-

224 4085 370 4152 pulerunt,
390 4083 440 4151 ipsi
468 4089 555 4133 autem
579 4083 696 4136 bellicae
728 4086 797 4137 aciei
829 4085 1010 4153 spectaculum
1041 4088 1092 4138 iam
1114 4088 1178 4139 inde
1212 4087 1244 4138 ab
1273 4087 1327 4139 hoc

223 4156 421 4224 praebuerunt:
445 4152 586 4222 plurimum
615 4169 681 4208 vero
700 4157 812 4210 terroris
836 4158 869 4209 iis
893 4158 1046 4211 iniecerunt
1071 4157 1232 4224 Graecorum
1254 4159 1325 4228 pha.
1430 4156 1431 4167 ¹
