2875 4734
478 307 480 314 ’
572 307 780 376 msnoars.
924 309 928 315 ·
1150 263 1265 376 εντ’

119 463 150 532 οἳ
179 469 352 550 Ῥωμαῖοι,
384 469 618 552 προηγουμένου
655 471 709 534 καί
737 473 976 553 μισθοφορτνωῦ
996 466 1060 533 tris
1080 467 1224 549 math,

119 571 284 651 παρῆλθον
304 568 378 644 τούς
404 569 580 652 μηνοειδεῖς
603 567 740 644 ἐκείνους
762 568 906 651 ἀγκῶνας
929 568 986 634 καί
1005 567 1138 634 κατόπιν
1155 572 1225 651 tys-

117 689 228 753 νοντα,
253 665 346 750 λόχος
377 665 548 750 Τουρκικδς
586 669 764 752 καδῆμενος
796 667 838 732 ἕν’·
861 668 967 756 α’δῆλην
997 672 1034 756 τῇ
1060 667 1224 754 Ῥωμαϊκῇ

119 769 305 856 παρεμβολῇ
331 772 581 852 προσεπέλασαν,
618 771 651 834 ἐν
681 772 737 832 ου’ντ
767 769 883 852 ὀλίγοις
912 766 1045 854 οῗνδρδστ
1076 791 1225 851 παραμε-

95 868 311 953 5τροδμενος·
365 864 421 944 οὓς
452 866 481 932 οἱ
512 875 787 955 παραληφθέντες
816 873 861 944 εἷς
887 867 1036 955 φυλακῆν
1063 870 1223 954 στρατταῖ·

120 995 177 1034 ται
208 970 395 1061 δεξάμενοι,
429 967 490 1052 πρὸ
511 969 635 1036 πάντων
655 973 683 1034 δ’
705 968 735 1035 οἱ
761 968 924 1055 Φρᾰγγοτ,
955 973 1011 1036 κατ’
1031 969 1224 1056 οἶγχεμάχως

119 1072 352 1150 συμπλακέντες
379 1073 434 1133 καί
455 1067 570 1146 ἱκανῶς
603 1072 893 1155 α’νδαμιλληθίντες
915 1072 1101 1155 ε’τρλψαντο,
1120 1072 1223 1157 μηδε-

118 1168 170 1247 νδς
191 1174 254 1236 rain
276 1169 454 1252 ἱσταμένων
474 1174 640 1256 ταγμάτων
657 1172 844 1253 Ῥωμαϊκῶν
865 1182 932 1247 τοῖς
949 1172 1107 1257 Φραγγοτς
1124 1171 1222 1257 μέχρι

118 1269 175 1336 καί
196 1270 297 1354 α’πλῆς
319 1271 419 1355 ὁρμῆς
443 1273 758 1358 παραβοηθήσαντος.
803 1276 838 1338 ἐν
865 1270 966 1361 τοίτρ
1000 1275 1036 1337 δὲ
1064 1268 1221 1357 ὖπέστρε-

74 1381 180 1456 1οψεν
212 1373 400 1454 δβοὶστλεύς
432 1371 665 1458 τῆςδτώξεως·
717 1372 795 1457 πρὸς
822 1369 960 1456 ἑσπέραν
990 1372 1052 1458 γδρ
1073 1364 1131 1456 ῆν,
1152 1375 1223 1438 ἕπετ’

118 1479 174 1540 ταί
186 1473 210 1565 1ὃ
231 1478 367 1557 πόλεμος
390 1479 465 1558 περί
476 1477 583 1560 δειλην
607 1473 894 1556 σ’ψίανσυντλντατο,
917 1475 1023 1559 ἠρέμα
1042 1479 1102 1539 τοῦ
1121 1500 1220 1558 στρα·

117 1576 251 1640 sonides
273 1576 459 1656 βαδίζοντος
480 1575 634 1659 πρότερον
647 1577 702 1639 καί
722 1579 922 1659 περιέποντος
937 1573 1012 1651 τοδς
1032 1574 1221 1642 drammat-

120 1699 197 1759 ρους
218 1679 272 1741 ναί
292 1675 408 1757 πεζούς
432 1675 484 1739 διδ
509 1678 567 1760 τῆν
587 1680 645 1740 τοῦ
669 1679 808 1757 πολέμου
830 1678 1041 1761 προσδοκίαν,
1066 1675 1110 1752 ὥς
1132 1674 1220 1760 παρδ

118 1781 182 1842 τοῖν
198 1780 323 1841 σκοπεῖν
340 1775 561 1860 ἀπηγγέλλετο.
617 1780 655 1865 τῆ
690 1779 718 1841 δ’
740 1774 893 1860 ἐπαύριον
919 1777 1055 1864 δημοσίᾳ
1084 1780 1249 1851 audienti.
1269 1787 1360 1846 192s.

73 1887 109 1940 15
119 1875 196 1952 τούς
215 1871 395 1952 ἑαλωκότας
412 1881 475 1941 τοῖν
495 1881 654 1958 πολεμίων
673 1879 796 1942 κατεῖδε
810 1875 865 1942 κατ’
882 1879 921 1963 τῆ
933 1881 1098 1967 τελευταίρε
1119 1875 1221 1964 pipp

120 1973 252 2052 τούτους
274 1979 496 2062 παραδοθῆναι
515 1980 696 2059 προσέταξε,
717 1977 855 2061 μηδενὸς
874 1973 910 2042 τὸ
930 1974 1082 2061 παράπαν
1105 1973 1222 2065 φεισά-

118 2101 220 2158 μενος,
239 2074 310 2161 μῆτ’
334 2080 436 2143 ου’τοῦ
456 2079 511 2142 τοῦ
529 2076 585 2162 τῆν
598 2073 786 2162 ῆγεμοντκῆν
808 2078 982 2161 αδχοδντος
1001 2075 1220 2165 λαμπρότητα.

120 2172 157 2256 ὃς
177 2178 232 2243 κατ’
245 2174 308 2242 dud
330 2181 385 2262 τῆς
407 2181 541 2261 ε’σδῆτος
557 2168 817 2263 (λαμπρειμοναῖν
830 2178 893 2262 γὰρ
909 2171 946 2262 ῆν
968 2183 1002 2244 δν
1025 2187 1092 2253 τοῖς
1114 2173 1224 2254 δπλοις

121 2277 176 2342 κατ’
195 2283 232 2367 τῇ
268 2272 346 2366 ἄλλη
370 2284 484 2366 σκευῇ)
518 2283 730 2362 ἐμαρτυρεῖτο
761 2284 920 2362 τοιοῦτος,
954 2281 985 2343 τί
1014 2283 1069 2344 κατ’
1095 2281 1223 2343 πολλῶν

70 2372 241 2462 λθλδτρων
261 2376 377 2444 ἑαυτὸν
400 2373 492 2445 ὤνιον
519 2380 717 2463 ποιήσασθαι
738 2377 956 2466 ἐπηγγέλλετο,
976 2380 1029 2445 κατ’
1045 2380 1224 2462 Ῥωμαίους
1259 2395 1262 2398 ’

10 2514 13 2518 ·
121 2478 347 2560 αἰχμαλώτους
368 2476 485 2545 ἑαυτοῦ
508 2481 689 2546 οἷνττδοδνατ
706 2484 750 2569 τῆ
768 2479 885 2564 πλῆθει
904 2478 1047 2556 πολλούς.

223 2578 463 2666 Τρτημερεδσας
479 2584 508 2646 δ’
530 2584 564 2648 ἐν
581 2584 621 2670 τῆ
644 2585 834 2668 παρεμβολῇ
854 2581 871 2646 ὃ
895 2580 1056 2665 βασιλεύς,
1076 2584 1121 2670 τῆ
1142 2603 1223 2666 προ-

119 2679 275 2766 τερήματι
295 2682 396 2771 τούτῳ
426 2682 522 2770 κόρον
553 2687 653 2770 δῆθεν
682 2682 791 2767 λαβοδν
813 2676 836 2769 ῆ
856 2688 1078 2769 μεγαλαυχεῖν,
1104 2681 1223 2770 πολλῆν

119 2987 189 3036 rum,
210 2965 412 3040 praeteriis'sent
431 2971 539 3027 lunares
557 2971 619 3026 illas
637 2972 726 3025 valles
746 2980 772 3023 et
792 2978 855 3039 post
873 2985 920 3022 eos
939 2971 1088 3034 venissent,
1106 2970 1221 3024 insidiae

118 3044 263 3096 Turcarum
282 3046 442 3098 constitutae
460 3048 487 3097 in
507 3046 620 3096 obscuro
643 3043 751 3095 Graecis
780 3041 874 3092 castris
893 3041 1147 3107 appropinquarunt,
1167 3055 1222 3092 non

119 3129 265 3182 paucorum
284 3114 418 3168 hominum
436 3131 564 3178 numero,
590 3127 656 3180 quos
682 3111 769 3162 relicti
788 3113 816 3160 in
833 3111 965 3176 praesidio
988 3109 1089 3161 milites
1117 3111 1222 3176 excipi.

119 3194 213 3250 entes,
242 3195 303 3238 autc
338 3203 430 3239 omnes
462 3193 549 3236 autern
574 3183 670 3234 Franci
699 3189 726 3233 ct
751 3182 870 3232 cominus
896 3180 928 3232 iis
957 3182 1074 3232 conserti
1102 3189 1129 3232 et
1158 3183 1222 3234 satis
1264 3218 1269 3224 -

119 3265 255 3310 certantes
280 3264 420 3310 verterunt
443 3257 470 3305 in
502 3241 605 3321 fugam,
632 3252 707 3304 nullo
728 3253 889 3304 adstantium
915 3252 1035 3304 ordinum
1061 3251 1221 3305 Graecorum

117 3327 228 3380 Francis
253 3344 288 3380 ne
325 3329 356 3380 ad
388 3324 535 3390 simplicem
567 3325 672 3392 quidem
703 3325 830 3391 impetum
861 3323 962 3374 auxilio
990 3325 1126 3377 veniente.
1176 3326 1221 3376 in.
1302 3368 1305 3374 .

116 3409 195 3452 terea
211 3409 299 3452 autem
318 3411 443 3450 reversus
464 3404 504 3448 est
522 3411 570 3447 rex
588 3413 603 3447 a
623 3397 828 3462 perseeutione3
847 3395 1048 3462 subvesperum
1062 3397 1132 3447 enim
1153 3405 1220 3450 erat.

117 3487 179 3522 cum
200 3467 398 3522 etiamnullum
419 3467 491 3518 circa
508 3482 650 3534 vesperum
666 3469 845 3519 consisteret:
873 3468 963 3535 quiete
988 3469 1108 3518 exercitu
1126 3468 1221 3533 ingre.
1310 3518 1316 3526 ,

116 3542 210 3594 (λίσσεο
227 3547 306 3591 antea
325 3545 352 3589 et
371 3546 479 3590 curante
498 3539 657 3590 infirmiores
684 3545 710 3590 et
735 3539 841 3605 pedites
862 3546 973 3605 propter
990 3535 1057 3588 belli
1077 3544 1221 3602 exspectn-

116 3615 241 3672 tionem,
267 3617 295 3661 ut
319 3608 564 3681 auspeculatoribus
583 3609 760 3662 nuntiabatur.
804 3609 915 3661 Postero
943 3615 1030 3658 autem
1049 3608 1093 3658 die
1111 3605 1220 3672 publice

118 3681 285 3734 constituens
311 3690 402 3747 captos
424 3680 514 3734 hostes
543 3682 723 3732 consideravit
751 3688 778 3732 et
801 3680 912 3731 ultimae
936 3678 1086 3729 sententias
1104 3677 1220 3729 iudicum

117 3753 188 3806 tradi
208 3753 293 3816 iussit,
313 3753 412 3803 nemini
432 3753 538 3803 omnino
558 3767 669 3819 parcens
688 3767 778 3819 neque
803 3752 854 3816 ipsi
873 3748 1072 3815 imperatorium
1090 3747 1220 3817 splendo-

117 3841 175 3876 rem
194 3824 318 3888 iactanti,
343 3825 388 3891 qui
414 3825 519 3891 quidem
545 3825 624 3875 ctiam
644 3825 743 3874 vestitu
772 3820 926 3889 (splendide
944 3819 1015 3870 enim
1034 3826 1090 3874 erat
1107 3821 1220 3873 vestitus

118 3898 147 3948 in
168 3895 246 3946 armis
271 3903 297 3946 et
315 3894 420 3962 reliquo
440 3899 582 3964 apparatu)
603 3893 769 3945 indicabatur
788 3892 860 3955 talis,
878 3922 913 3935 -
931 3889 996 3942 licet
1012 3907 1043 3943 sa
1060 3891 1150 3944 multis
1169 3906 1221 3958 pc-

120 3968 207 4018 cuniis
226 3981 256 4018 se
275 3966 452 4018 redemturum
480 3967 648 4033 promitteret
673 3971 700 4015 et
719 3965 835 4016 Graecos
854 3963 975 4028 captivos
994 3965 1035 4014 sui
1059 3964 1222 4016 redditurum

119 4052 230 4090 numero
249 4036 355 4092 multos.

220 4125 283 4178 Tres
308 4133 397 4178 autem
416 4126 472 4177 dies
496 4132 618 4178 versatus
644 4125 672 4174 in
697 4123 791 4175 castris
816 4137 865 4174 rex
882 4123 996 4176 victoria
1022 4122 1071 4172 hac
1091 4118 1221 4187 superbus

119 4196 179 4250 sias
202 4198 303 4251 iactans
321 4213 351 4252 se
370 4196 477 4250 multam
501 4199 671 4251 securitatem
689 4194 812 4263 praebuit
828 4195 948 4248 hostibus
967 4194 999 4245 ad
1018 4193 1117 4261 fugam,
1136 4190 1174 4243 ita
1192 4199 1221 4246 ut
