2875 4734
209 251 281 334 rm
515 261 733 332 urcnnnms
762 230 1026 331 imbutores

207 434 346 520 ἡγεμόνα
374 436 431 500 τοό
461 433 636 500 σουλτόνου
667 430 739 498 τινὰ
770 430 851 514 μιτό
874 454 956 508 τινος
988 435 1120 516 μιρικῆς
1143 431 1310 514 δυνόμεοος

206 538 373 618 έπιστῆναι
394 535 451 600 καί
471 537 647 600 διακλονιίν
666 532 742 609 τοός
755 535 925 617 ’σποράδας
950 533 1006 616 τῆς
1023 527 1201 618 Ῥωμαϊκῆς
1224 533 1310 618 όπη-

207 639 332 721 ρεσίιις,
355 624 412 700 καί
431 634 613 700 α’πέστιιλεν
634 635 688 700 έπί
707 639 752 724 spi
772 632 901 711 τούτους
923 633 1189 718 ἀποκρούσασθαι
1204 638 1309 719 Νικη-

206 735 309 824 φόρον
328 735 503 822 μόγιστρον
525 736 577 802 τόν
591 739 766 820 Βρυέννιον
785 733 864 818 μιτίι
883 738 939 819 τῆς
953 731 1110 820 όρκοόσης
1125 735 1307 817 δυνάμεως·

208 831 244 912 ic
263 835 318 901 καί
337 839 418 903 κατὰ
439 839 588 920 μέτωπον
606 837 683 912 στσὶς
705 835 956 920 ἀκροβολισμούς
977 857 1066 908 τινας
1088 831 1144 897 καί
1163 830 1332 915 ἱππομαοὸ

203 940 279 1020 χίας
302 939 359 1003 οόκ
385 938 530 1023 ἀκριβεῖς
561 940 644 1022 (κατ’
674 937 801 1019 ὀλίγους
833 933 892 1020 γὰρ
927 931 1074 1019 ἀλληλοις
1100 934 1306 1020 συνέπιπτον)

204 1037 351 1105 ἐποιεῖτο.
405 1036 439 1104 έν
466 1039 502 1104 δὲ
533 1041 573 1127 τῇ
594 1037 722 1124 οἷστότιρ
755 1036 856 1123 ταότη
882 1039 1053 1121 περιφορᾷ,
1074 1038 1137 1098 τῶν
1158 1036 1307 1120 Τοόρκων
1376 1069 1379 1076 ·

162 1217 167 1225 ¹
203 1135 363 1224 ἑκηβόλων
402 1132 517 1220 όντων,
552 1139 666 1203 πολλοί
695 1139 758 1203 τοδν
786 1135 953 1218 Ῥωμαίων
994 1136 1307 1219 έτρανματίσθησαν,

68 1239 88 1296 Ι·
101 1241 152 1296 198
165 1237 315 1305 νοένιισον
338 1241 373 1304 dt
395 1240 450 1304 καί
468 1235 567 1322 ἕτεροι
591 1232 850 1324 (ῥωμαλεώτεροι
871 1234 932 1320 γὰρ
954 1237 1016 1301 τῶν
1036 1229 1150 1312 ἄλλων,
1172 1225 1217 1298 ὧν
1236 1243 1311 1298 aab.

138 1419 140 1424 Α
203 1363 265 1423 ραν
285 1339 459 1421 ἐλάβομεν,
494 1339 643 1423 Τοόρκων
657 1341 721 1415 ,καί
741 1332 1228 1420 θρασύτερονκπροσρηγνόμινοι
1251 1333 1307 1399 καί
1315 1345 1350 1398 10

202 1438 396 1522 α’γχιμόχοις
418 1447 483 1515 τοῖς
503 1435 1060 1522 έπιρχσμένοις’σῖντικαθιστανταιμ
1082 1429 1178 1511 ioci
1199 1437 1305 1520 δηλω-

201 1540 271 1613 &tic
284 1539 461 1623 στρατηγός
483 1535 571 1627 φόβην
595 1534 816 1611 κατασεισθείς
837 1536 973 1616 δόναμιν
996 1531 1105 1621 ἑτέραν
1134 1535 1229 1620 παρό
1246 1529 1306 1599 rori

200 1645 358 1722 βασιλέως
387 1639 545 1726 ἐζήτησέν.
601 1637 617 1701 ό
650 1641 685 1703 δὲ
706 1637 878 1721 καταγνοὺς
914 1637 1015 1701 odiosi
1039 1633 1157 1701 δειλίαν
1182 1637 1303 1722 (ἠγνόει

201 1741 261 1825 γὰρ
285 1739 320 1804 τό
345 1741 481 1825 stadie)
504 1742 677 1823 προσέθετο
695 1740 755 1818 μὲν
778 1737 1067 1822 οόδέν,’έκκλησιάν
1087 1739 1122 1802 δὲ
1142 1736 1303 1821 συστησά-

199 1848 293 1923 μενος
314 1831 531 1928 ἐδημηγόρησε
557 1840 598 1905 τιὶ
632 1842 708 1924 περί
734 1842 791 1904 τοῦ
823 1839 962 1922 πολέμου
991 1837 1077 1924 παρὰ
1108 1837 1143 1902 τό
1173 1839 1299 1915 εἰωθός,
1311 1853 1346 1906 15

201 1936 367 2026 ἥψατο-δέ
402 1942 458 2004 καί
486 1943 691 2027 τραχυτέραν
716 1938 882 2026 ῥημότονν.
936 1943 970 2004 έν
1002 1941 1037 2002 δέ
1064 1943 1108 2026 τῷ
1137 1944 1225 2028 μέσην
1244 1937 1301 2023 τήν

200 2037 397 2126 ἐπιφώνησιν
416 2040 432 2107 ό
449 2039 555 2127 ἱιριός
571 2045 630 2106 τοῦ
648 2043 832 2125 ουάγγτλίοο
853 2033 1003 2124 έσήμανι.
1046 2039 1121 2125 περί
1132 2031 1175 2109 ,ori
1192 2036 1302 2106 έθιντό
1374 2088 1385 2108 1

201 2163 285 2218 τινες
305 2144 340 2206 έν
360 2148 431 2218 τοῖς
460 2144 607 2227 καρδίαις
632 2141 676 2218 σός
696 2141 785 2207 ἔσται
805 2140 844 2207 τό
868 2145 918 2207 ἐπ’
950 2141 1038 2229 crispi
1059 2138 1300 2226 λαληθησόμτνα

200 2242 263 2306 seir
283 2237 495 2324 έπιιιαιμένονν
514 2235 888 2327 πραγμάτωνέπιβαυις.
928 2245 959 2308 εἰ
979 2238 1143 2306 δδτοότονν
1164 2242 1218 2306 καί
1236 2234 1317 2305 ori?

199 2339 254 2418 τός
273 2343 370 2427 μέρος
389 2340 555 2427 δγιγόνιιν,
576 2345 635 2409 σόα
656 2345 827 2427 όνσγιιαῖσν
850 2346 958 2410 εἰπεῖν.
1002 2337 1069 2426 εἶχε
1089 2345 1124 2407 δέ
1144 2342 1180 2407 τὸ
1203 2345 1358 2425 enioy-20¹

201 2441 316 2524 γδλιον,
338 2439 389 2508 ἵνα
410 2435 510 2508 τόλλα
530 2444 635 2528 παρῶ,
666 2442 700 2508 τὸ
715 2441 772 2508 “ct
792 2446 848 2525 έμδ
868 2445 1020 2528 ἐδίωξαν,
1042 2444 1096 2508 καί
1114 2437 1199 2523 όμσῖς
1221 2442 1300 2506 διιό-

197 2545 318 2620 ξοοσιν.
360 2546 392 2608 εἰ
411 2542 467 2607 τόν
486 2541 576 2627 λόγον
592 2564 657 2626 μου
677 2540 847 2630 ἐτήρησαν,
870 2544 927 2610 καί
944 2546 998 2610 τόν
1021 2543 1176 2627 όμέτιρον
1198 2543 1297 2628 τηρη-

185 2657 318 2708 ’σονοια
362 2639 444 2710 etti
464 2644 565 2710 ταῦτα
587 2643 692 2711 πάντα
714 2644 902 2731 ποιήσουσιν
923 2644 1020 2729 όμῖν,
1040 2637 1089 2711 ότι
1111 2643 1169 2708 οόκ
1191 2640 1297 2708 οἴδασι

271 2841 313 2896 19.
332 2857 366 2897 an
385 2842 556 2922 oe'rrdsswpcl'

85 3047 89 3054 ·
197 3021 323 3092 impetum
343 3025 547 3094 lacereputarit
568 3033 595 3079 et
614 3025 774 3080 Graecorum
792 3040 886 3079 servos
904 3032 1034 3094 vagantes
1045 3024 1158 3078 lacessi:
1177 3025 1210 3075 ad
1228 3039 1297 3092 quos

196 3097 369 3181 repellendos
388 3097 566 3167 Nicephorum
585 3097 749 3166 Brycnnium
766 3099 920 3166 magistrum
940 3114 998 3152 cum
1025 3096 1219 3148 sufficientibus
1245 3111 1296 3146 co·

196 3167 352 3236 pire-misit,
377 3171 422 3237 qui
445 3172 549 3239 quidem
569 3187 603 3222 ex
621 3172 734 3223 adverso
754 3171 911 3221 constitutus
930 3167 1035 3236 proelia
1054 3169 1155 3219 eminus
1180 3167 1250 3218 laeta
1269 3174 1297 3218 et

198 3247 337 3307 equestres
356 3254 458 3307 pugnas
477 3256 565 3308 neque
586 3248 673 3292 tamen
691 3242 758 3293 certi
776 3241 936 3293 discriminis
955 3241 1047 3308 (pauci
1076 3241 1146 3290 enim
1170 3240 1240 3290 inter
1264 3253 1295 3290 se

196 3309 363 3431 pugnabant?
383 3311 451 3361 iniit.
476 3307 515 3362 ‘in
535 3309 584 3361 hac
609 3320 696 3363 autem
714 3313 890 3380 incomposita
914 3312 1086 3363 fluctuatione
1101 3311 1192 3362 'furcis
1204 3324 1295 3360 armo-

196 3395 253 3430 rum
272 3380 345 3432 missi
358 3381 410 3431 ium
430 3383 600 3449 peritissimis
620 3382 696 3435 multi
715 3384 874 3436 Graecorum
894 3383 1028 3436 vulnerati
1055 3389 1132 3434 sunt:
1156 3382 1296 3448 perierunt

195 3458 283 3503 nutem
304 3452 382 3502 etiam
399 3451 459 3504 aliie
481 3453 626 3505 validiores
647 3455 716 3505 enim
736 3455 844 3518 ceteris,
864 3455 1019 3522 quibuscum
1038 3455 1065 3505 in
1085 3468 1177 3503 manus
1196 3452 1296 3503 renie-

194 3521 296 3586 bamus,
315 3519 406 3575 Turcis
429 3530 454 3575 et
473 3525 568 3576 fortius
588 3527 708 3593 aggressi
727 3525 773 3578 rel
792 3527 912 3577 cominus
931 3523 1136 3577 obvenientibus
1157 3539 1186 3575 se
1205 3537 1293 3589 oppo-

195 3602 270 3658 nunt,
289 3591 375 3646 donec
394 3595 447 3647 dux
465 3594 514 3647 ille
534 3605 769 3661 commemoratus,
796 3597 891 3647 timore
911 3596 1061 3663 perculsus,
1082 3595 1148 3646 alias
1168 3595 1258 3660 copias
1278 3606 1294 3640 a

195 3681 261 3732 rege
279 3673 400 3732 peteret:
427 3669 471 3735 qui
497 3666 642 3719 timiditatis
667 3683 727 3718 eum
751 3682 879 3719 accusans
911 3667 1066 3738 (ignorabat
1091 3667 1160 3717 enim
1185 3666 1293 3730 verum)

195 3735 293 3786 addidit
312 3737 417 3803 quidem
435 3737 523 3803 nibil,
548 3739 595 3790 sed
614 3740 745 3790 concione
764 3745 911 3791 convocata
930 3740 963 3790 de
987 3738 1066 3790 rebus
1085 3736 1193 3789 bellicis
1212 3750 1293 3802 prae.

195 3814 236 3858 ter
255 3819 355 3857 morem
375 3807 514 3860 disseruit:
534 3809 781 3861 vehementioribus
804 3825 910 3878 quoque
929 3825 992 3861 usus
1012 3817 1053 3860 est
1072 3809 1171 3861 verbis.
1190 3809 1293 3858 interea

194 3889 261 3929 vero
281 3876 404 3928 sacerdos
424 3880 560 3947 evangelii
579 3894 661 3934 voces
681 3881 821 3949 exposuit,
841 3880 1010 3949 quamobrem
1028 3880 1134 3948 quidam
1153 3881 1180 3930 in
1198 3878 1293 3929 animis

195 3947 322 4014 suspicati
343 3955 412 4013 sunt,
432 3947 554 4001 illumin
574 3966 606 4003 eo
626 3952 755 4005 dicturum
776 3968 852 4016 csse,
872 3951 941 4019 qnod
967 3953 999 4003 ad
1017 3959 1185 4016 praesentem
1204 3963 1293 4000 rerum

195 4026 290 4071 statmo
316 4021 479 4086 pertineret:
506 4035 617 4087 quorum
642 4023 669 4072 in
693 4026 810 4074 numero
828 4039 890 4074 num
914 4023 972 4088 ipse
997 4022 1108 4088 luerim,
1129 4023 1218 4072 dicere
1238 4033 1293 4069 non

196 4095 237 4140 est
260 4103 389 4144 neeesse:
416 4090 569 4154 continebat
591 4104 657 4142 vero
688 4093 869 4160 evangelium,
896 4101 925 4143 ut
949 4102 1039 4145 cetera
1065 4092 1198 4157 omittam,
1224 4090 1293 4140 haec

195 4157 292 4212 verba:
313 4161 353 4229 „sl
371 4177 413 4214 me
432 4162 567 4231 persecuti
586 4171 655 4228 sunt,
675 4179 725 4219 vos
743 4179 850 4234 qnoque
868 4170 1078 4232 persequentur:
1097 4165 1120 4218 si
1139 4178 1199 4214 mea
1209 4161 1294 4214 rerba
