2875 4734
538 274 761 374 ‘ulmeam
865 312 868 319 ’
1158 301 1212 379 σό

106 457 262 541 διαδοχήν
282 459 459 541 ἱσταμόναιν
481 459 657 548 ῦπόπτερος
678 463 798 532 οόσανεό
817 470 855 555 τῇ
873 468 1044 553 Ἀδριανοῦ
1066 472 1210 555 παραδό-

106 563 196 624 δστοι
210 559 310 624 πόλει.
334 563 390 625 sat
408 561 620 647 συνήθροιστο
643 569 707 631 πάν
728 569 842 634 αὐτίκα
860 571 950 650 μάλα
971 569 1007 633 τό
1033 569 1090 654 τήν
1110 596 1211 656 στρα·

105 660 258 740 τεόσιμον
278 661 403 744 ήλικιάν
424 661 498 746 ἔχον
511 660 675 749 ἑσπέριον·
706 671 762 732 καί
781 669 835 732 διά
857 672 917 734 otto
938 675 993 734 κατ’
1013 676 1110 754 τριάν
1129 673 1211 757 ήμε-

36 795 48 814 ·
106 762 173 844 ρῦν
191 763 236 836 εἰς
259 766 378 845 πλῆθος
392 767 473 849 μέγα
492 764 546 829 καί
560 766 716 849 στρατιάν
732 768 896 853 άξιόλογον
909 775 1096 855 παραδόξως
1118 775 1212 839 ἕποι’-

80 884 196 945 5ρεται
219 861 238 946 ἦ
260 864 478 948 συνάθροισις.
505 905 512 910 -
535 865 590 930 καί
620 876 684 942 τοῖς
713 869 917 953 παρασήμοις
936 877 1109 957 κοσμηθεὶς
1127 875 1211 955 μετά

107 965 165 1044 τῆς
194 965 362 1045 βασιλικῆς
391 959 528 1048 ἐσθῆτος
548 964 573 1031 ό
607 972 768 1052 φυγαδόας
796 969 971 1055 στρατηγός
1000 972 1209 1056 αὐτοκράτωρ

107 1061 195 1144 παρά
219 1064 281 1125 τάν
312 1060 470 1127 συνόντων
499 1065 723 1152 α’νηγορεόθη,
756 1069 812 1133 καί
830 1067 935 1153 διττήν
955 1066 1069 1154 ἑτέρον
1088 1073 1212 1155 ἡμέραν
1289 1101 1295 1107 ·

109 1159 264 1226 διαλιπών
286 1156 415 1246 ιῦρμησε
437 1163 498 1229 σόν
518 1169 616 1253 πολλῇ
651 1165 841 1253 πεποιθήσει
859 1170 940 1251 πρός
960 1166 1016 1254 τήν
1036 1168 1212 1251 εὐδαίμονα

106 1259 326 1343 μεγαλόπολιν.
379 1262 410 1329 οἱ
440 1267 474 1329 δὲ
503 1271 718 1351 προαχθέντος
746 1272 832 1352 παρά
856 1274 915 1334 τοῦ
937 1268 1159 1352 βασιλεῦοντος
1179 1272 1213 1348 ἐξ

65 1362 210 1444 Ιθαῦτής
239 1367 453 1448 στρατιιῦται,
483 1369 539 1430 καί
566 1391 647 1442 τινες
675 1373 738 1434 τῦν
770 1368 933 1454 ἐπισήμων
962 1373 1021 1434 τοῦ
1052 1368 1211 1436 παλατίου

108 1465 337 1546 προσμένοντες
368 1466 401 1540 ἐς
423 1459 506 1530 άστυ
528 1472 584 1551 τῆς
609 1471 833 1554 Σηλυμβρίας,
853 1470 898 1545 σός
918 1469 1039 1552 ἔμαθον
1056 1467 1113 1554 τήν
1134 1468 1212 1534 τοῦ·

108 1585 165 1628 του
187 1561 303 1648 ἔφοδον
323 1564 441 1649 πολλήν
464 1567 519 1632 καί
539 1568 729 1634 άνόποιστον
749 1569 794 1645 (ῦς
812 1575 912 1654 βαρεῖ
929 1574 1052 1660 στρατῷ
1073 1570 1129 1635 καί
1147 1595 1212 1651 μα·

107 1660 277 1752 χιμωτάτιρ
297 1670 581 1752 συγκροτουμὲνην,
604 1660 625 1755 ᾗ
647 1670 751 1733 ποδοῦν
764 1663 852 1753 εἶχον
873 1673 1037 1754 γεγόνασιν
1058 1658 1216 1754 όπισθόρὲ

106 1786 210 1848 μητοι.
255 1765 310 1856 κατ’
343 1763 371 1830 οῖ
393 1765 447 1832 ε’πί
462 1771 526 1832 τοῖν
548 1768 738 1853 ῦπαιθρων,
759 1764 989 1857 ἐφοδιάσαντες
1008 1767 1144 1847 ἓιιυτοῦς
1165 1770 1211 1848 οῦς

63 1860 227 1953 15ἓκόσπηι
251 1876 385 1950 παρεῖχε
414 1866 448 1932 τό
483 1870 761 1950 ἐπικείμενονποῦ
790 1873 923 1956 καιροῦ,
951 1868 1004 1936 ἐπὶ
1024 1869 1081 1949 τάς
1108 1869 1212 1947 πάλας

107 1964 252 2030 ου’θοῦντο
270 1969 324 2050 τῆς
347 1967 474 2050 πόλεως,
497 1961 708 2044 άλλοςάλλον
731 1972 932 2055 προφθάνειν
946 1970 1212 2052 κοτεπτιγόμενοι.

107 2061 223 2149 μικρόν
244 2069 273 2129 δ’
294 2060 430 2149 ῦσττρον
453 2064 471 2152 ή
492 2071 551 2132 τοῦ
573 2070 755 2135 ἀσυστάτου
775 2073 929 2155 ἐπιδημία
950 2072 1073 2158 φοβερά
1090 2096 1138 2147 τις
1160 2077 1224 2135 καῖ’

108 2166 342 2251 καταπληκτική
364 2174 598 2253 κατηγγέλλετο,
619 2172 704 2259 δ’ππιρ
717 2175 932 2260 στρατιωτικῷ
953 2170 1009 2236 καί
1022 2174 1138 2259 πεζικῷ
1151 2174 1213 2235 δυ-

108 2266 204 2347 νάμει
234 2267 279 2351 μή
309 2269 491 2334 α’ποδέσυσα
524 2267 603 2354 πρός
634 2269 744 2356 μάχην
774 2269 952 2355 βασιλικήν.
1004 2275 1154 2360 ε’δηοῦντο
1176 2274 1213 2337 δὲ

62 2369 223 2432 eoncitat
247 2367 463 2452 προστυχόντα
499 2372 553 2435 καί
574 2368 804 2454 διηρπάζοντο·
856 2365 910 2436 κατ’
930 2372 1060 2446 ου’δινός
1081 2367 1212 2454 ήττάιαι

109 2470 173 2534 τιόν
195 2463 331 2533 δθνικοόν
353 2468 368 2533 ό
390 2464 545 2557 ἐμφόλιος
565 2473 711 2553 πόλεμος.
754 2473 914 2557 τειχήρεις
927 2468 984 2539 οδν
1002 2467 1160 2557 γεγονότες
1182 2470 1215 2536 οἱ

109 2569 186 2652 περὶ
204 2569 262 2653 τήν
282 2572 514 2652 βασιλεύουσαν
543 2571 660 2655 σχεδόν
682 2569 818 2650 άπαντες
843 2578 907 2640 τῶν
934 2573 1023 2650 ἐντός
1048 2565 1135 2655 εἶχον
1155 2574 1214 2656 τήν

110 2671 260 2757 φυλακήν
281 2674 431 2756 ἰσχυροῖς.
480 2673 536 2738 καὶ
567 2670 754 2754 όβασιλιῦς
787 2675 841 2741 ε’πό
864 2678 919 2760 τῆς
948 2677 983 2740 όν
1014 2678 1214 2757 Βλαχόρνιιις

117 2858 120 2862 ·
187 2833 229 2888 18.
249 2850 282 2896 au
302 2838 423 2905 στρατοῦ
443 2837 563 2892 ἱππικοῦ
575 2837 781 2904 καὶπεζικοῦθ

115 3017 174 3052 cum
198 3000 275 3064 love,
303 2999 370 3052 clam
395 3000 472 3068 regia
498 3002 603 3054 excedit
632 3009 658 3052 ct
683 3001 760 3068 equis
783 3002 811 3051 in
836 3002 1034 3053 successionem
1063 2999 1214 3053 constitutis

113 3072 191 3140 quusi
209 3073 330 3124 volucris
347 3071 542 3138 adrianopolim
561 3072 694 3124 defertur:
715 3080 742 3122 ct
760 3071 937 3124 convolarunt
955 3087 1047 3123 omnes
1066 3073 1152 3122 statim
1169 3073 1215 3139 qui

114 3152 229 3195 aetatem
249 3143 392 3195 militarem
413 3144 543 3195 haberent
563 3158 688 3210 vespere,
709 3151 796 3209 etpcr
815 3144 881 3194 duos
899 3151 926 3194 et
943 3151 998 3194 tres
1018 3143 1121 3193 diesin
1141 3139 1214 3192 mul.

112 3215 252 3267 titudinem
272 3231 392 3282 magnam
404 3223 431 3265 ct
449 3217 593 3266 exercitum
603 3215 798 3266 memorandum
811 3215 878 3264 mire
891 3215 1038 3281 adaugetur
1056 3220 1214 3276 conventus,

114 3295 142 3337 et
154 3285 311 3354 insignibus
324 3295 431 3338 ornatus
446 3303 505 3338 cum
526 3287 601 3354 regia
628 3294 704 3337 veste
725 3285 799 3337 exsul
820 3286 869 3337 ille
890 3303 905 3337 a
923 3285 1107 3352 praesentibus
1126 3286 1214 3352 impe.

112 3367 186 3409 rator
211 3359 332 3408 dominus
359 3360 524 3410 renuntiatus
551 3365 591 3409 est
617 3366 643 3407 et
668 3358 779 3408 alterum
805 3359 874 3409 diem
893 3359 1058 3409 interiiciens
1077 3358 1214 3424 proiectus

114 3437 155 3480 est
184 3428 266 3479 multa
293 3445 351 3479 cum
379 3430 539 3480 confidentia
563 3437 655 3478 contra
677 3429 782 3479 beatam
808 3430 908 3480 urbem.
953 3431 1038 3481 coacti
1063 3447 1079 3480 a
1097 3443 1162 3495 rege
1182 3444 1216 3478 ex

114 3501 162 3552 illa
181 3500 282 3551 milites
301 3508 328 3550 et
345 3500 468 3551 nonnulli
486 3498 710 3566 illustres·palatii
730 3509 916 3567 exspectantes
933 3502 960 3551 in
981 3500 1047 3552 urbe
1067 3500 1215 3564 Selymbria

113 3580 143 3622 ut
170 3580 334 3638 aeceperunt
358 3572 436 3624 huius
456 3573 597 3623 adventum
615 3587 739 3640 magnum
758 3581 784 3622 et
803 3572 1000 3624 intolerabilem
1019 3570 1118 3639 quippe
1137 3571 1216 3636 gravi

115 3644 236 3694 exercitu
255 3650 282 3692 et
302 3644 498 3711 pugnacissime
518 3642 697 3706 conciliatum,
717 3643 829 3710 pedibus
849 3659 925 3711 quam
944 3650 1089 3707 potuerunt
1108 3640 1217 3692 luerunt
1288 3687 1298 3707 ρ

115 3716 243 3766 reduces:
262 3722 340 3781 atque
352 3716 397 3781 qui
409 3716 436 3764 in
453 3722 546 3781 aperto
566 3729 657 3779 campo
672 3731 701 3766 se
723 3717 904 3765 instruxerunt
925 3721 954 3762 ut
973 3715 1070 3779 cuique
1089 3728 1118 3762 se
1134 3729 1215 3779 prae.

114 3787 171 3836 buit
199 3793 303 3850 tempus
329 3801 456 3850 praesens
484 3787 624 3851 adportas
644 3786 856 3851 reprimebantur
876 3783 948 3834 urbis
969 3799 1027 3835 cum
1047 3785 1216 3836 aliosalium
1264 3805 1271 3813 ·

115 3859 219 3907 anteire
245 3856 371 3906 studeret.
410 3857 514 3923 paullo*
529 3864 590 3922 post
609 3865 696 3906 autem
716 3863 853 3921 apostatae
871 3855 1001 3907 adventus
1022 3857 1168 3908 horrendus
1189 3863 1238 3904 et·

115 3927 245 3978 terribilia
271 3929 456 3989 nuntiabatur,
478 3943 535 3982 non
562 3942 655 3978 carens
683 3929 803 3993 equitatu
827 3927 934 3977 militari
955 3935 981 3977 et
1000 3930 1116 3994 peditum
1136 3929 1163 3977 vi
1182 3926 1218 3976 οδ

116 4013 229 4065 pugnam
251 3999 366 4064 regiam:
387 3999 558 4050 vastabantur
578 4007 665 4050 autem
681 3999 758 4048 etiam
778 4013 846 4066 quae
865 4003 1038 4049 occurrerent
1057 4007 1083 4048 ct
1101 3997 1214 4062 diripie-

115 4071 219 4130 bantur,
246 4083 336 4135 nequc
362 4070 418 4120 ullo
445 4071 583 4137 gentilium
611 4070 723 4119 inlerius
750 4079 790 4120 est
814 4071 944 4120 internum
969 4070 1083 4119 bellum:
1111 4067 1214 4118 obsessi

115 4142 293 4208 igitur'regii
321 4142 377 4190 lere
403 4156 494 4191 omnes
520 4158 607 4193 rerum
633 4157 701 4208 quiae
728 4143 796 4191 intus
820 4149 911 4203 erant,
930 4141 1089 4206 praesidinm
1110 4138 1215 4189 fortiter
1269 4167 1280 4186 .

115 4213 291 4264 exercebant:
318 4219 344 4262 et
369 4228 415 4263 rex
440 4215 468 4264 in
493 4229 554 4266 aree
580 4214 787 4266 blachernarum
812 4214 906 4265 sedens
926 4211 1033 4266 dolebat
1058 4209 1215 4262 familiarem
