2875 4734
471 267 475 276 s
538 229 745 333 nunonis.
1139 224 1210 298 rou

104 385 147 457 τόν
175 385 274 476 ἦρχεν
303 395 382 476 α’νηρ
419 394 611 478 δραστήριος
639 401 695 462 καί
721 403 808 481 γένος
841 398 951 480 αάχῶν
979 395 1142 479 βασιλικόν
1171 401 1206 462 εἰς

103 494 280 573 Περσίδος,
311 492 439 574 ὀνόματι
471 495 674 579 Ἀμερτικῆς,
696 495 860 580 μακρόθεν
894 491 1042 578 ἑπόμενοι
1060 499 1120 561 καί
1137 490 1205 563 οἷον
1261 527 1264 534 ·

104 594 355 677 δορυφοροῦντες
377 587 489 678 ἢπρδς
504 599 653 674 ἐπίδειξιν
674 601 923 681 περιτρέχοντες.
946 602 1021 680 περί
1042 600 1078 662 δὲ
1099 600 1206 681 δειλην
1284 611 1289 618 ’

6 717 7 728 ’
103 692 199 773 ὀψίαν
223 695 573 776 στρατοπεδευσάμενος
604 694 619 759 δ
644 697 798 778 βασιλεάς
826 698 888 780 πρό
918 700 977 762 τοῦ
1000 692 1205 782 Ἱεραπόλεως

79 785 210 868 δάστεος
230 789 353 878 τάφρον
368 788 467 860 ε’κεῖσε
486 796 540 860 καί
555 795 682 882 χάρακα
698 796 780 863 κατά
804 795 839 862 τό
860 800 1040 879 εἰθισμένον
1059 791 1204 880 ἐπήξατο.

103 886 191 958 οὔπω
222 895 256 956 δὲ
285 892 343 977 τήν
372 895 551 980 άποσκευην
585 895 614 962 οἱ
631 897 785 981 Ῥωμαῖοι
815 903 953 982 βεβαίως
983 908 1051 972 ταῖς
1074 905 1204 982 σκηναῖς

102 989 301 1075 άποθέμενοι,
322 996 399 1078 μηδ’
420 994 660 1079 ε’μχρονίσαντες
682 997 835 1080 ταόταίς,
857 992 928 1065 όσοι
950 1002 1006 1082 τῆς
1027 997 1203 1085 ὑπηρεσίας

7 1181 8 1184 ¹
101 1093 245 1178 όπῆρχον
266 1093 320 1160 κατ’
340 1097 396 1178 τῆς
415 1099 477 1160 ταῖν
500 1097 675 1181 Ἀρμενίων
696 1099 883 1181 συντάξεως,
906 1096 989 1164 stet
1005 1102 1061 1184 τῆς
1084 1095 1203 1174 πόλεως

103 1189 265 1279 ιόρμησαν.
309 1201 363 1261 καί
385 1199 510 1280 ἐπείπερ
534 1190 628 1282 εόραν
661 1200 763 1283 ου’τὴν
794 1202 834 1262 ου’
854 1199 938 1266 πάνυ
960 1197 1014 1263 διά
1037 1203 1098 1266 τῶν
1119 1195 1205 1273 ἐντός

6 1308 9 1336 ²
63 1309 93 1361 10
104 1289 356 1382 άντιμιιχσμένην
393 1295 555 1383 (ἔφθησαν
585 1297 643 1382 γάρ
679 1296 708 1362 οἱ
741 1301 923 1384 Σαρακηνοί
954 1301 1006 1386 rql'
1025 1296 1116 1387 φόβην
1148 1303 1205 1380 τῆς

74 1397 81 1408 '
101 1400 268 1479 βασιλικῆς
288 1399 458 1483 ἐπιδημίας
479 1402 657 1484 φυχαδειάν
677 1395 807 1465 ἑλέσθαι
829 1401 928 1481 πέραν
948 1404 1005 1464 τοῦ
1026 1400 1202 1484 Εὐφράτου

102 1501 285 1586 ποταμοῦ),
320 1495 403 1581 ταχό
438 1497 628 1580 βιασάμενοι
650 1499 706 1576 τάς
734 1498 836 1575 πόλεις
865 1496 952 1576 ἐντός
980 1498 1205 1584 εἰσεπήδησαν.

101 1596 159 1661 καί
178 1600 293 1663 σιτίων
314 1601 373 1678 μὲν
395 1603 450 1663 καί
481 1602 535 1682 τῆς
556 1594 652 1685 άλλης
681 1603 858 1686 διατροφῆς
884 1603 930 1675 εἰς
951 1599 1045 1686 κόρον
1065 1621 1205 1681 μετακο-

100 1696 198 1782 μιδὴν
226 1697 416 1784 ἐποιήσαντο
445 1702 623 1784 (άφθανίον
650 1703 710 1786 γάρ
749 1697 871 1767 τοότων
900 1691 996 1784 εόρον
1029 1704 1131 1783 ε’κεϊσε
1152 1696 1208 1764 καί

61 1813 91 1864 15
102 1795 189 1863 αἴνου
210 1826 239 1864 τι
259 1801 354 1882 μέρος
376 1805 432 1864 καί
452 1803 514 1866 τοῖν
540 1798 775 1867 εὐτελεστάτων
798 1804 927 1888 είδιόν),
949 1803 1068 1866 τῶνδὲ
1090 1823 1204 1882 τιμιω-

6 1905 9 1926 '
100 1903 202 1985 τόρνον
230 1892 588 1988 λαφάρωνάπότυχον,
618 1902 839 1987 προλαβόντων
866 1905 930 1967 τῶν
959 1903 1118 1983 πολεμίων
1146 1905 1203 1965 καί

100 2006 389 2083 συσκευασαμίνων
414 2003 494 2068 ου’τά
516 2009 590 2084 μεθ’
610 1999 733 2068 ἑαυτῶν
756 2006 789 2068 όν
811 2007 855 2090 rql
873 2003 1062 2089 ἀποδράναι.

203 2105 273 2166 Καί
300 2109 401 2169 ταῦτα
436 2107 495 2186 μὲν
523 2108 576 2170 ε’πί
605 2091 667 2188 τῆς
688 2103 929 2188 μεχαλοπόλεοος
962 2105 1102 2188 ἐκείνης,
1134 2098 1204 2186 ἥτις

101 2203 249 2287 α’μαχητί
273 2210 469 2290 κρατηθεῖσα
502 2204 620 2290 πολλὴν
658 2205 833 2289 εὐμάρειαν
865 2209 982 2270 δέδωκε
1010 2215 1075 2280 τοῖς
1105 2231 1207 2288 στρα-

56 2303 230 2379 2θτιοόττιις
271 2304 349 2390 πρὸς
387 2305 444 2389 τήν
477 2311 577 2372 ἐκεῖσε
615 2307 796 2389 διαγωγήν,
828 2306 1048 2389 uiris-urolt
1075 2305 1204 2388 πόρχιον

6 2455 8 2481 ,
61 2469 68 2492 ,
99 2398 330 2488 όιμηλοτάτονν,
362 2409 457 2490 τριεόν
489 2406 508 2493 ἦ
536 2404 712 2498 τεσσάρςον,
741 2403 819 2470 ἔνθα
851 2409 1031 2491 Σαρακηνοί
1052 2404 1203 2486 α’νιόντες,

84 2503 156 2596 Ικαί
177 2503 232 2588 τόν
264 2499 375 2570 άνοδον
399 2503 446 2581 ἰός
476 2506 666 2594 στενόπορον
702 2508 933 2594 κατασχόντες,
962 2507 1203 2594 ἐφιλονείκησαν

173 2673 198 2725 t.
220 2671 284 2729 ὅσοι
302 2676 450 2744 ἰοεεεροεετ
471 2677 501 2732 0.
525 2634 630 2734 ὅσαι.ς

98 2828 205 2882 Arabes
224 2838 312 2896 sutem
324 2847 382 2884 cum
395 2833 486 2886 Turcis
501 2835 589 2899 ctiam,
608 2835 653 2902 qui
663 2835 696 2888 iis
717 2834 835 2901 aderant,
853 2850 908 2889 οοο
924 2836 1027 2903 paucis,
1041 2830 1137 2904 quibus
1151 2833 1203 2888 im-

99 2900 213 2968 perabat
230 2903 272 2954 vir
291 2909 413 2957 strenuus
434 2912 460 2956 et
478 2921 562 2973 genus
581 2907 681 2959 iactans
703 2908 807 2975 regium
827 2905 961 2959 ePerside
979 2907 1087 2956 nemine
1106 2907 1203 2958 Amer.

98 2973 183 3036 tikes‚
205 2988 237 3024 ex
246 2972 393 3043 longinque
407 2985 550 3044 sequentes
571 2985 597 3027 et
609 2979 684 3044 quasi
703 2976 836 3028 satellites
845 2991 875 3027 se
890 2979 1016 3043 gerentes
1035 2983 1081 3026 aut
1098 2978 1203 3027 iactnn.

98 3045 157 3094 tiae
176 3057 255 3096 causa
274 3047 372 3097 circum
397 3055 544 3099 currentes.
566 3048 637 3097 circa
657 3061 800 3110 vesperum
820 3053 907 3096 eutem
927 3054 1014 3096 castra
1033 3061 1137 3112 ponens
1155 3062 1204 3096 rex

99 3123 164 3165 aute
181 3115 338 3182 Hierapolim
356 3119 449 3170 urbem
469 3119 566 3166 fossam
585 3116 621 3165 ibi
642 3125 668 3166 et
687 3114 787 3167 vallum
812 3131 845 3164 ex
864 3116 1058 3166 consuetudine
1078 3116 1143 3166 fixit.
1167 3117 1204 3168 ita

101 3192 192 3236 autem
210 3187 398 3254 impedimenta
411 3187 505 3239 Graeci
525 3186 631 3236 fortiter
650 3187 676 3236 in
696 3186 821 3240 tentoriis
832 3185 1007 3253 deponentes,
1027 3202 1116 3254 neque
1136 3203 1202 3240 vero
1258 3247 1260 3253 ¹

6 3263 12 3285 ²
100 3265 244 3311 versantes
268 3259 295 3309 ln
315 3259 357 3310 his
378 3259 529 3325 quicunque
556 3254 693 3309 laboribus
712 3257 877 3323 imperabant
905 3265 932 3309 ct
951 3259 1036 3309 ordini
1055 3260 1201 3312 Armenio.
1235 3318 1237 3321 Ι

97 3323 168 3391 rum,
188 3330 315 3382 adversus
335 3328 426 3380 urbem
445 3326 561 3393 profecti
585 3337 663 3380 sunt:
685 3337 712 3380 et
731 3329 943 3396 quandoquidem
963 3320 1126 3383 inlencruut
1145 3348 1202 3383 enm

95 3415 155 3450 non
181 3402 288 3451 omnine
314 3415 363 3466 per
384 3413 430 3450 cos
455 3400 500 3466 qui
518 3399 590 3451 intus
611 3409 686 3452 erent
705 3401 840 3452 defensam
872 3405 966 3470 (antea
985 3404 1055 3453 enim
1074 3403 1210 3455 Saraceni-

95 3479 172 3522 metu
194 3473 325 3523 adventus
343 3470 416 3538 regis
435 3469 523 3538 lugam
544 3481 671 3537 ceperant
694 3481 767 3525 trans
786 3471 946 3540 Euphratem
966 3472 1102 3541 fluvium),
1123 3473 1201 3524 cele-

95 3545 167 3594 riter
185 3551 276 3608 portes
295 3543 451 3608 frangentes
470 3545 539 3596 intus
559 3544 728 3596 insilierunti
748 3552 828 3612 etque
846 3544 971 3595 frumeuti
993 3552 1020 3594 et
1037 3542 1136 3609 reliqui
1157 3544 1202 3594 vi-

97 3624 158 3667 ctus
177 3614 210 3664 ad
228 3613 378 3682 satietatem
397 3623 570 3666 commentum
588 3615 650 3667 inde
671 3616 802 3668 lecerunt.
831 3618 936 3683 copiam
951 3615 1021 3664 enim
1039 3613 1134 3663 horum
1152 3629 1200 3664 re.

96 3691 228 3751 percruut
246 3683 283 3734 ibi
313 3692 339 3737 et
365 3687 420 3737 vini
447 3696 548 3758 partem
568 3695 596 3738 ct
613 3686 804 3741 vilissimorum
823 3701 968 3756 generum,
988 3683 1087 3750 praeda
1113 3693 1201 3736 sutem

95 3758 185 3824 magis
210 3756 347 3808 aestimata
374 3759 543 3824 exciderunt,
570 3775 629 3810 curu
649 3760 741 3812 hostes
761 3774 818 3809 enm
836 3757 1050 3824 praeripuissent
1069 3763 1096 3807 et
1111 3771 1202 3810 secum

6 3873 11 3892 ‚
96 3835 253 3892 portassent
273 3828 440 3896 effugientes.

199 3915 287 3984 Atque
322 3917 389 3966 haec
422 3919 527 3986 quidem
560 3919 587 3969 iu
621 3918 669 3969 ills
704 3917 787 3982 urbe,
818 3931 886 3984 quae
918 3917 977 3968 sine
1007 3931 1097 3985 pugna
1129 3918 1202 3968 rictu

96 3987 206 4038 multam
234 3987 387 4039 facilitatem
415 3989 538 4056 praebuit
564 3988 693 4040 militibus
718 3990 751 4040 ad
775 3990 881 4050 victum.
900 3989 928 4039 iu
950 4003 981 4039 ca
999 3996 1070 4040 terra
1084 4027 1101 4053 ,,
1119 4001 1201 4037 exce-

97 4060 153 4125 ptis
177 4058 314 4113 nonnullis
343 4062 458 4114 turribus
479 4061 632 4125 ultissimis,
659 4059 743 4112 tribus
773 4068 819 4112 eut
843 4067 983 4129 quattuor,
1011 4060 1057 4111 ubi
1076 4057 1201 4111 Saraceni

97 4131 275 4185 ascendentes
295 4141 322 4185 et
335 4134 387 4186 iter
397 4143 425 4186 ut
436 4141 576 4203 angustum
593 4140 756 4201 occupantes
768 4139 952 4185 certarunttex
961 4133 1048 4200 patrio
1067 4143 1116 4184 suo
1127 4141 1201 4180 moro
