2875 4734
13 127 16 143 ι
92 135 181 244 1ου
293 98 298 114 ⁸
391 163 610 244 mentulis
634 163 899 276 ,lesmoren

90 344 343 430 περιαρτοόμενοι
363 340 453 426 λόχοι
475 344 651 424 πολεμικῶν
670 340 901 425 ἀγωνισμάτων
921 338 1025 420 ε’κτός,
1047 344 1103 405 κατ’
1119 338 1196 425 τρό-

91 468 149 510 πον
171 444 241 512 τινά
267 449 321 530 τῆς
344 441 514 528 ἐναγωνίου
538 442 646 530 μάχης
670 444 909 526 ἐπιλελησμένοι
931 441 986 506 καί
1003 446 1196 526 συμπλοκῆς.

195 542 263 612 Καί
286 543 302 610 ό
323 549 382 626 μὲν
406 547 632 631 Τραχανιιότης
655 545 730 620 τοῦς
763 546 963 620 ἐπιλέκτους,
987 543 1031 618 τός
1053 544 1198 626 προδιεί-

5 659 43 714 ,97
54 675 82 714 r.
92 653 218 732 ληπται,
238 644 519 728 προσλαβόμενος,
545 639 627 730 άρας
650 647 771 710 ἐκεῖθεν
803 648 859 728 τῆς
881 646 936 709 ε’πί
956 641 992 707 τό
1014 645 1124 708 Χλίατ
1140 666 1198 728 φε-

94 746 211 834 ροῦσής
230 740 361 829 ήπτετο,
383 745 641 828 παραβοηθήσων
661 751 725 820 τοῖς
757 751 1025 825 προαποσταλεῖσι
1055 741 1222 822 Ecetram,

93 853 148 912 κατ’
161 843 320 928 Φράγγοις
345 842 530 928 (ἀπήγγελτο
550 843 611 930 γάρ
634 842 713 928 μετά
735 843 878 928 πλήθους
897 845 1099 929 μυριάνδρου
1122 843 1196 918 τοῦς

94 949 253 1021 ἐναντίους
276 947 391 1019 αὐτοῖς
422 942 676 1037 ἐπιφέρεσθαι),
706 948 762 1009 καί
791 939 858 1027 όμα
882 943 1089 1028 συντηρήσιον
1112 944 1198 1020 ἐκτός

94 1049 152 1111 τοῦ
170 1038 279 1120 detrec
294 1044 371 1119 τοῦς
387 1045 538 1128 καρπούς,
561 1047 669 1131 ἵναμή
696 1048 922 1128 διαρπαγέντες
940 1042 1003 1108 rinc*
1026 1047 1089 1109 τῶν
1109 1043 1197 1108 ἔνδον
1231 1111 1234 1117 ,

95 1148 275 1230 χλιατηνιῦν
298 1149 353 1209 καί
368 1150 638 1228 ’συγκομισθέντες
660 1146 776 1210 σπάνιν
797 1143 989 1226 παράσχωσι
1009 1145 1054 1231 τῷ
1076 1146 1198 1230 στρατῷ

94 1250 311 1328 μεταθεμένου
332 1248 390 1311 τοῦ
408 1249 564 1328 βασιλέως
586 1251 687 1320 ἐκεῖσε
708 1251 764 1311 καί
782 1233 980 1328 χρονίζοντος
999 1243 1054 1308 'snt'
1067 1251 1198 1326 πολιορ-
1210 1270 1242 1322 10

30 1351 37 1441 ζ
96 1353 148 1436 κίρι
169 1349 228 1410 τοῦ
249 1339 380 1427 άστεος,
404 1349 458 1410 καί
478 1350 610 1422 διπλοῦς
632 1345 756 1421 τούτοις
777 1346 792 1408 o‘
816 1343 952 1426 πόλεμος
973 1353 1139 1428 περιρρεῖ,
1163 1343 1195 1409 τό

94 1447 154 1526 μὲν
175 1447 287 1510 ἐκτῶν
307 1449 455 1511 evaeum
474 1444 508 1510 τό
531 1449 565 1511 δὲ
586 1443 647 1534 άπὸ
671 1448 730 1520 τοῦ
753 1449 858 1527 λιμοῦ.
902 1447 994 1508 τοῦτο
1015 1442 1075 1528 γάρ
1097 1442 1114 1505 ό
1136 1449 1201 1526 βα-

47 1553 48 1561 ’
95 1543 202 1620 σιλεῦς
223 1545 437 1628 διασιωπήσας
468 1545 521 1610 τόν
541 1541 673 1630 στρατόν
706 1543 908 1630 διεχώρισεν,
921 1542 1058 1623 ἐλπίζων
1080 1546 1201 1626 ταχέως

95 1645 131 1710 τό
156 1649 388 1728 Μαντζικιέρτ,
414 1640 491 1729 ὅπερ
517 1651 572 1710 καί
593 1647 708 1730 γέγονε,
731 1645 1012 1729 παραστήσασθαι,
1034 1647 1074 1708 δι’
1095 1643 1199 1727 όλίγου

97 1747 132 1810 δὲ
152 1749 348 1836 καταστῆσαι
380 1745 419 1810 τά
441 1743 488 1810 ἐπ’
512 1748 608 1834 ου’τρλ,
632 1746 687 1824 καί
706 1740 809 1821 οῦττος
840 1754 906 1820 τοῖς
936 1747 1048 1820 οἰκείας
1072 1751 1200 1809 παλινο·
1212 1768 1244 1819 15

98 1835 237 1929 στῆσαι,
261 1845 292 1910 εἰ
312 1839 348 1910 δέ
371 1871 419 1922 τις
440 1852 495 1912 καί
515 1847 648 1927 πόλεμος
679 1847 788 1921 αὐτοῖς
813 1844 846 1925 ἐξ
866 1841 1048 1930 οίπροόπτου
1069 1865 1200 1909 ουνεπι-

97 1948 165 2032 στῇ,
188 1943 240 2008 διά
262 1943 476 2036 ταχυδρόμοον
497 1951 777 2026 μετακαλέσασθοιι
808 1945 884 2022 τοός
906 1945 1050 2020 οἰκείους,
1073 1943 1201 2031 μεγάλῳ

33 2069 38 2118 ,¹
98 2042 288 2129 διαστήματι
310 2042 354 2130 μή
372 2049 560 2130 α’πέχοντας.
606 2049 811 2128 α’πεκομιζετο
833 2045 895 2130 γάρ
919 2045 1007 2132 αῦτῷ
1030 2044 1116 2128 παρὰ
1139 2047 1201 2108 ταῖν

98 2149 223 2210 σκοπῶν
254 2143 335 2229 πρός
362 2147 419 2231 τήν
443 2150 594 2226 Περσίδα
624 2147 679 2212 τόν
702 2145 874 2212 σουλιάνον
908 2145 1104 2229 ἐπείγεσθαι.
1149 2145 1204 2223 καί

98 2246 180 2310 κατά
202 2250 312 2313 τοῦτον
332 2245 387 2313 τόν
408 2249 505 2331 λόγον,
521 2249 539 2332 ή
556 2250 716 2332 διαίρεσις
738 2241 827 2335 αῦτρῦ
847 2251 904 2313 τοῦ
918 2249 1056 2331 στρατοῦ
1072 2243 1128 2309 καί
1146 2243 1247 2320 odacro

60 2422 65 2425 ,
99 2341 210 2431 άλογος
232 2352 349 2432 γέγονε,
370 2353 428 2430 καί
444 2371 478 2431 γε
500 2341 538 2434 ἦν
560 2351 617 2414 οῦκ
647 2348 708 2413 άπὸ
730 2350 885 2432 λογισμοῦ
914 2347 1125 2432 στρατηγικοῦ
1150 2346 1202 2432 ἐν·

64 2460 70 2468 “
99 2449 212 2532 νόημα,
234 2451 264 2515 εἰ
281 2449 327 2534 μή
351 2455 540 2535 πεπρωμένη
564 2473 619 2532 τις,
640 2453 762 2530 μάλλον
785 2452 820 2514 δὲ
837 2455 923 2524 θεῖος
944 2445 1035 2531 λόγος
1057 2445 1202 2532 άπόρρη-
1278 2442 1283 2452 “

100 2571 170 2631 τος,
193 2546 251 2635 τήν
274 2547 403 2633 ἔκβασιν
425 2553 470 2627 εἰς
490 2551 526 2616 τό
550 2554 693 2616 ἐναντίον
708 2548 867 2637 ἐπέστησε,
887 2553 943 2614 καί
959 2545 1037 2634 πρός
1057 2549 1101 2637 τῷ
1120 2549 1201 2611 τέλει
1238 2549 1243 2556 ’

64 2803 68 2808 ,
145 2720 216 2794 .¹¹·
234 2719 390 2794 πῑθῑθκὲλῖ
497 2722 540 2775 22·
560 2721 643 2790 λόχος
661 2719 677 2786 ἢ
696 2722 782 2793 λόγος
800 2720 830 2775 G.
949 2693 1204 2790 tenereturque?

103 2866 203 2920 bellica
224 2867 382 2932 certamina,
415 2875 442 2919 et
460 2868 651 2936 quodammodo
676 2884 783 2937 pugnae
810 2867 960 2919 certaminis
986 2865 1063 2916 obliti
1084 2871 1113 2929 et
1129 2878 1204 2914 conr.

102 2939 208 3006 plexue-
1087 2962 1098 2975 =
1243 2967 1258 2996 a

202 3008 293 3076 Atque
313 3009 504 3062 Trachaniotes
526 3011 632 3078 quidem
653 3011 793 3075 delectos,
817 3016 847 3061 ut
872 3017 950 3060 antea
969 3009 1066 3065 dictum
1087 3014 1136 3072 cst,
1156 3023 1204 3057 ac.

20 3140 22 3145 y
105 3081 216 3147 ciplens‚
238 3087 264 3130 et
281 3081 346 3131 inde
356 3083 493 3147 profectus
507 3076 583 3133 ¹viam
602 3084 635 3135 nd
650 3079 739 3136 Ghliat
757 3082 887 3132 ferentem
906 3081 1000 3143 tenuit,
1019 3077 1121 3129 auxilio
1134 3093 1204 3129 ren.

105 3161 180 3203 turns
199 3158 278 3203 antea
298 3150 386 3203 missis
406 3153 512 3218 Scythis
533 3161 560 3204 et
578 3153 704 3205 Francis:
717 3154 879 3221 (nuntiatum
899 3153 969 3201 enirn
989 3158 1045 3201 crat
1065 3166 1122 3200 cum
1132 3147 1214 3199 mul.¹
1307 3171 1310 3177 ·

104 3222 217 3273 titudine
231 3221 419 3274 innumerabili
430 3222 521 3275 hostes
540 3225 573 3274 iis
594 3226 698 3278 obviarn
717 3225 772 3292 ire)
794 3231 820 3273 et
833 3220 910 3274 simul
929 3221 1134 3273 conservaturus
1155 3235 1205 3270 ex-

104 3302 145 3344 tra
163 3292 256 3342 urbem
275 3291 377 3358 fruges,
396 3309 447 3344 nec
459 3294 578 3360 direptae
596 3296 631 3348 'ab
650 3297 721 3346 intus
737 3293 909 3345 'versantibus
921 3292 1068 3346 Chliatenis
1091 3299 1117 3342 et
1136 3305 1204 3340 eon.

105 3370 198 3432 gestae
217 3362 334 3428 inopiam
356 3365 502 3415 excitarent
516 3369 655 3420 exercitui.
693 3369 862 3433 transgresso
881 3379 947 3430 rege
966 3364 1032 3415 illuc
1053 3370 1080 3412 et
1098 3370 1205 3413 versato

84 3435 137 3487 ,ad
155 3433 358 3502 oppugnandam
377 3435 467 3486 urbem
487 3436 533 3488 sel
555 3437 653 3504 duplex
673 3435 713 3486 his
733 3435 976 3498 bellum'adlluxit‚
1007 3441 1033 3485 et
1060 3449 1093 3484 ex
1118 3433 1206 3484 hosti-

104 3507 153 3558 bns
174 3514 200 3556 et
219 3521 252 3555 ex
271 3505 349 3556 lame.
389 3505 440 3557 hoc
461 3507 529 3558 enirn
548 3524 596 3558 rex
618 3507 730 3560 studens
754 3509 899 3558 exercitum
924 3507 1031 3568 divisit,
1063 3520 1122 3557 cum
1141 3519 1206 3570 spe-

105 3583 177 3629 raret
196 3575 254 3627 iore
272 3584 302 3626 ut
322 3575 448 3628 celeriter
472 3579 686 3631 Mantnikierturn
713 3577 874 3641 subiiceret,
899 3577 926 3627 id
952 3577 1022 3644 quod
1049 3591 1146 3628 revera
1167 3580 1208 3625 est

106 3650 214 3710 lactum,
233 3647 311 3712 brevi
332 3657 419 3699 autern
439 3656 612 3715 componeret
623 3651 681 3700 eius
700 3664 744 3699 res
765 3657 792 3700 et
812 3647 863 3700 hoe
876 3649 954 3700 modo
974 3648 1078 3698 domum
1096 3647 1207 3708 rediret,

106 3721 148 3772 sin
157 3732 223 3770 vero
244 3718 322 3769 etiarn
341 3718 442 3771 bellum
460 3722 526 3786 ipsis
547 3736 579 3772 ex
598 3721 745 3786 improviso
765 3723 884 3783 instaret,
904 3726 933 3769 ut
952 3734 1000 3784 per
1018 3718 1124 3770 celeres
1136 3733 1206 3769 nuu-

106 3793 159 3842 tios
177 3789 310 3840 advocare
328 3799 419 3856 posset
438 3806 500 3846 suos
520 3793 564 3859 qui
584 3791 654 3860 haud
672 3807 767 3860 magno
787 3791 913 3843 abessent
930 3791 1026 3856 spatio.
1064 3789 1207 3840 nuntiaba-

106 3870 150 3912 tur
170 3861 239 3910 eninr
259 3861 283 3910 el
302 3875 318 3910 n
337 3861 500 3925 custodibus,
520 3864 553 3913 nd
570 3862 705 3915 Persidem
725 3863 858 3919 sultanum
880 3862 1059 3912 contendere:
1078 3868 1158 3926 utque
1175 3874 1207 3908 ex

107 3931 157 3982 hac
175 3932 280 3983 ratione
299 3932 397 3982 divisio
418 3934 550 3984 exercitus
570 3934 603 3985 ab
626 3949 669 3997 eo,
688 3951 739 3985 nec
759 3936 817 3984 sine
838 3948 917 3983 causa
935 3932 1005 3983 iacta
1025 3941 1091 3993 erat,
1119 3943 1208 3996 neque

109 4007 166 4052 erat
184 4003 307 4069 profecto
327 4001 473 4053 abhorrens
493 4003 525 4053 ab
545 4013 602 4054 erte
621 4006 792 4072 imperatoria
811 4002 952 4056 consilium
971 4005 1024 4055 uisi
1043 4019 1102 4055 sors
1122 4016 1207 4068 quae-

109 4073 167 4124 dant
184 4073 244 4125 sire
261 4074 349 4140 potins
368 4073 476 4125 divinae
502 4073 615 4127 insidiae
643 4075 688 4128 vel
720 4078 786 4130 ratic
812 4084 916 4127 secreta
945 4083 1069 4128 eventum
1099 4079 1207 4124 econtra
