2875 4734
199 221 305 303 'uod
522 226 743 299 muninus
773 222 1033 297 λτελτιοτλτ
1139 296 1141 301 ,

315 395 375 460 Ori
379 392 450 511 μὴν
468 394 505 457 δέ
527 389 609 456 ἀλλά
631 391 687 455 καί
705 391 762 475 τὴν
785 392 905 511 μητέρα
927 384 1043 471 τούτου
1065 374 1198 447 πλέον’”
1181 404 1198 443 ο
1221 382 1330 447 Βυτα-

222 496 350 579 ,νειάτης
374 486 454 577 ἤπερ
475 494 591 567 ἐκεῖνος
613 494 744 574 ἐτίμησε
765 488 821 553 καί
846 490 1020 569 ἐσέμνυνε,
1051 484 1105 547 καί
1135 479 1173 547 τοὶ
1204 478 1334 565 θυμὴρη

230 593 331 680 ταίτη
353 591 578 715 ἀφθονώτερον
608 588 831 711 ἀπειργάσατο.
874 589 990 660 ἐκεῖνος
1011 584 1088 708 χεὶρ
1095 578 1237 665 μοναχὸν
1258 580 1337 643 ἀπο·

231 693 385 773 δείξατ’
359 717 404 758 εκ
423 696 613 776 βασιλίσσης
635 714 688 755 και
683 690 992 813 μελαμφορσέσαν
1006 688 1041 751 ἐκ
1061 680 1260 770 πορφυρίδος
1283 682 1338 743 καί

230 794 430 878 περιχρδσου
452 793 633 876 περιβολῆς,
654 788 710 855 καί
732 789 905 875 ἀειφυγίαν
929 782 1046 869 ταάτης
1070 780 1251 901 κατέκρινε·
1282 776 1359 849 καίε

232 918 272 978 ην
286 890 398 973 ἐξω
359 917 416 975 της
433 888 555 967 πόλεως
574 888 667 956 τόπον
689 893 724 953 ἐκ
739 886 837 955 τόπου
859 888 1038 1004 ἀμείβουσα
1054 880 1134 966 μετά
1158 885 1220 949 τών
1234 879 1334 945 ον’τα·

232 995 359 1081 δέλφονν
380 995 499 1111 αάτρῦ,
521 1018 574 1057 και
570 991 669 1057 οὐδὲ
692 986 869 1073 συνεχώρει
890 984 948 1063 κάς
968 986 1111 1070 θηλείας,
1132 981 1253 1067 ώραίας
1275 972 1336 1042 ⁰6-

231 1119 291 1171 σας
314 1093 394 1178 πρὸς
414 1092 526 1176 μώμου,
549 1095 582 1167 ἐς
611 1090 728 1176 ἀνδρὸς
746 1094 898 1175 φοιτῆσαι
918 1091 1053 1170 νομίμου
1075 1110 1128 1151 και
1150 1082 1185 1149 τδ
1209 1083 1247 1171 τῆ
1268 1081 1336 1169 φώ-
1381 1114 1382 1121 1

232 1220 282 1261 σει
304 1198 580 1280 κεχρεενστημέκον
609 1192 870 1279 ἀφοσιώσασθαι.
914 1185 987 1253 οδε
1014 1183 1223 1269 Βοτανειάτης
1247 1180 1333 1257 ἐντδς

234 1298 289 1379 τῆς
311 1293 438 1369 πόλεως,
458 1302 615 1370 συνοικεῖν
642 1290 724 1376 μετά
751 1293 813 1357 τών
845 1292 967 1356 παίδων
990 1284 1088 1372 αὐτὴν
1117 1282 1377 1369 συνεχώρησε,1θ

233 1399 289 1461 καί
307 1393 362 1460 ἴσα
385 1396 439 1459 καί
455 1399 578 1479 μητέρα
599 1397 713 1475 ἐτίμα,
738 1394 791 1459 καί
820 1391 896 1467 τοδς
919 1390 1035 1465 παῖδας
1063 1380 1163 1469 αάτῆς
1186 1387 1336 1478 ἐπιφανε-

234 1500 358 1573 ενάτοις
380 1494 577 1579 ἐλάμπρννεν
600 1495 772 1575 ἀξιώμασι,
793 1492 847 1557 καί
869 1500 1013 1574 συνεχεῖς
1036 1487 1159 1572 δωρεὰς
1181 1488 1265 1574 αὐτῇ
1281 1483 1336 1550 καί

223 1600 386 1671 ,παντοίας
404 1588 587 1679 εέερχεσίας
607 1597 804 1673 κατέπεμπε,
833 1594 888 1658 καί
905 1594 1003 1677 τριών
1023 1594 1179 1675 σεκρέτεον
1201 1592 1257 1652 καί
1275 1587 1334 1651 τών

237 1692 342 1762 ἀλλων
361 1698 511 1780 χρηστών
531 1699 646 1779 κυρίαν
675 1692 794 1777 ταύτην
827 1696 987 1779 ἀπέφηνε,
1017 1694 1071 1755 καί
1093 1688 1333 1754 πολυταλάντων

237 1794 369 1862 εἰσόδων
392 1796 534 1880 η’ξίοισεν.
579 1793 659 1860 ἀλλά
686 1794 742 1860 καί
762 1792 819 1871 τοὶς
841 1792 1023 1917 θυγατέρας
1050 1792 1149 1875 αάτῆς
1170 1786 1249 1875 πρδς
1275 1812 1337 1872 μοι·
1347 1793 1378 1848 15

236 1895 332 1983 μικη“ν
352 1895 481 2019 ὁμιλίαν
503 1899 609 1961 ἐλθεῖν
627 1895 844 1981 συνεχώρησε,
869 1899 924 1960 καί
942 1902 1006 1969 τοῖς
1026 1892 1164 1975 πρώτοις
1183 1891 1245 1959 τών
1258 1914 1338 1973 ‹ruy-

238 2004 390 2082 κλητικών
410 1995 445 2063 τέ
443 1994 693 2080 κηδοςτούτονν
713 1999 941 2116 ρνμπλακηναι
961 1998 1141 2061 κατένευσε.
1186 2016 1238 2057 και
1234 1985 1338 2065 ὅλοις

239 2122 403 2183 χαρμονης
422 2124 475 2163 και
471 2097 659 2183 θυμηδίας
691 2124 749 2181 την
771 2098 1034 2181 δυστυχοῦσαν
1019 2120 1071 2160 επι
1092 2098 1159 2167 τοῦ
1186 2088 1361 2176 βασιλεύ-

209 2267 211 2272 ,
243 2224 358 2278 σαντος
381 2198 493 2276 παιδὸς
514 2225 567 2265 και
564 2198 810 2284 θρηνοῦσαν
794 2223 810 2262 ο
832 2198 998 2283 ἀλλότριος
1019 2224 1071 2261 και
1068 2200 1180 2275 ξένος
1208 2217 1263 2261 του
1249 2189 1340 2257 αἳ·
1405 2230 1426 2295 ε,

173 2331 180 2339 ’
228 2324 340 2383 ,ματος
358 2303 456 2385 αάτῆς
475 2298 630 2384 βασιλεδς
651 2303 811 2387 ἐνέπλησε,
834 2298 890 2364 καί
910 2301 1079 2384 περίοπτον
1100 2288 1233 2363 πλέον
1212 2288 1382 2380 ηπερτδνο

241 2398 392 2486 πρότερον
408 2399 543 2481 ’ἔδειξεν

230 2559 234 2569 ,
330 2500 371 2569 Ὃ
392 2504 427 2568 δέ
447 2501 505 2587 την
526 2506 584 2568 τοῦ
604 2506 763 2585 βασιλέως
792 2489 1183 2587 προαιρεσινώπερτέραν
1211 2494 1344 2585 ἀνθρα-
1425 2574 1426 2577 ¹

241 2608 333 2689 πίνης
354 2604 498 2681 διανοίας
520 2606 677 2691 ἐξέφαινε,
697 2605 791 2668 τοῦτο
820 2600 861 2689 δι’]
884 2602 939 2667 καί
961 2598 1084 2689 ῥητέον.
1130 2601 1146 2667 6
1176 2604 1235 2675 τοῦ,
1262 2624 1357 2687 προ-,

313 2793 340 2846 3.
359 2791 458 2860 ταύτης
478 2790 508 2848 G.

282 2976 286 2982 ·
341 2948 395 3003 Sed
413 2950 493 3002 etiarn
511 2956 622 3001 matrem
646 2947 727 3002 hninr
753 2948 839 3019 megia
855 2948 1009 3003 Betunintes
1028 2964 1105 3019 quum
1130 2947 1181 3002 iile
1200 2948 1346 3005 honorarit

242 3031 271 3075 et
287 3024 392 3075 veritus
411 3030 452 3076 eet
472 3029 498 3073 et
519 3028 595 3091 grute
615 3021 678 3073 huie
695 3020 839 3091 benignius
858 3021 932 3075 iecit.
950 3020 999 3074 ille
1019 3023 1088 3074 enim
1106 3021 1261 3076 monachum
1279 3022 1346 3075 red.

244 3095 309 3147 dens
328 3110 362 3146 ex
379 3095 474 3163 regina
494 3102 521 3145 et
540 3091 699 3161 squallidum
721 3110 753 3145 ex
771 3110 889 3161 purpure
908 3100 935 3145 et
953 3109 1035 3146 aureo
1055 3095 1153 3147 amictu
1174 3094 1252 3145 etiarn
1272 3110 1346 3147 nem.

242 3165 341 3234 piterni
359 3163 435 3217 exilii
454 3165 523 3217 hanc
542 3165 693 3217 damnavit:
713 3174 793 3233 atque
814 3173 870 3217 erut
889 3173 964 3217 extra
977 3164 1078 3229 urbem,
1097 3163 1185 3217 iocum
1202 3164 1265 3216 loco
1284 3182 1347 3217 mn.

242 3246 302 3289 tune
323 3251 381 3287 curn
403 3236 529 3288 frutribus
549 3237 623 3288 eins:
649 3251 738 3305 neque
758 3236 940 3301 concedebat,
962 3245 990 3288 ut
1007 3236 1169 3290 necessitate
1189 3236 1347 3300 feminarum

244 3308 273 3358 in
289 3308 484 3359 matrimonium
505 3306 556 3359 viri
578 3323 611 3359 ex
628 3322 702 3359 more
734 3308 788 3359 iret
805 3317 832 3360 et
856 3316 967 3360 naturae
992 3307 1080 3360 debita
1097 3307 1223 3375 placeret.
1261 3308 1348 3361 Bott-

243 3378 330 3429 niuteu
349 3386 436 3430 nutem
455 3379 526 3435 iutru
546 3379 638 3431 urbem
657 3378 779 3431 habitare
801 3395 865 3431 cum
883 3378 977 3433 liberie
997 3396 1053 3431 enm
1072 3394 1164 3446 pannus
1185 3388 1240 3444 eet,
1267 3388 1349 3449 utque

245 3456 275 3500 nt
292 3454 402 3500 matrem
422 3448 570 3502 honerabat
598 3457 625 3501 et
652 3450 724 3501 iiiios
744 3452 800 3502 eius
827 3450 980 3503 clarissimis
1006 3450 1157 3521 illustrabat
1175 3451 1348 3519 dignitatibus

247 3526 275 3572 et
292 3522 419 3574 continua
444 3520 512 3572 donn
537 3524 561 3572 ei
587 3530 614 3573 et
638 3522 713 3573 τετὶα
732 3522 863 3574 beneficia
882 3523 1020 3587 mittebat,
1043 3530 1069 3574 et
1087 3516 1164 3574 trium
1184 3532 1350 3577 secretorum

248 3600 274 3643 et
294 3600 442 3645 ceterarum
461 3609 549 3645 rerum
561 3592 666 3644 utilium
686 3593 817 3645 dominum
832 3594 900 3646 hunc
919 3595 1036 3647 ostendit
1055 3602 1081 3646 et
1097 3593 1239 3647 multorum
1257 3593 1349 3647 tulen-

245 3672 333 3714 torum
351 3664 481 3717 reditibus
494 3665 683 3733 dignatusest:
705 3666 753 3716 sed
774 3666 851 3718 etium
864 3666 933 3718 filias
957 3666 1013 3719 eius
1033 3667 1060 3717 in
1086 3667 1237 3734 nuptiarum
1256 3666 1349 3719 nocie-

247 3735 355 3785 tatem
347 3751 388 3786 rre
406 3751 500 3804 puseus
519 3744 560 3787 eet
581 3744 607 3786 et
625 3736 791 3819 Principibus
824 3745 973 3789 senatorum
994 3736 1149 3789 affinitatem
1169 3738 1262 3790 horum
1281 3752 1351 3789 eon·
1425 3764 1426 3769 =

248 3806 324 3872 iungi
342 3806 450 3858 adnuit:
470 3816 550 3875 atque
570 3808 677 3858 omnino
694 3808 791 3875 gaudie
812 3816 839 3859 et
850 3808 985 3859 hilaritate
997 3808 1134 3860 infelicem
1153 3808 1202 3861 σιὼ
1219 3816 1351 3878 regnante

248 3874 304 3927 ulio
326 3882 353 3926 et
372 3886 500 3930 moestam
519 3878 680 3961 peregrinus
700 3888 728 3931 et
746 3878 884 3932 alienunu
908 3881 1038 3947 sangnine
1070 3881 1128 3933 eiue
1152 3896 1199 3932 rex
1217 3878 1350 3948 implerit

249 3953 329 4015 utque
350 3946 450 3999 clarem
468 3951 553 4017 magis
572 3965 649 4018 quam
670 3958 748 4001 nnten
766 3951 891 4009 ostendit.

347 4043 425 4109 Quod
443 4053 532 4098 nutem
550 4047 624 4115 regie
642 4045 810 4100 voluntatem
824 4048 991 4133 εαρεείοτεια
1006 4046 1121 4103 humane
1140 4046 1252 4101 coneilio
1270 4060 1355 4099 mon.

246 4120 356 4184 strabae,
378 4116 431 4170 hoc
449 4131 557 4188 queque
578 4119 717 4173 dicendum
738 4128 786 4173 ent.
831 4120 928 4191 prioris
952 4121 1026 4191 regit
1049 4119 1132 4175 freter
1151 4118 1355 4185 Guuttuutiuut,
