2875 4734
469 286 700 361 'nrsrourn
737 292 741 298 ·
829 288 855 324 ³
1102 276 1152 358 93

51 447 206 524 θανόντος
229 444 284 515 κατ’
305 453 723 537 πολλάνάνερευνηθέντων
757 451 862 529 οόδεός
883 443 969 531 άξιος
990 450 1072 536 πλην
1092 451 1151 515 ου’-

51 551 109 613 τοῦ
131 549 211 635 πρός
233 550 286 616 τόν
308 556 451 618 τοιοῦτον
471 551 619 637 ἐλογίσθη
643 552 780 637 βοθμόν.
824 552 879 617 καί
901 551 1151 632 α’παναινόμενος

52 647 195 735 ἐδιώχθη
217 653 295 734 πρός
316 656 371 738 τῆς
390 657 493 738 τιμῆς,
517 651 572 724 καί
590 651 739 740 λαμπτηρ
754 657 809 738 τῆς
829 655 966 745 μεγάλης
986 653 1151 737 ἐκκλησίας

55 753 108 814 καί
129 749 330 838 πατριάρχης
353 750 566 834 οἰκουμενικός
589 752 789 838 ἐχρημάτισε.

29 854 45 905 5
150 849 246 917 Μετά
278 854 313 917 δὲ
334 851 368 918 τό
399 854 454 920 τόν
482 858 618 936 βασιλέα
636 851 788 921 τεθνάναι
812 856 914 921 πάλιν
935 852 965 920 οἱ
986 851 1044 940 την
1066 848 1169 921 ἐάαν»

53 951 293 1035 κατατρέχοντες
307 947 420 1018 Οόυυοι
441 957 778 1039 περίΜεσοποταμόοιν
794 953 956 1039 γενόμενοι
972 951 1150 1042 ἐφήδρευον

39 1061 114 1128 ,τοῖς
137 1051 212 1135 περὶ
233 1051 418 1139 Μελιτηνὴν
449 1057 785 1139 ἐστρατοπεδευμένους
810 1054 1000 1140 Ῥωμαϊκοϊς
1023 1055 1150 1138 τάγμα-ι

51 1176 110 1232 σιν,
132 1147 301 1236 οἵπερτοῦ
336 1156 547 1237 όψωυιασμοῦ
578 1154 810 1240 ὑστερήσαντος
838 1157 952 1232 ἐνδεῶς
987 1148 1074 1238 ἐἶχεν
1095 1154 1151 1220 καὶ
1176 1198 1183 1209 =

51 1254 205 1328 ταπεινοῖς
226 1257 282 1318 καί
302 1252 435 1339 ὀργίλως
453 1255 506 1320 διά
527 1250 584 1340 την
605 1253 739 1337 ἔνδειαν,
760 1260 815 1323 nal
836 1257 911 1322 ου’δέ
931 1263 997 1333 τοῖς
1018 1258 1052 1322 ἐν
1073 1258 1150 1321 Με-

14 1366 44 1419 10
52 1356 227 1443 σοποταμόηι
249 1356 456 1441 στρατιώταις
473 1355 643 1437 Ῥωμαίοις
662 1353 800 1440 ἴσχυσαν
813 1361 987 1441 συνελθεῖν,
1008 1355 1052 1442 μη“
1070 1361 1150 1439 βου-

51 1453 197 1539 ληθέντες
216 1451 276 1524 ,τόν
298 1456 473 1542 Εόφράτην
493 1457 697 1542 διαπερᾶσαι.
755 1458 976 1542 ἐπερχομένων
1005 1449 1062 1523 σόν
1088 1459 1178 1525 codri.
1193 1469 1282 1523 185v.

50 1554 225 1640 βαρβάρων
246 1557 300 1620 διὰ
321 1558 378 1622 τοῦ
408 1559 554 1639 ποταμοῦ
589 1558 781 1644 α’ντέστησαν
812 1548 900 1623 οὗτοι
921 1559 1150 1646 διασπαρέντες
1185 1638 1187 1643 Ι

50 1658 125 1738 περι·
144 1657 203 1733 τός
232 1657 393 1734 διεξόδους
418 1652 528 1725 αότοῦ.
579 1661 632 1723 καὶ
663 1658 692 1724 οἱ
713 1657 874 1746 βάρβαροι
896 1656 1055 1745 ἑκηβόλων
1074 1685 1151 1745 τυγ-

6 1767 8 1784 ”
48 1751 198 1837 χάνοντες
217 1757 367 1843 εὐμαρῶς
388 1750 641 1835 αότοόςάποθεν
660 1753 1066 1844 κατετιτριδσκον,άπαθεῖς
1087 1760 1150 1827 csi-
1206 1828 1207 1832 ,
1278 1772 1283 1782 ’

13 1858 97 1922 15τοί
119 1858 330 1940 διαμένοντες,
349 1860 410 1936 ἕως
430 1858 612 1945 ἠνάγκασαν
631 1866 761 1937 τούτους
786 1861 831 1937 εἰς
854 1859 908 1927 τόν
928 1858 1069 1943 ποταμόν
1090 1863 1151 1944 ἐμ-

41 1961 164 2050 ’βαλεῖν
185 1960 242 2023 καί
262 1957 319 2047 την
341 1957 450 2048 μάχην
470 1961 706 2048 συστήσασθαι,
751 1966 807 2027 καί
824 1963 920 2029 πάλιν
940 1959 971 2027 οἷ
994 1969 1059 2038 τοῖς
1079 1967 1152 2046 χειὲ

51 2061 370 2146 λεσινέφιστάμενοι
401 2061 475 2138 τοός
502 2062 682 2146 Ῥωμαίους
717 2065 938 2144 ἐπετοξάζοντο
967 2065 1023 2128 κατ’
1050 2065 1152 2141 κακῶς

51 2154 133 2244 άγαυ
154 2163 318 2229 διετόθυυν
339 2164 394 2230 κατ’
414 2168 498 2232 νῶτα
523 2166 633 2231 δοῦναι
659 2164 905 2253 παρεβιάσαντο.
955 2170 1012 2232 καί
1033 2170 1153 2251 τροπῆς

51 2265 220 2350 γενομένης
249 2261 360 2332 ἔπεσον
391 2270 503 2353 συχνοὶ
524 2270 586 2332 ταῖν
612 2266 796 2349 Ῥωμαίων,
825 2269 927 2353 ἕτεροι
960 2270 996 2332 δὲ
1020 2267 1154 2354 ζωγρεόρι

11 2363 251 2451 δθέληφθησαν,
272 2365 305 2432 οἶ
327 2371 362 2434 δὲ
384 2375 617 2456 περισωθέντες
637 2372 681 2457 cpi
702 2358 790 2434 άστει
811 2371 866 2455 τῆς
884 2368 1066 2453 Μελιτηνῆς
1082 2367 1153 2432 cios·

52 2465 217 2552 σάθησαν.
262 2471 553 2558 περιφρονήσαντες
583 2473 618 2536 δὲ
640 2469 763 2535 τοότων
790 2468 820 2536 οἱ
845 2471 1007 2556 βάρβαροι
1029 2463 1072 2544 οός
1092 2456 1154 2552 ἤδη

51 2573 341 2656 καταστραφέντων
361 2576 416 2638 καί
443 2575 824 2662 καταστρατηγηθέντων,
847 2569 1026 2658 ὁλοσχερῶς
1046 2566 1155 2654 ἐυτρό-

125 2757 410 2897 ἓὲῐξηηρευνηθλντων
430 2759 481 2826 G..
560 2760 602 2815 1'l.
622 2763 672 2815 sal
689 2765 753 2811 ants
770 2775 866 2821 ιιατως
883 2772 926 2812 om
948 2772 973 2825 c,
990 2756 1091 2812 addidit
1107 2755 1153 2809 in-

49 2976 212 3046 splendebat
238 2983 347 3046 propter
374 2979 497 3032 virtutem
522 2988 549 3032 et
572 2979 615 3032 dei
634 2980 766 3032 timorem.
805 2985 886 3044 atque
903 2984 1048 3044 propterea
1066 2975 1153 3043 patri.

49 3049 136 3102 archa
154 3055 258 3100 mortuo
278 3057 306 3100 et
322 3049 411 3103 multis
431 3051 576 3121 exploratis
593 3065 671 3103 nemo
691 3051 788 3118 dignus
806 3054 913 3115 praeter
931 3062 990 3103 enm
1010 3045 1152 3099 hochabi-

48 3128 91 3172 tus
123 3126 165 3172 est
188 3121 290 3188 gradus
317 3129 343 3172 et
368 3139 495 3176 recusans
519 3116 618 3189 petitus
647 3130 688 3175 est
711 3120 867 3188 ablronore
887 3117 1022 3170 etlumen
1040 3131 1153 3186 magnae

50 3190 191 3246 ecclcsiae
214 3199 240 3243 et
258 3193 408 3260 patriarcba
427 3194 615 3246 oecumenicus
634 3193 720 3245 iactus
741 3199 790 3244 est.

156 3279 234 3349 Rege
252 3290 356 3334 mortuo
378 3297 468 3333 rursus
478 3281 566 3333 llunni
587 3285 716 3334 orientem
736 3286 924 3347 percursantes
943 3277 1173 3343 circablcsopo-=

48 3352 161 3405 tamiam
180 3351 314 3405 instabant
324 3353 433 3405 Graecis
453 3352 588 3417 ordinibus
608 3351 891 3421 quicircalllelitenen
911 3348 1148 3402 concuteremus:

50 3425 96 3492 qui
119 3423 226 3491 quidem
246 3430 394 3476 commeatu
413 3422 553 3474 deficiente
573 3431 684 3492 egentes
705 3430 782 3474 crant
800 3429 827 3472 et
845 3430 940 3473 tenues
951 3428 979 3472 et
988 3422 1049 3472 irati
1067 3431 1152 3486 prop.

49 3503 90 3547 tcr
112 3495 249 3561 inopiam,
276 3509 365 3561 neque
384 3509 442 3544 cum
461 3493 589 3544 militibus
608 3497 636 3545 in
655 3494 846 3561 Mesopotamia
866 3493 1017 3544 constitutis
1044 3489 1152 3542 Graccis

50 3565 184 3638 congredi
206 3571 367 3630 potnerunt,
395 3579 455 3615 cum
472 3562 578 3614 nollent
595 3564 756 3632 Euphratem
786 3564 910 3617 transire.
947 3558 1152 3614 advenientibus

50 3639 136 3706 igitur
163 3634 283 3687 barbaris
309 3643 357 3703 per
375 3634 485 3687 fluvium
505 3649 534 3686 se
554 3643 736 3702 opposuerunt
754 3634 781 3685 hi
800 3633 914 3701 dispersi
934 3633 961 3684 in
981 3631 1056 3684 radis
1084 3632 1151 3680 eius.

51 3718 134 3777 atque
162 3705 268 3757 barbari
294 3708 398 3776 quidem
426 3709 471 3775 qui
492 3707 593 3758 eminus
612 3705 724 3758 iaculari
742 3713 867 3774 poterant
884 3704 965 3756 iacile
985 3717 1031 3754 eos
1051 3701 1152 3752 eminus

50 3777 243 3840 vulnerabant,
257 3778 424 3845 impatientes
440 3779 491 3845 ipsi
505 3785 651 3840 manentes,
670 3776 757 3827 donec
776 3783 906 3844 cogerent
917 3774 976 3838 hos,
996 3780 1025 3823 ut
1043 3771 1152 3824 iunium

50 3849 259 3919 ingrederentur
270 3857 297 3900 et
306 3865 420 3919 pugnam
436 3856 618 3902 consererent.
640 3854 666 3898 at
678 3861 771 3898 rursus
781 3848 826 3914 qui
837 3847 902 3911 ripis
912 3844 1054 3908 instabant,
1067 3843 1153 3897 Grae-

52 3938 98 3975 cos
118 3921 248 3988 petebant
266 3921 361 3973 iaculis
382 3930 408 3972 et
426 3921 504 3973 valde
523 3918 592 3970 male
608 3917 756 3983 tractabant
777 3924 803 3966 ct
820 3924 897 3983 terga
911 3924 1049 3968 verterent
1067 3929 1152 3982 coge.

49 3992 125 4045 bant.
153 4000 181 4044 et
200 3992 264 4060 iuga
284 3992 354 4043 iacta
374 3993 529 4044 ceciderunt
545 3989 621 4042 multi
641 3987 812 4048 Graecorum,
832 3985 879 4036 alii
896 3995 983 4038 autern
1002 3987 1060 4038 vivi
1081 3985 1152 4050 capti

49 4072 123 4130 sunt,
139 4065 239 4118 servati
253 4072 341 4115 autern
350 4063 494 4117 Melitenen
507 4062 599 4113 urbem
614 4059 773 4127 effugerunt.
788 4064 987 4110 contemnentes
1002 4065 1091 4108 autem
1103 4055 1153 4104 hos

49 4135 158 4188 barbari
172 4144 201 4187 ut
219 4137 270 4188 iam
284 4150 378 4188 versos
404 4144 430 4187 et
449 4135 568 4186 artificiis
592 4130 659 4184 belli
682 4129 819 4193 devictos,
839 4141 947 4194 prorsus
967 4127 1153 4180 excursionem

50 4208 155 4261 iaciunt
173 4223 259 4276 usque
275 4208 308 4260 ad
321 4206 488 4272 Caesaream,
509 4204 657 4273 spoliantes
671 4201 760 4254 omnia
777 4207 804 4251 et
820 4200 999 4265 destruentes,
1018 4206 1046 4249 et
1061 4197 1153 4266 ignem

925 4294 929 4315 Ι
