2875 4734
582 210 792 282 ursionis.
1165 202 1236 294 ’τοι

138 393 194 445 νας
217 365 347 446 ίδόντας
368 365 429 446 τὰς
447 373 507 437 τῶν
526 371 695 451 Ῥωμαίων
719 370 886 459 φάλαγγας
909 372 1047 451 ε’ντόξει
1067 371 1123 439 καί
1134 375 1242 462 κόσμηι

138 468 195 554 καί
210 473 368 560 πολεμικῷ
391 473 629 558 παραστήματι.
672 477 728 540 καί
756 471 786 538 υἱ
816 477 875 556 μὲν
904 470 1062 560 προῄεσαν
1090 476 1135 552 είς
1163 478 1241 540 ταῦ-

136 569 241 650 πίσω,
272 565 289 632 ό
312 571 347 634 δέ
367 569 518 652 βασιλεός
545 572 679 639 κατόπιν
703 575 808 642 αότοόν
832 572 1033 658 πανστρατιᾷ
1058 576 1236 655 ἐπεδίωκεν,

135 668 194 746 έως
226 665 291 756 cipe
323 672 410 756 δειλη
442 672 522 754 ὀψία
552 676 736 759 κατέλαβεν.
791 678 862 742 έπεί
890 671 958 737 δ’ό
988 673 1143 756 βασιλεῦς
1165 675 1240 751 τοὺς

109 773 417 854 εόντιτεταγμένους
440 776 495 838 καί
511 777 800 855 α’ντιπολεμυόντας
822 769 882 840 ocia
895 770 971 858 εἶχε,
990 772 1047 856 τήν
1061 777 1097 838 δὲ
1112 798 1239 856 παρεμ-

133 869 243 955 βολήν,
261 873 461 960 ἐψιλωμένην
486 880 691 958 στρατιωτῶν
727 879 782 942 καί
811 879 1042 962 πεζυφυλόκων
1070 878 1240 959 ἐγίνωσκε,

133 969 201 1053 διό,
219 970 254 1036 τό
299 975 377 1057 μηδ’
405 977 553 1058 εόπορεῖν
582 975 693 1042 ἱκανοῦ
725 976 867 1062 πλήθους
898 970 977 1042 α’έστε
999 978 1055 1041 καί
1087 978 1239 1060 παρατό-
1330 1047 1334 1050 ,

132 1077 197 1150 ξεις
220 1075 360 1138 ἐνταῦθα
391 1083 590 1159 καταλιπεῖν,
618 1069 679 1163 ήδη
714 1082 1026 1162 προεξαντληθέντων
1057 1081 1121 1143 τιόν
1150 1081 1238 1142 πλεί-

132 1197 232 1254 στων,
266 1171 309 1247 cic
332 1175 589 1260 προδιειληπται,
610 1177 688 1263 ἔγνω
709 1177 754 1262 μή
780 1185 886 1242 πλεῖον
908 1181 1062 1243 έπιτεῖναι
1082 1176 1138 1262 τήν
1160 1168 1239 1243 δίω-

89 1280 202 1357 1οξιν,
224 1273 341 1359 ἵναμή
367 1274 460 1359 λόχον
493 1279 696 1364 πεποιηκότες
721 1281 751 1343 οἱ
776 1283 912 1364 Τυῦρκυι
937 1279 1112 1370 α’φυλόκτηι
1138 1277 1236 1368 ταύτῃ
1257 1325 1261 1329 -

134 1374 324 1459 έπίθωνται,
359 1377 415 1439 καί
451 1372 519 1458 ἅμα
557 1382 739 1445 διασκοπῶν
771 1375 815 1455 οἷς
846 1381 877 1444 εἶ
913 1387 1020 1444 πλεῖον
1054 1385 1237 1462 ε’κμακρυν·

133 1476 222 1558 θείη,
252 1476 470 1558 καταλήψεται
491 1481 597 1544 τοῦτον
620 1485 653 1546 ἐν
679 1483 717 1566 τῇ
744 1480 888 1567 ε’πανόδηι
911 1475 930 1561 ή
955 1481 1029 1558 viu,
1061 1484 1116 1543 καί
1147 1505 1238 1564 τηνι-

134 1579 234 1640 καῦτα
263 1573 292 1640 οἱ
324 1578 460 1661 Τυῦρκυι
497 1583 708 1662 παλίντροπον
742 1578 881 1663 θήσουσι
918 1578 975 1663 τήν
1011 1581 1134 1671 φυγήν,
1163 1579 1239 1668 ἕκη-
1324 1628 1327 1649 ι

133 1677 223 1758 βόλυι
247 1676 466 1760 τυγχάνοντες.
516 1679 569 1744 διαὶ
601 1685 702 1747 ταῦτα
737 1683 792 1745 καί
821 1677 877 1764 τήν
906 1680 1076 1764 βασιλικήν
1098 1689 1239 1766 σημαίαν

89 1801 123 1854 15
134 1780 329 1860 ἐπιστρέψας
359 1776 472 1843 νόστου
503 1781 738 1864 ἐπιμνησθῆναι
767 1779 958 1864 διήγγελλεν.
1003 1779 1034 1846 οἱ
1060 1785 1096 1846 δὲ
1128 1779 1238 1866 πόρρω

136 1876 194 1953 τὰς
225 1879 390 1964 φάλαγγας
430 1875 554 1962 ἔχοντες
595 1883 818 1965 στρατιῶται,
855 1876 910 1962 τήν
949 1874 1152 1966 ἐπιστροφήν
1182 1885 1238 1963 τής

133 1980 301 2061 βασιλικής
323 1983 463 2061 σημαίας
485 1979 617 2056 ἰδόντες,
641 1977 794 2069 ᾠήθησαν
816 1974 895 2066 ήττη
917 1977 1125 2061 τὸνβασιλέα
1147 2004 1237 2063 περι·

136 2087 253 2143 πεσεῖν.
298 2077 342 2155 ὥς
363 2080 390 2143 δ’
413 2078 442 2144 οῖ
465 2081 866 2166 πολλοίπληροφυροῦσιν,
888 2075 1021 2145 ὅτιτῶν
1045 2079 1237 2166 έφεδρευόν-

136 2203 199 2244 των
219 2179 308 2268 αὐτῷ
328 2203 388 2260 τις,
408 2176 583 2265 ἐξάδελφος
603 2174 648 2245 ιόν
670 2185 713 2268 aqi
734 2183 791 2246 τοῦ
811 2185 968 2262 βασιλέως
995 2186 1137 2266 πρυγονηλ
1164 2188 1239 2248 Μι-

89 2302 126 2358 20
135 2281 230 2364 χαήλ,
252 2285 564 2366 πρυβεβυυλευμένην
579 2278 661 2362 έχων
677 2281 733 2364 τήν
755 2280 834 2345 κατὰ
850 2282 966 2346 τούτου
978 2279 1160 2368 ἐπιβουλήν,
1176 2283 1238 2346 αό-

138 2372 270 2457 τόςτὸν
289 2385 430 2448 τοιοῦτον
452 2379 544 2463 λόγον
565 2389 629 2456 τοῖς
651 2377 862 2466 στρατιώταις
887 2383 1055 2465 διέσπειρε,
1078 2385 1131 2448 καί
1151 2383 1236 2465 ταχό

135 2479 209 2556 τούς
231 2484 363 2559 οίκείυυς
385 2478 555 2565 α’ναλαβιόν
580 2483 826 2565 (ε’μπεπίστευτσ
846 2480 907 2568 γόρ
929 2477 1018 2565 παραὶ
1041 2484 1097 2566 τῆς
1109 2484 1165 2548 τοῦ
1175 2487 1239 2564 βα-

135 2584 248 2658 σιλέως
269 2584 504 2666 καλοκαγαθίας
535 2575 572 2646 ori
600 2582 715 2668 μικρόν
745 2608 777 2648 τι
803 2587 899 2670 μέρος
929 2586 1025 2669 λαοῦ)
1065 2584 1171 2671 φυγὰς
1193 2588 1239 2668 είς

136 2863 248 2931 langes,
267 2874 332 2930 ques
350 2861 409 2913 scie
427 2861 556 2915 instructa
575 2871 602 2915 et
619 2863 764 2916 secundum
783 2864 890 2916 ordines
917 2870 944 2915 et
961 2862 1127 2931 disciplinam
1146 2864 1236 2918 collo.

138 2943 210 2986 catas
230 2942 257 2985 et
273 2933 376 2986 bellico
395 2949 453 2986 cum
473 2934 564 2987 babitu
583 2935 718 2988 videbant.
756 2941 836 3002 atque
855 2934 947 2986 hostes
966 2935 1071 3002 quidem
1089 2950 1169 3002 porro
1188 2953 1236 2989 rc.

138 3007 224 3078 gressi
241 3013 311 3070 sunt,
330 3021 378 3058 rex
397 3021 464 3058 vero
485 3007 606 3058 omnibus
626 3022 684 3056 eum
706 3006 792 3069 copiis
815 3016 861 3054 eos
879 3012 987 3056 secutus
1010 3013 1060 3067 est,
1079 3006 1236 3059 doncere-

138 3093 199 3145 sper
218 3079 332 3130 adesset.
372 3094 430 3130 cum
448 3086 535 3129 autern
553 3091 603 3128 rex
627 3075 678 3125 sihi
697 3074 835 3139 oppositos
856 3081 883 3124 et
902 3076 1060 3125 resistentes
1077 3089 1132 3125 non
1150 3075 1236 3126 babe-

137 3157 189 3212 ret,
209 3157 294 3201 castra
312 3158 399 3201 autem
416 3149 515 3199 nudata
532 3144 661 3196 militibus
681 3143 870 3211 peditibusque
888 3143 1062 3211 vigilantibus
1084 3159 1235 3213 cognosce-

136 3229 193 3272 ret:
219 3223 281 3289 quia
301 3219 438 3273 nonsatis
458 3231 548 3268 secum
567 3214 659 3266 habuit
678 3215 833 3280 copiarum,
858 3216 895 3266 ita
917 3223 947 3266 nt
972 3216 1051 3268 etism
1070 3217 1177 3271 ordines
1197 3217 1236 3268 ibi

137 3291 305 3360 relinqueret
322 3288 475 3354 defatigatis
494 3287 545 3337 iam
565 3293 684 3352 utsupra
703 3284 800 3337 dictum
813 3284 960 3354 plerisque,
980 3289 1072 3340 statuit
1089 3303 1142 3340 non
1161 3288 1235 3341 ulte.

136 3365 193 3415 rins
216 3379 262 3416 eos
280 3361 417 3430 persequi,
436 3372 471 3408 ne
489 3357 589 3408 Tuscae
607 3357 711 3410 insidiis
740 3357 818 3411 factis
843 3366 930 3410 cestra
947 3375 963 3411 a
981 3361 1123 3426 praesidiis
1141 3360 1236 3412 relicta

137 3435 358 3504 aggrederentur,
377 3427 509 3497 simulque
530 3430 669 3497 cogitans,
687 3438 794 3481 noctem
819 3444 848 3482 se
865 3433 1021 3483 'redeuntem
1048 3441 1235 3498 occupaturam

137 3521 217 3568 esse,
244 3505 267 3555 si
297 3501 410 3553 ulterius
432 3501 502 3553 riam
521 3501 678 3553 extenderet
709 3510 736 3554 et
753 3501 849 3554 'lurcos
876 3503 973 3570 efugu
990 3517 1161 3569 regressuros
1180 3510 1235 3553 tum

138 3593 214 3639 esse,
244 3575 344 3640 quippe
369 3573 414 3639 qui
434 3570 497 3624 telis
521 3569 591 3623 bene
622 3581 768 3625 uterentur.
816 3573 986 3643 quamobrem
1005 3574 1109 3640 regium
1130 3574 1235 3640 signnm

136 3653 277 3700 revertens
302 3645 402 3696 reditus
433 3645 585 3696 meminisse
616 3659 707 3696 ornnes
733 3645 818 3698 iussit.
869 3646 914 3712 qui
949 3659 1014 3695 vero
1039 3643 1152 3695 ulterius
1177 3644 1236 3694 acie

137 3720 247 3771 aberant
271 3714 399 3780 milites‚‘
414 3716 516 3784 regium
541 3716 645 3782 signum
671 3725 743 3768 retro
772 3729 879 3768 versum
908 3715 1048 3778 videntes,
1076 3715 1103 3766 in
1133 3714 1236 3767 cladem

136 3805 229 3858 regem
248 3787 375 3838 incidisse
395 3795 537 3854 putarunt:
561 3795 591 3837 ut
610 3795 695 3838 autern
715 3787 839 3854 plerique
867 3800 1022 3852 persuasum
1040 3784 1147 3852 babent,
1167 3787 1235 3839 insi-

137 3861 264 3915 diantium
284 3860 309 3908 ei
325 3857 432 3925 uliquis,
451 3857 590 3911 blichaelis
609 3860 682 3925 regis
694 3859 814 3924 percutis
833 3873 867 3907 ex
888 3857 969 3908 lratre
988 3855 1069 3922 lilius,
1089 3867 1167 3910 antea
1185 3859 1236 3909 iam

136 3932 246 3984 molitus
266 3929 328 3980 huie
346 3929 464 3993 insidias,
484 3930 543 3996 ipse
564 3926 644 3979 talem
664 3929 759 3980 lamam
773 3943 821 3994 per
841 3927 941 3979 milites
960 3926 1120 3997 divulgarit,
1140 3937 1168 3980 et
1188 3943 1236 3978 ce-

138 4003 232 4056 leriter
250 4001 304 4056 suis
325 4001 441 4067 receptis
461 4001 577 4068 (credita
598 4001 745 4050 enimerat
773 4000 798 4049 ci
818 3998 887 4051 haud
908 4000 992 4066 parva
1009 4001 1122 4052 militum
1141 4014 1202 4065 pers
1220 4013 1237 4048 a

136 4077 210 4144 regis
229 4075 381 4142 maiestate)
402 4072 531 4140 fugitivus
550 4073 578 4121 in
598 4065 683 4122 cestra
695 4071 789 4122 rediit:
808 4069 878 4121 hunc
892 4079 979 4124 autem
992 4073 1086 4123 imitati
1106 4070 1151 4137 qui
1170 4084 1236 4135 pro-

137 4148 197 4214 pius
215 4147 349 4200 adstarent
368 4144 473 4195 ordines
500 4143 533 4196 ed
551 4157 631 4194 unum
656 4157 748 4196 omnes
767 4141 855 4210 lugam
880 4145 939 4196 sine
959 4157 1049 4212 pugne
1067 4140 1236 4208 accipiebant

217 4241 299 4296 llicit.
319 4239 401 4295 Attal.
422 4240 489 4291 lla‘st.
1009 4239 1057 4296 11,
