2875 4734
160 311 164 317 ’
208 334 281 415 rod
372 357 380 364 “
505 343 733 416 κιοιιλαιισ
754 343 1012 416 sirmiense

201 517 284 600 μετὰ
306 523 364 584 τοῦ
394 514 541 596 συνόντος
564 519 665 584 edroi
688 521 843 605 πραγονοό
867 523 925 584 roi
945 523 1158 606 Ἀνδρονίκου,
1182 518 1220 589 όν
1240 526 1304 589 ου’-

203 643 259 695 τος
277 624 412 702 βασιλέα
434 619 662 706 χειροτονήσας
682 621 725 696 ὥς
746 622 899 705 ἐνέχυρον
928 614 950 704 ή
969 623 1187 708 συστράτηγον
1209 620 1305 709 εἶχεν,

203 711 224 802 ή
245 719 340 786 τόπον
362 721 611 807 άντιυηκάσοντα
632 721 759 805 τούτου,
780 718 826 785 ἐἴ
843 749 886 811 πη
908 722 1058 796 πολλάκις
1080 722 1231 810 παρήκων
1251 731 1308 792 καί

202 815 331 907 όπλίτης
350 819 568 905 ἐπιτιθέμενος
595 831 660 898 τοῖς
681 825 809 907 όχθροῖς
832 823 960 905 καιρίαν
993 822 1035 899 ὥς
1057 817 1226 908 ἅνθρωπος
1249 831 1305 892 δὲ-

202 928 295 1003 ξοιτο.
342 921 439 1000 αότός
460 926 495 989 δὲ
508 925 587 1004 μετά
606 920 709 1020 πάσης
728 912 784 1006 τής
803 927 902 989 ἵππου
918 927 1107 989 κατεδίωκον
1126 924 1226 992 όπιόω
1241 934 1329 997 τάν5

202 1017 361 1094 censui.
405 1027 460 1090 καί
481 1023 534 1089 διά
557 1029 681 1089 πολλῶν
702 1025 911 1110 ὑψηλοτάτων
931 1029 1055 1106 βουνόν
1075 1020 1138 1090 δάν
1160 1030 1215 1109 τῆς
1240 1034 1303 1094 Te·
1336 1011 1340 1020 ⁸

203 1126 319 1212 φρικής
344 1127 568 1210 διερχόμενος,
600 1126 656 1190 καί
684 1135 749 1201 τοῖς
779 1128 909 1209 ἐχθροῖς
937 1128 1123 1208 ἐπιτεθῆναι
1154 1127 1236 1192 κατά
1266 1131 1302 1194 τό

181 1221 370 1309 ’ἐγκάροιον
406 1224 612 1310 ἑπαγόμενος,
632 1223 716 1291 οότω
753 1225 807 1291 τόν
829 1223 966 1309 στρατόν
994 1226 1226 1311 κατειργάσατο
1247 1230 1302 1313 ὥς,

180 1323 182 1332 ’
203 1329 304 1390 καίτοι
328 1329 391 1390 τάν
412 1325 540 1411 ἐχθράν
561 1326 688 1412 ἔγγιστα
710 1322 930 1410 τυγχανόντων
959 1328 1016 1389 κατ’
1035 1329 1220 1394 θεαθέντων
1241 1332 1304 1394 αό-

202 1431 288 1506 τοδς,
310 1424 354 1511 μή
388 1425 550 1494 δύνασθαι
578 1435 644 1504 τοῖς
666 1432 741 1513 περί
760 1423 858 1491 αότόν
889 1429 1136 1510 τυχυδρομήσαι
1159 1429 1211 1493 διά
1238 1435 1303 1496 τάν
1314 1457 1347 1508 10

202 1527 306 1592 ἳππων
323 1525 387 1615 {xci
417 1527 543 1613 μνήμης
574 1523 661 1608 ἄξιον
694 1524 888 1610 κατόρθωμα
920 1528 1171 1610 διαπράξασθαι.
1215 1524 1302 1611 ὅμως

200 1631 308 1708 μέντοι
329 1631 372 1714 τῷ
392 1629 535 1717 άδοκήτρι
557 1626 817 1713 τοῦπράγματος
832 1631 1106 1692 καταοιισθόντων
1125 1630 1188 1694 τοόν
1210 1633 1303 1696 όυαν-

198 1731 289 1810 τίων,
326 1731 383 1792 καί
403 1731 443 1816 τῇ
465 1729 555 1819 φήμη
589 1734 643 1814 τῆς
665 1731 719 1794 τοῦ
754 1732 911 1810 βασιλέως
942 1729 1127 1804 ἐπιστασίας
1161 1731 1304 1814 ἰσχυράς

199 1826 483 1915 όπιναρκησάντων,
498 1828 595 1905 πολός
613 1831 672 1912 μὲν
685 1826 782 1914 φόνος
803 1824 922 1892 τοότων
941 1830 1062 1910 ἐγένετο
1079 1830 1195 1894 αὐτίκα
1217 1835 1304 1895 κάτα

199 1928 385 1993 δεδωκότων
415 1932 470 1995 καί
495 1928 575 2016 πρός
597 1929 701 2016 φυγήν
734 1925 949 2020 ὁρμησάντων.
993 1921 1063 1992 όοοι
1085 1931 1121 1994 δὲ
1141 1933 1198 1994 καί
1219 1934 1347 2014 Cur-15

200 2028 273 2118 ρείρ
305 2025 469 2112 ἑάλωσαν,
501 2032 595 2097 ου’δὲν
623 2031 790 2095 άπάνανδο
817 2031 874 2111 τής
910 2027 995 2105 ἰδίας
1027 2031 1118 2114 ζωῆς,
1137 2029 1302 2115 μαχαίρας

146 2190 154 2216 Ι.
197 2127 289 2212 ἔργον
308 2129 477 2212 γενόμενοι.
534 2130 554 2217 ἦ
584 2135 695 2214 μέντοι
728 2133 797 2195 λεία
820 2134 925 2210 πᾶσα,
958 2130 1018 2192 άπό
1044 2125 1220 2211 άνθριόπου
1242 2132 1303 2204 ἕως

197 2231 337 2316 κτήνους,
358 2235 615 2317 όλευθιρωθοΐσα
638 2232 846 2314 τὸνβασιλέα
868 2229 922 2293 καί
942 2227 1068 2317 γλάσση
1082 2233 1138 2294 καί
1155 2231 1301 2310 θαόματι

200 2332 418 2418 ἐπευφήμησε.
469 2336 524 2398 καί
557 2333 619 2417 γάρ
656 2329 845 2413 θαυμαστόν
875 2334 926 2417 ,τῷ
962 2322 1030 2395 όντι
1060 2335 1113 2395 καί
1142 2327 1303 2424 άξιόλογον

198 2434 333 2517 γέγονεν,
367 2435 419 2498 ἵνα
444 2431 597 2516 βασιλεάς
619 2433 788 2515 Ῥωμαίων
817 2432 964 2514 άκρατάς
994 2430 1090 2517 διάκη
1117 2436 1216 2515 χωρίς
1246 2433 1301 2514 τῆς
1311 2457 1348 2511 20

173 2527 176 2532 ’
200 2532 318 2609 οἰκείας
340 2534 530 2618 άποοκουής,
549 2532 629 2616 μοτά
649 2531 752 2615 μόνου
770 2536 825 2597 τοῦ
848 2535 931 2598 ἰδίου
955 2534 1130 2623 ὁπλιτικοῦ,
1155 2529 1209 2597 ἐπί
1225 2527 1299 2607 ὅλας
1437 2521 1438 2532 ’

199 2629 321 2718 ήμόρας
340 2631 433 2718 όκτά,
454 2634 508 2701 διά
528 2633 633 2702 τόπων
655 2635 782 2719 άδήλων
795 2657 829 2698 το
850 2637 906 2698 καί
919 2634 1059 2716 άβάτοον,
1077 2631 1134 2698 καί
1146 2630 1191 2718 μή
1216 2635 1300 2696 άτιο-

199 2728 282 2822 τάχη
304 2737 361 2818 τής
383 2733 540 2822 ἐπιβολῆς.

272 2924 296 2976 1.
318 2869 415 2998 crispi?

128 3125 133 3134 “
202 3129 261 3168 cum
282 3114 339 3166 eius
358 3113 501 3183 privigno,
521 3115 566 3183 qui
587 3115 696 3180 aderat,
714 3113 885 3179 Andronico,
913 3128 991 3181 quem
1010 3111 1116 3180 quidem
1131 3111 1191 3178 ipse
1208 3125 1302 3179 regem

201 3201 294 3238 creans
313 3193 343 3236 ut
362 3187 459 3254 pignus
486 3195 531 3238 aut
559 3188 664 3254 imperii
690 3188 791 3239 socium
818 3185 934 3237 habebat
959 3193 1005 3236 aut
1022 3191 1194 3251 aequaturum
1212 3183 1302 3234 locum

201 3258 280 3308 huius
306 3258 329 3306 si
356 3272 408 3324 qua
436 3271 518 3324 saepe
541 3257 673 3310 accedens
693 3266 720 3317 et
739 3274 797 3310 curu
815 3259 891 3328 gravi
910 3265 1042 3308 armatura
1060 3256 1161 3307 instans
1180 3254 1301 3306 hostibus

178 3334 181 3344 '
203 3327 299 3380 vulnus
325 3327 461 3380 letiferum
478 3337 507 3380 ut
533 3330 612 3381 homo
641 3331 786 3396 acciperet.
833 3331 893 3396 ipse
919 3337 1007 3380 autem
1026 3343 1084 3378 cum
1105 3334 1162 3377 toto
1183 3327 1302 3394 equitatu

202 3398 415 3466 persequebatur
434 3400 526 3452 hostes
545 3409 573 3452 et
590 3417 639 3468 per
660 3401 759 3453 multos
779 3401 923 3454 altissimos
942 3400 1027 3452 colles
1046 3405 1136 3450 terrae
1155 3397 1303 3464 Tephricae

201 3472 365 3537 perveniens
391 3480 418 3523 et
444 3471 563 3524 hostibus
589 3474 690 3524 instare
720 3487 754 3522 ex
781 3472 892 3540 obliquo
917 3472 1081 3522 contendeus
1099 3471 1136 3520 ita
1155 3466 1320 3520 exercitum'
1360 3466 1368 3480 ⁸

200 3542 324 3610 perfecit,
344 3549 374 3594 ut
392 3557 548 3611 quamquam
567 3542 660 3594 hostes
680 3543 793 3608 proximi
812 3552 903 3596 essent
923 3550 951 3594 et
967 3543 1000 3594 ub
1019 3543 1053 3593 iis
1073 3542 1302 3607 conspicerentur,

199 3623 288 3666 tamen
307 3629 361 3664 non
380 3622 494 3682 possent
512 3615 570 3665 eius
589 3613 718 3671 militibus
738 3629 786 3679 per
806 3631 888 3683 equos
908 3613 1035 3666 celeriter
1067 3628 1174 3665 currere
1194 3620 1220 3661 ct
1241 3626 1301 3660 mc.

200 3688 284 3736 moria
316 3686 424 3752 dignum
452 3686 550 3737 iactum
576 3701 675 3753 agere:
705 3693 821 3736 atmmcn
848 3702 907 3736 cum
925 3687 1111 3752 inexspectata
1129 3700 1158 3734 re
1179 3684 1302 3734 concussi

204 3763 294 3807 esseut
317 3755 409 3808 hostes
435 3764 461 3807 et
480 3757 548 3808 lama
577 3757 690 3822 impetus
719 3759 793 3824 regis
812 3757 890 3809 valde
908 3757 1067 3821 horrerent,
1093 3770 1189 3822 magua
1208 3755 1304 3804 caedes

201 3827 295 3876 horum
316 3825 452 3892 luctuosi,
472 3843 531 3878 cum
551 3829 638 3880 statim
657 3836 732 3896 terga
752 3829 889 3882 dedissent
908 3830 980 3893 etin
1000 3829 1090 3896 lugam
1109 3843 1138 3877 se
1149 3820 1303 3888 uertissent,

199 3911 253 3948 uon
274 3909 350 3946 usum
369 3898 520 3949 habuerunt
537 3915 602 3952 suae
620 3900 703 3963 vitae,
724 3899 806 3967 gladii
826 3915 893 3966 opus
913 3900 993 3950 iacti:
1013 3896 1305 3966 praedaautcnromnis

200 3970 233 4019 ab
257 3967 365 4018 homine
384 3984 468 4036 usque
487 3971 518 4019 ad
538 3970 665 4036 pecudem
685 3971 797 4022 liberata
816 3987 907 4038 regern
927 3981 954 4021 et
973 3972 1064 4038 lingna
1090 3978 1115 4018 et
1131 3967 1305 4018 admiratione

205 4039 372 4092 celebravit:
393 4041 489 4089 etenim
508 4041 664 4092 admirabile
684 4043 806 4108 prolecto
829 4052 855 4093 ct
881 4043 1053 4092 cremor-abile
1083 4041 1140 4103 suit,
1168 4038 1237 4105 quod
1256 4053 1306 4088 rex

206 4112 369 4162 Graecorum
389 4111 585 4161 incontinenter
607 4117 821 4177 persecutionem
848 4116 1001 4190 cnseqpitur
1026 4115 1084 4165 siue
1112 4110 1228 4178 propriis
1252 4110 1304 4166 iru-¹

205 4181 365 4248 pedimentis
394 4196 453 4234 curu
479 4181 538 4233 sola
565 4197 612 4234 sua
631 4187 722 4251 gravis
741 4195 893 4236 aruruturae
913 4198 992 4238 mauu
1011 4193 1081 4236 totos
1101 4178 1157 4235 dies
1177 4187 1238 4231 octo
1257 4194 1306 4246 per

204 4251 267 4305 loca
285 4255 377 4320 ignota
396 4259 423 4304 et
441 4253 516 4308 iuria
535 4269 624 4323 neque
641 4255 741 4307 excidit
757 4257 905 4324 proposito.
1094 4284 1109 4314 s
