2875 4734
582 225 791 296 maronis.
1184 217 1233 292 99

127 393 293 478 Ῥωμαίων
314 397 410 483 α’ρχῇ.
454 398 523 462 ἐπεί
544 398 579 463 δὲ
600 401 655 462 καί
679 397 695 460 ὅ
717 396 834 471 σκοπὸς
856 398 913 462 τού
925 395 1041 480 α’νδρὸς
1056 395 1094 458 ού
1115 401 1237 480 φιλαυ-

132 501 200 572 τίας
223 495 302 560 sitta·
339 499 552 583 φιλαδελφίας
583 494 637 562 καί
669 502 891 584 φιλευσεβείας
914 493 984 571 ὅλος
1005 488 1052 580 ήν,
1078 496 1120 571 ούς
1141 498 1238 581 προί-

135 621 255 683 φαμεν,
279 601 524 682 περιαλγούντος
544 601 600 682 τῆς
616 602 677 662 τῶν
700 598 882 682 σ’ρθοδύξων
893 597 1118 678 κακοπαθείας,
1143 598 1237 682 ε’νηρ-

132 695 217 781 γήθη
239 694 351 761 λοιπύν
380 707 443 772 τοῖς
465 699 650 780 εὐχομένοις
671 697 711 762 τά
734 700 790 781 τῆς
816 694 923 783 εύχής,
942 695 997 761 καί
1015 696 1237 779 παραστάντος

107 799 236 870 5αύτού
258 801 300 885 τῷ
321 803 476 888 βασιλικῷ
497 797 619 883 βήματι
634 805 802 885 περιέσχεν
827 797 913 876 ἔλεος
935 794 1070 882 άσχετον
1091 795 1149 880 τήν
1162 797 1238 861 Αύ-
1298 833 1308 840 -

132 900 286 981 γούστον,
317 903 371 963 καί
392 898 568 983 σταλαγμοί
586 903 735 985 δακρύων
762 901 824 964 τῶν
840 899 1013 985 βλεφάρων
1034 894 1148 981 ταύτης
1169 897 1238 973 ε’ξὲ-

134 1021 252 1062 πεσον·
301 988 339 1082 ἦν
360 997 421 1084 γάρ
443 995 458 1062 ὃ
484 998 563 1084 α’νήρ
595 1002 635 1064 ού
653 1000 750 1083 μόνον
770 1008 834 1077 τοῖς
860 991 968 1074 άλλοις
989 987 1237 1081 πλεονεκτήμασι

134 1103 307 1182 προτεριύν,
329 1095 409 1162 άλλά
432 1103 486 1162 καί
505 1105 666 1183 θεαθῆναι
689 1099 890 1165 παντάπασιν
909 1095 1058 1182 ἥδιστος,
1081 1095 1236 1181 ἐπιμήκης

133 1220 166 1262 τε
190 1200 246 1262 καί
262 1200 400 1282 στέρνων
421 1202 476 1264 καί
497 1196 601 1265 νύτων
619 1205 653 1266 ἑν
676 1204 762 1287 καλῷ
782 1199 1019 1286 καθορώμενος,
1040 1189 1094 1265 καί
1113 1201 1237 1281 εύγενές

90 1312 124 1365 10
133 1324 165 1364 τι
188 1303 288 1364 πνδων
311 1298 353 1376 ούς
376 1294 505 1384 άληθιύς
526 1301 581 1364 καί
601 1305 756 1386 διογενές,
785 1299 995 1386 εύύφθαλμύς
1016 1326 1049 1366 τε
1081 1299 1168 1384 εἴπερ
1188 1322 1236 1374 τις

133 1393 244 1481 ἄλλος,
266 1405 320 1466 καί
345 1403 458 1476 κάλλος
481 1403 679 1486 α’ποστίλβων
708 1411 775 1478 τοῖς
797 1405 989 1487 ὀφθαλμοῖς,
1009 1403 1086 1484 μήτ’
1107 1402 1237 1484 άκριβὲς

132 1502 166 1566 τύ
195 1500 306 1565 λευκὸν
338 1501 420 1584 μήτε
452 1502 487 1567 τὸ
521 1504 621 1583 μέλαν
652 1504 828 1582 άποσώζων
859 1501 1010 1577 ὦσαύτως
1034 1503 1101 1565 ἀλλ’
1129 1499 1235 1582 ὥσπερ

133 1608 443 1686 συγκεκερασμένον.
467 1651 474 1666 .
498 1651 505 1668 .
527 1607 564 1692 τῇ
588 1606 778 1692 δημιουργίρι
808 1606 847 1690 τῇ
867 1601 965 1688 φύσει
987 1603 1042 1668 καί
1061 1627 1237 1688 συγκεκρα-

133 1707 228 1783 μένον
251 1707 294 1792 τῷ
316 1702 509 1788 ἐρυθήματι,
529 1708 587 1770 κάν
607 1702 731 1778 τούτοις
751 1699 850 1768 άπασι
873 1705 931 1788 τήν
946 1701 1123 1789 γλυκύτητα
1143 1726 1237 1788 περι-

89 1807 272 1872 rodicauso
296 1801 389 1887 ἔχων,
409 1809 464 1870 καί
484 1797 572 1883 άξιον
593 1801 677 1880 εἶδος
700 1805 777 1869 κατά
808 1801 863 1869 τύν
890 1803 1029 1885 κωμικὸν
1050 1807 1237 1890 τυραννίδος
1269 1857 1282 1872 .

133 1902 401 1986 ἐπιδεικνύμενος·
452 1902 496 1980 άς
519 1898 575 1971 cdo
597 1908 650 1969 καί
680 1903 700 1988 ή
723 1900 849 1970 ἓστούσα
871 1909 1022 1989 γερουσία
1043 1909 1235 1986 συνέπαθεν,

133 2000 236 2078 εύθύς
256 2003 510 2090 ἐπηκολούθησεν
538 2006 558 2090 ἦ
580 2005 776 2090 συμπάθεια,
806 2007 861 2069 καί
880 2009 1071 2090 περισωθείς
1091 2011 1150 2070 τού
1167 2033 1237 2072 κιν-

135 2101 232 2170 δύνου
259 2109 315 2172 καί
338 2109 511 2188 βασιλικῶν
544 2103 701 2185 α’ξιύσεων
728 2103 840 2193 ἔτυχε,
869 2105 924 2172 κατ’
951 2110 1127 2182 α’πολυθείς
1148 2109 1236 2195 παρὰ

134 2202 258 2273 πάντων
280 2204 441 2290 η’σπάζετύ
463 2233 495 2273 τε
520 2207 576 2274 καί
593 2209 767 2294 εύφημεῖτο
787 2207 843 2272 καί
856 2207 946 2293 ἔργον
968 2209 1065 2292 εύχῆς
1085 2213 1237 2292 γενέσθαι

88 2309 323 2394 κῡκατήριουσε,
357 2311 412 2372 καί
434 2309 492 2392 τήν
513 2311 614 2375 αύτού
635 2308 795 2392 σωτηρίαν
828 2310 914 2372 ἰδίαν
936 2297 1077 2388 ε’νύβιζεν
1099 2308 1236 2384 ἕκαστος.

135 2404 226 2487 ε’ξιιύν
254 2401 309 2473 oie
330 2412 374 2485 εἰς
398 2412 644 2496 Καππαδοκῶν,
682 2411 715 2486 ἐξ
742 2400 781 2492 ἧς
806 2406 863 2493 τήν
889 2403 994 2491 άρχήν
1013 2410 1069 2492 τῆς
1088 2415 1237 2492 γενέσεως

134 2505 259 2595 ἔσχηκε,
280 2508 377 2575 πάλιν
388 2515 630 2598 μεταπεμφθείς
643 2512 688 2586 εἰς
701 2510 759 2595 τήν
779 2510 1017 2594 βασιλεύουσαν
1039 2506 1236 2595 εἰσελήλυθε,

136 2611 195 2674 κάν
214 2617 280 2687 τοϊς
297 2616 470 2695 γενεθλίοις
489 2616 548 2676 τού
573 2614 719 2706 Χριστού
738 2608 915 2697 μάγιστρος
938 2616 994 2677 καί
1015 2604 1235 2698 στρατηλάτης

210 2799 233 2849 1.
253 2799 355 2872 μέλλον
375 2797 412 2852 G:
431 2799 549 2851 correxit
566 2798 708 2852 Brunetus.

137 2971 185 3024 sed
203 2969 313 3023 fratrum
332 2974 428 3024 amoris
449 2981 475 3024 et
492 2973 599 3039 pietatis
618 2972 728 3039 plenum
749 2978 821 3024 esset
839 2977 868 3020 ut
887 2978 965 3021 antea
984 2970 1106 3032 diximus,
1125 2969 1235 3022 dolente

136 3042 216 3094 valde
238 3043 444 3096 orthodoxorum
469 3043 652 3111 aegritudine,
674 3043 798 3092 effectum
817 3042 868 3089 iam
890 3048 931 3092 est
949 3040 1120 3106 precantibus
1143 3048 1234 3090 votum

139 3123 165 3165 et
189 3113 307 3167 adstante
336 3131 367 3167 eo
396 3117 472 3182 regio
500 3115 656 3180 suggestui,
685 3112 824 3177 superavit
848 3111 1032 3161 misericordia
1056 3110 1234 3161 irresistibilis

138 3193 293 3252 augustam,
313 3194 340 3238 et
358 3185 524 3237 lacrimarum
544 3181 668 3234 humores
689 3197 723 3233 ex
741 3181 827 3233 oculis
846 3180 992 3232 cadebant:
1023 3188 1079 3232 erat
1104 3182 1174 3231 enim
1192 3182 1235 3231 vir

136 3272 191 3308 non
210 3257 296 3309 solum
316 3258 414 3308 ceteris
434 3251 575 3304 virtutibus
596 3253 718 3320 superior
729 3254 776 3304 sed
794 3254 872 3304 etiam
890 3253 922 3304 ad
942 3254 1113 3319 spectandum
1127 3254 1234 3304 omnino
1317 3293 1323 3306 .

136 3329 326 3390 suavissimus,
355 3327 452 3391 longus
472 3331 499 3373 et
516 3331 627 3390 pectore
647 3332 673 3375 et
690 3333 767 3392 tergo
787 3324 899 3391 pulchre
926 3340 1072 3391 apparens,
1099 3333 1126 3376 et
1142 3325 1236 3377 nobile

137 3400 199 3468 quid
226 3402 329 3466 spirans
351 3410 453 3447 ,revera
484 3402 511 3444 et
529 3395 661 3447 divinum:
687 3405 713 3448 et
730 3397 843 3464 pulcher
865 3396 994 3448 oculissi
1017 3399 1076 3464 quis
1101 3396 1188 3460 alius,
1209 3404 1236 3447 et

135 3469 360 3539 pulchritudinem
379 3465 521 3535 splendens
542 3465 642 3530 oculis,
662 3484 750 3535 neque
769 3477 892 3520 accurate
911 3468 999 3519 album
1017 3483 1106 3535 neque
1129 3469 1235 3535 nigrum

136 3556 247 3594 servans
268 3539 361 3588 eodem
380 3538 465 3602 modo,
485 3537 530 3588 sed
554 3539 628 3606 quasi
649 3541 818 3592 cuniunctum
836 3541 950 3592 artificio
970 3555 985 3589 a
1003 3547 1097 3590 natura
1117 3545 1144 3588 et
1164 3539 1234 3590 mix.

30 3607 41 3621 '
134 3621 190 3664 turn
215 3609 307 3660 rubori
333 3616 359 3659 et
382 3609 409 3659 in
434 3608 475 3660 his
505 3609 625 3661 omnibus
658 3613 817 3663 suavitatem
847 3611 1033 3662 circumdatam
1059 3607 1178 3672 habens,
1208 3617 1234 3660 et

135 3685 244 3750 dignum
264 3694 359 3746 corpus
379 3681 522 3731 secundum
541 3683 669 3734 comicum
690 3692 796 3750 poetam
814 3682 955 3748 tyrannide
983 3679 1135 3731 ostendens.
1176 3696 1233 3731 cum

135 3756 219 3821 igitur
239 3752 317 3802 etiarn
335 3751 440 3804 adstans
461 3759 568 3802 senatus
587 3754 785 3806 miserationem
810 3754 932 3813 sentiret,
961 3751 1048 3801 statim
1074 3760 1165 3803 secuta
1193 3757 1234 3803 est

135 3824 319 3876 misericordia
338 3831 365 3873 et
383 3831 503 3874 servatus
529 3839 543 3873 e
569 3824 690 3888 periculo
718 3833 745 3874 et
772 3826 847 3890 regia
876 3837 983 3873 munera
1008 3823 1118 3889 adeptus
1144 3832 1184 3875 est
1207 3831 1234 3872 et

135 3896 265 3948 liberatus
285 3893 317 3945 ab
337 3894 456 3945 omnibus
476 3892 640 3946 salutabatur
659 3895 859 3946 et'laudabatur
878 3903 969 3945 etrem
987 3895 1044 3946 voti
1064 3895 1160 3947 factam
1172 3908 1233 3944 esse
1326 3938 1328 3942 ,

137 3967 238 4020 audivit
261 3974 288 4016 ct
318 3967 373 4016 eius
401 3965 512 4017 salutem
540 3981 612 4017 suam
633 3957 757 4033 'quisque
784 3967 900 4032 putabat.
946 3982 1070 4034 egressus
1095 3969 1176 4034 igitur
1199 3963 1233 4014 ad

138 4037 322 4106 Cappadocum
339 4045 445 4101 terram,
465 4053 498 4088 ex
517 4052 568 4104 qua
587 4038 690 4088 initium
709 4038 817 4104 generis
845 4038 953 4103 habuit,
978 4052 1069 4090 rursus
1087 4035 1231 4088 arcessitus

137 4110 169 4162 sd
193 4111 294 4180 regiam
324 4104 433 4160 advenit
459 4119 485 4160 ot
510 4107 592 4159 nstali
620 4109 664 4160 die
689 4107 788 4161 Christi
805 4111 932 4179 magister
950 4117 976 4161 et
995 4111 1047 4163 dux
1065 4106 1230 4161 renuntiatus
