2875 4734
200 218 275 307 ‘oio
396 268 399 273 -
491 229 711 301 urcmuus
740 223 1002 297 amiciores

202 397 328 488 oiopc'stp
351 397 486 478 δυνάμει
499 395 571 473 τούς
592 396 761 477 πολεμίους
783 394 967 469 ἐλάνθανον,
987 384 1016 452 ολ
1035 388 1070 451 δὲ
1091 389 1217 472 πλείους
1238 388 1308 451 ἐνέ-

202 524 316 567 πιπτον
336 503 395 581 μὲν
427 500 548 578 ου’τοΐς,
576 494 655 580 πρὸς
685 498 721 559 δὲ
750 492 808 559 τὸν
836 495 893 557 οὖν
924 494 1060 573 βασιλέα
1093 485 1307 569 μανθάνοντες

203 601 321 678 adroic
342 602 582 684 κατεπείγεσθαι
604 601 807 679 συνεχώρουν
831 596 936 668 αυίοἴς
963 596 1018 658 καί
1039 592 1189 673 ἀβλαβεῖς
1207 588 1308 654 διετί-

203 709 295 784 θουν,
319 703 467 785 οἷβλαβοὸς
488 701 542 765 καί
558 702 671 786 φιλίως
690 694 769 780 πρὸς
782 690 840 778 τὴν
858 694 957 759 αὐτοῦ
974 691 1140 776 βασιλείαν
1159 690 1214 755 καί
1227 712 1306 776 προ·

201 807 354 891 σηχορίαν
377 801 464 886 παρὰ
488 806 594 866 πᾶσαν
613 799 819 881 α’νθρωπίνην
842 791 995 860 ὑπόνοιαν
1018 798 1226 874 διακείμενοι.
1316 803 1334 855 5

305 906 376 970 Καὶ
396 896 415 987 ἦ
438 905 496 985 μὲν
520 900 861 972 Κωνσταντινοιίπολις
883 894 939 960 καί
960 892 989 959 οἱ
1012 902 1074 960 τιόν
1100 892 1184 967 ἐκτὸς
1206 890 1307 957 ἐπιει-

204 1010 346 1093 κέστεροι
368 1000 453 1069 οὕτω
471 1003 721 1090 κραδαινομὲνας
756 997 842 1085 εἶχον
873 998 928 1074 τὰς
962 996 1080 1071 οἰκείας
1108 993 1220 1078 ψυχάς
1252 996 1309 1060 καί

204 1107 447 1179 συκνενευιιυιας
472 1101 552 1187 προς
575 1102 748 1187 τὴναῦτοιῖ
776 1102 1000 1185 ἐπικράτειαν·
1047 1096 1120 1161 ddi
1155 1091 1308 1179 βασιλευς
1346 1131 1351 1136 ·

198 1209 297 1272 ουἰλλν
319 1209 383 1271 τῶν
402 1208 499 1269 θειόον
531 1204 692 1289 κριμοὶτων
724 1202 779 1267 καί
812 1204 984 1279 (λοξοποιοῖν
1017 1204 1062 1274 εἰς
1090 1200 1164 1263 νοῦν
1192 1194 1309 1278 βαλλό.

207 1330 302 1389 μενος
325 1300 395 1371 οὕτε
417 1308 479 1371 ταῖν
501 1312 658 1370 κακίστων
680 1306 830 1389 α’πείχετο
855 1302 1008 1388 πράξεων,
1025 1301 1078 1366 καί
1096 1301 1178 1383 μήτε
1204 1296 1238 1363 td
1253 1299 1353 1363 sodli)

207 1407 322 1494 ἀνδρὸς
350 1410 475 1489 α’ξιλομα
498 1410 552 1472 καί
573 1405 684 1492 τηνὲκ
706 1402 806 1489 ’ἔργων
829 1403 925 1486 ίσχιλν
946 1405 999 1467 καί
1019 1400 1075 1486 τὴν
1096 1394 1198 1484 ἄκραν
1217 1400 1311 1481 εὐχέ-

207 1533 295 1573 νειαυ
316 1508 506 1589 αἰδούμενος
528 1499 653 1589 deseos*
673 1506 789 1571 ἐννοῶν
814 1504 963 1568 κοινωνὸν
985 1508 1039 1588 τῆς
1063 1502 1228 1585 βασιλείας
1250 1506 1310 1564 λα-

207 1617 276 1693 βεῖν
295 1599 351 1673 ’καί
369 1607 442 1681 τοὺς
463 1604 611 1690 θύραθεν
632 1606 801 1686 πολεμίους
817 1604 1125 1689 κατατροπολσασθαι
1138 1603 1179 1665 δι’
1196 1601 1310 1681 αὐτοῦ,

167 1750 173 1761 ·
209 1709 265 1774 καί
286 1716 350 1784 τοῖς
372 1707 525 1791 ὑπηκόοις
544 1705 601 1788 τὴν
623 1708 809 1790 ἐλευθερίαν
830 1702 1123 1789 περιποιήσασθαι,
1138 1700 1225 1789 οἷλλοὶ
1248 1704 1312 1765 τῶν

187 1806 362 1893 ’Τοὺρκιον
383 1803 431 1884 ὥς,
447 1807 643 1872 οἰκειοτάτων
665 1807 720 1871 καί
747 1810 862 1892 φιλίων
893 1806 1152 1887 ἀντιποιούμενος
1181 1805 1356 1885 deenen-15

161 1963 171 1975 .
210 1934 287 1975 πετο
307 1908 386 1990 πρὸς
408 1908 545 1988 αὐτούς,
566 1912 622 1972 καί
641 1905 757 1992 δώροις
780 1910 927 1993 α’μίτροις
941 1906 996 1971 καί
1008 1910 1221 1981 παντοδαπαῖς
1233 1906 1312 1969 ὕπο-

211 2012 340 2092 σχέσεσι
353 2010 546 2094 διηρεθίζετο
561 2015 628 2073 κατ’
650 2010 760 2090 αὐτοῦ,
781 2005 861 2073 ὥστε
883 2007 978 2073 παντί
996 2012 1102 2072 σθένει
1116 2008 1170 2071 καί
1182 2008 1314 2093 μηχανῇ

211 2113 492 2195 καταγωνίσασθαι
513 2115 643 2191 τοῦτον,
665 2116 721 2175 καί
748 2105 770 2196 η”
797 2110 962 2194 μαχαίρας
992 2108 1081 2193 ἔργον
1113 2108 1312 2191 ποιήσασθαι

213 2210 267 2296 εἴτ’
289 2212 494 2296 αἰχμάλωτον
515 2216 634 2278 θέσθαι
658 2217 713 2278 καί
733 2206 827 2279 ω”νιον
849 2220 914 2290 τοῖς
930 2214 1081 2295 μισοῦσιν
1093 2210 1200 2275 αὐτόν.
1242 2211 1312 2274 αλλ’

213 2312 271 2377 οὔκ
286 2306 324 2398 ἦν
343 2310 520 2397 πρὸςθεοῦ
541 2311 574 2378 τὸ
598 2317 780 2399 τηλικοῦτον
803 2307 914 2400 ἄνδρα,
934 2322 1000 2389 τοῖς
1019 2316 1192 2397 κρείττοσιν
1210 2304 1358 2395 ἔρχοιςλθ

212 2419 444 2499 κεκοσμημένον
464 2418 621 2496 ε’πιεικῶς,
644 2423 710 2491 τοῖς
733 2418 882 2501 ζητοῦσιν
906 2414 1005 2479 αὐτὸν
1034 2416 1209 2493 ἐπιθυμίας
1239 2406 1311 2474 dot-

214 2540 271 2581 κου
294 2518 500 2602 παραστῆσαι
521 2512 688 2582 ὖπόθεσιν.
734 2514 786 2581 ord
808 2521 906 2587 rodco
926 2514 981 2580 καί
1002 2524 1070 2590 ταῖς
1089 2519 1148 2595 μὲν
1171 2512 1313 2594 ὑποσχέ-

214 2639 286 2709 σεσι
308 2620 368 2683 τοῦ
386 2620 543 2703 βασιλέως
565 2616 733 2703 ἐθίλχονεο
754 2620 809 2684 καί
826 2620 1050 2715 παρεκιυρῦντο
1075 2614 1105 2681 οἱ
1131 2611 1312 2699 Τοῦρκοι,η“

284 2794 311 2851 4,
333 2814 368 2851 an
390 2797 535 2868 ευλαβιόςλ

215 2956 321 3012 demin
341 2975 397 3026 cos,
417 2962 464 3014 sed
483 2978 541 3014 cnm
560 2962 682 3015 audirent
702 2977 749 3013 eos
768 2960 801 3014 ad
822 2977 891 3025 enm,
911 2962 956 3030 qni
974 2976 1045 3013 nunc
1065 2970 1179 3025 seties,
1200 2968 1314 3013 conten.

215 3032 298 3096 dere,
324 3033 507 3086 concedebant
537 3033 589 3085 hoc
617 3036 651 3086 iis
679 3043 705 3086 et
723 3033 871 3085 incolumes
901 3034 1093 3099 disponebant,
1113 3034 1269 3086 innocenter
1289 3041 1316 3085 et

126 3110 132 3117 '
215 3105 299 3156 amice
321 3120 385 3173 erga
401 3107 458 3157 eins
476 3121 588 3173 regnum
607 3113 634 3156 et
652 3120 749 3157 nomen
767 3114 874 3172 praeter
893 3119 996 3157 omnem
1014 3106 1148 3155 hominurn
1161 3106 1314 3172 opinionem

214 3176 346 3242 dispositi.

314 3272 403 3339 mque
422 3270 668 3339 Constantinopolis
689 3273 794 3340 quidem
814 3281 841 3325 et
858 3274 928 3325 inter
941 3281 1065 3325 externos
1079 3274 1123 3341 qni
1140 3275 1224 3341 magis
1244 3281 1315 3325 stre.

215 3342 263 3394 nni
282 3350 358 3393 eraut
376 3343 412 3392 ita
441 3351 575 3408 permotos
604 3343 736 3396 habebant
754 3346 855 3397 animos
881 3352 908 3396 et
928 3345 1071 3396 adnnentes
1099 3345 1131 3396 ad
1151 3346 1207 3396 eius
1227 3346 1316 3411 impe.

215 3416 294 3465 rium.
338 3413 385 3464 sed
412 3428 460 3465 rex
487 3414 555 3465 nihil
584 3416 674 3467 divina
692 3416 790 3467 iudicia
810 3424 837 3467 et
857 3417 1004 3468 sententias
1031 3416 1241 3467 animadvertens
1260 3431 1316 3467 non

216 3485 365 3538 abstinebat
383 3485 508 3553 pessimis
525 3485 695 3538 actionibus:
720 3502 809 3554 neque
836 3488 887 3539 viri
908 3488 1062 3556 dignitatem
1083 3496 1110 3539 et
1127 3487 1221 3549 robur,
1245 3488 1317 3554 qnod

217 3558 294 3610 lactis
320 3556 499 3621 consistebat,
527 3566 554 3609 et
588 3573 712 3610 summam
737 3558 904 3609 nobilitatem
931 3559 1074 3612 verebatur
1102 3560 1317 3627 neqne'socium

179 3678 189 3693 s
217 3644 277 3681 eum
293 3630 371 3697 regni
390 3630 514 3695 accipere
543 3637 570 3680 et
589 3636 714 3680 externos
746 3630 837 3682 hostes
856 3629 960 3696 pellere
980 3646 1028 3697 per
1056 3647 1124 3695 eum,
1145 3639 1172 3681 et
1189 3631 1316 3682 subiectis

215 3700 368 3752 libertatem
396 3700 561 3764 conciliare,
587 3701 634 3751 sed
652 3700 743 3753 'luicis
764 3710 793 3753 ut
822 3700 1035 3753 familiarissimis
1055 3709 1082 3752 et
1100 3703 1191 3753 amicis
1210 3703 1317 3754 studens

216 3771 337 3824 mittebat
354 3769 460 3837 legatos
480 3774 512 3824 ad
531 3786 578 3824 eos
597 3780 624 3838 et
641 3772 717 3824 donis
738 3773 885 3824 immodicis
900 3780 926 3823 et
942 3774 1023 3824 variis
1042 3774 1180 3839 promissis
1201 3788 1248 3824 eos
1268 3788 1318 3824 ex.
1384 3812 1387 3817 c

218 3841 317 3893 citabat
341 3850 433 3894 contra
461 3843 554 3907 illum,
576 3851 605 3893 ut
630 3845 701 3894 omni
721 3845 747 3896 vi
780 3851 806 3894 et
825 3851 881 3895 erte
900 3843 971 3895 hunc
990 3842 1158 3896 debellarent
1176 3852 1254 3912 atque
1274 3850 1319 3895 aut

217 3912 300 3981 gladii
321 3928 387 3981 opus
408 3930 467 3965 enm
485 3915 629 3966 redderent
646 3922 690 3965 aut
710 3916 843 3981 captivum
857 3914 976 3966 iacerent
995 3923 1022 3967 et
1040 3915 1123 3985 vilem
1137 3916 1181 3980 iis,
1195 3916 1240 3984 qui
1259 3930 1320 3966 cum

217 3985 345 4037 odissent.
382 3986 501 4037 sednon
521 3986 649 4049 eratdei,
676 3986 755 4036 telem
775 3987 861 4037 virum
880 3985 1036 4037 melioribus
1057 3986 1133 4038 iactis
1155 3989 1218 4039 setis
1238 4002 1321 4038 orna-

218 4064 271 4108 tum
291 4058 325 4108 iis
345 4056 390 4124 qni
410 4072 469 4106 eum
488 4064 657 4122 quaererent,
684 4059 848 4109 constituere
875 4065 1057 4125 argumentum
1077 4058 1228 4125 cupiditatis
1246 4059 1322 4109 inin.

219 4134 293 4181 stae:
314 4134 458 4193 propterea
474 4126 552 4178 etiam
570 4128 708 4209 promissis
725 4128 831 4196 quidem
848 4130 922 4197 regis
932 4127 1116 4182 mulcebantur
1129 4138 1156 4183 et
1172 4129 1324 4184 moveban-

538 4248 557 4279 Ι
