2875 4734
571 300 780 369 monis.
1038 240 1043 244 ”
1156 298 1225 373 ιιι

126 468 215 527 isere
237 458 322 545 παρὰ
345 462 408 526 τοῖν
429 464 604 545 προσοίκων
625 464 689 527 sois
705 460 805 527 ἐκεῖσε
828 466 942 545 καμεῖν
965 488 998 530 τε
1021 469 1075 531 καί
1095 465 1225 534 πόλεων.

128 563 268 643 συνῆσαν
292 562 327 625 δὲ
346 558 446 648 τοότρι
470 564 525 626 καί
546 565 694 645 πρέσβεις
722 560 810 647 παρά
831 568 891 629 τοῦ
913 570 1086 631 σοσλτάνοο
1110 591 1228 653 προσε·
1238 582 1258 637 l.
1268 581 1320 637 201
1330 594 1359 635 κ.

127 663 357 747 φοδιαοθόντες
382 663 479 748 crispi.
506 713 511 717 .
799 692 804 697 ·
1105 691 1107 694 ’

230 769 352 860 Ταότης
374 770 432 841 σόν
453 783 509 864 τῆς
531 779 640 867 φήμης
656 777 804 865 αότάκοοι
828 780 882 847 καί
902 782 994 866 ἡμεῖς
1014 783 1174 868 γεγονότες
1195 790 1230 853 ἐν

100 878 117 931 5
131 878 349 961 Τραπεζοῦντι
365 880 480 962 (ἐκεῖσε
492 876 554 963 γάρ
567 884 820 966 κατηνέχθρμεν,
837 883 1018 948 διαπόντιον
1030 884 1086 969 τήν
1099 890 1231 970 πορειάν
1301 946 1307 953 s

125 979 257 1062 ποιῆσαι
280 978 486 1063 σκεψάμενοι)
511 981 678 1065 α’μὴχανσν
708 980 776 1064 άμα
794 983 860 1070 ,καί
880 977 1011 1050 άπιστον
1036 986 1072 1050 τό
1098 989 1230 1071 πρᾶγμα

126 1078 300 1162 ἡγούμεθα,
315 1078 369 1144 καί
378 1080 432 1143 διά
445 1084 537 1166 τοῦτο
550 1080 606 1166 τήν
623 1082 677 1147 διά
693 1084 859 1170 θαλάσσης
874 1084 950 1155 όδόν
962 1087 1096 1171 ἠνύομεν
1110 1090 1230 1170 άμετα-,ι

126 1180 266 1261 στρεπτό,
282 1178 434 1263 πλοιάρια
449 1182 512 1244 τῶν
525 1185 688 1263 ἐγχωρίων
699 1182 791 1247 ἱκανά
810 1186 1062 1270 μισθωσάμενοι,
1087 1194 1231 1274 συνῆσαν

126 1277 185 1361 γάρ
216 1280 271 1341 καί
302 1282 360 1362 τῆς
387 1282 555 1364 βασιλικῆς
585 1282 684 1367 αόλῆς
718 1277 832 1370 ἄνδρες
863 1290 897 1350 ἐκ
926 1290 988 1351 τῶν
1020 1288 1153 1371 προότων
1175 1294 1230 1373 τῆς
1283 1366 1288 1376 ,

84 1399 119 1452 10
128 1376 303 1461 σογκλὴτον
331 1384 469 1462 βουλῆς,
490 1375 680 1464 παραδόξως
703 1382 760 1448 τόν
791 1388 936 1451 κίνδυνον
959 1386 1231 1474 σσνόιαφσγόντες

128 1479 212 1560 ἡμῖν.
264 1481 367 1563 ἕτεροι
397 1480 433 1545 δὲ
461 1480 678 1567 κατεκόπησαν
714 1486 761 1548 ἐν’
786 1487 870 1571 adop
891 1489 934 1571 spi
967 1490 1091 1574 πολέμῳ
1113 1490 1231 1573 καὶτῷ

62 1616 70 1623 -
128 1583 270 1671 δρασμῷ,
287 1582 362 1663 μεθ’
385 1571 430 1647 οἷν
447 1579 506 1659 (καί
517 1587 613 1647 Λέων
636 1586 754 1659 ἐκεῖνος
777 1583 794 1648 ό
817 1586 953 1650 ἐπὶτῶν
977 1585 1128 1670 δεήσεων,
1149 1584 1229 1672 άνὴρ

128 1678 205 1767 λόγῳ
229 1686 284 1746 κατ’
303 1683 417 1766 ysaton
440 1686 705 1769 διαφανέστατος,
728 1685 816 1751 καλό
839 1684 1229 1772 μάγιστρσςΕόστράτιος,

128 1785 182 1847 καί
203 1786 324 1865 πρῶτος
350 1786 521 1867 α’σηκρῆιις
543 1785 826 1872 όΧοιροσφάκτης.
870 1783 952 1853 ἓάλιο
976 1789 1010 1853 δὲ
1029 1786 1084 1852 κτιό
1104 1786 1119 1853 ό
1141 1792 1231 1873 πρω-
1296 1866 1300 1877 ι

85 1895 119 1948 15
129 1887 296 1969 τοσβέστης
318 1888 488 1960 Βασιλειος
511 1881 527 1950 ό
547 1891 713 1971 Μαλόσης,
738 1888 777 1953 τά
811 1890 922 1971 πρῶτα
943 1894 1050 1974 φέρων
1071 1893 1113 1975 τῷ
1133 1894 1229 1970 βασι-

127 1990 184 2065 tat,
206 1981 242 2047 τό
262 1986 317 2047 τοῦ
341 1989 514 2069 λογοδέτοσ
544 1990 607 2052 τῶν
638 1982 765 2054 όδάτισν
794 1988 946 2076 όφφίκισν
966 1992 1227 2073 περιεζωσμένος,

127 2085 208 2174 λόγῳ
231 2082 286 2150 καί
304 2084 401 2162 αότός
417 2091 472 2152 καί
493 2092 585 2179 πείρρι
604 2092 727 2156 πολλῶν
747 2091 984 2181 όπερκεόμενος.

226 2207 340 2286 Μέχρι
369 2210 429 2285 μὲν
462 2199 518 2271 σόν
552 2205 671 2271 τούτων
697 2202 878 2293 άσόγχυτος
907 2204 982 2292 ἡμῖν
1014 2205 1030 2271 ό
1058 2209 1149 2291 λόγος
1176 2214 1232 2275 καί

128 2298 194 2370 οἷον
216 2303 466 2390 άπερικτόπητος
498 2306 552 2371 καί
573 2303 774 2394 όμαλτότερσν
791 2314 930 2390 βαίνων,
949 2306 1007 2371 κάν
1029 2311 1059 2373 εἰ
1075 2314 1128 2373 καί
1149 2311 1230 2394 αρσ-

82 2406 252 2481 λθσάντεις
274 2402 340 2487 εἶχε
363 2408 419 2471 καί
447 2405 573 2491 οἰκτράς
601 2406 659 2485 τάς
681 2408 889 2494 ε’πεξηγάσεις.
940 2406 974 2473 τό
998 2395 1033 2472 ’δ’
1055 2408 1116 2473 aiod
1138 2412 1230 2475 τοῦδε

127 2513 174 2582 τίς
201 2502 238 2571 δν
257 2510 338 2571 κατὰ
367 2510 464 2590 μέρος
495 2508 531 2571 τό
566 2512 689 2593 πλῆθος
715 2514 779 2574 τῶν
807 2510 1052 2593 ἐπισαμβόνταιν
1080 2512 1231 2594 χαλεπῶν

129 2606 324 2693 desyderium
353 2608 391 2672 σό
425 2610 601 2694 πρόσαντες
617 2598 707 2694 ’ἡμῖν
723 2609 756 2675 τό
784 2612 988 2697 προκείμενον
1007 2611 1119 2697 μόνον,
1147 2608 1228 2677 α’λλά

203 2785 244 2839 16.
261 2788 487 2862 περιεζωσμένοι
499 2788 529 2844 (ό.

128 2952 203 3020 liqna
220 2959 307 3004 autem
330 2952 471 3005 multitudo
500 2953 615 3007 collecta
635 2963 675 3007 est
694 2970 709 3005 a
728 2956 825 3007 vicinis
854 2954 969 3015 illorum,
983 2968 1112 3023 pagorum
1130 2962 1158 3006 et
1180 2972 1228 3007 ur.

127 3023 217 3075 bium:
236 3024 344 3075 aderant
361 3023 424 3077 huic
444 3027 523 3077 etiam
541 3026 635 3094 legati,
656 3042 672 3075 a
690 3026 796 3079 sultano
818 3025 843 3073 ei
862 3024 953 3075 additi.

230 3120 312 3184 Quam
337 3123 442 3188 quidem
467 3121 562 3172 lamam
580 3136 640 3171 cuin
666 3122 745 3171 etiam
772 3133 821 3173 nos
840 3119 1005 3184 Trapezunte
1025 3120 1228 3185 audivissemus,

128 3189 210 3259 (illuc
230 3194 298 3243 enim
310 3193 391 3245 delati
411 3206 524 3254 eramus,
545 3199 616 3241 trans
632 3206 705 3243 mare
724 3190 858 3257 proticisci
878 3191 981 3259 conati)
1002 3191 1060 3243 lieri
1075 3206 1128 3246 uon
1148 3206 1229 3257 posse

126 3261 206 3314 simul
226 3271 253 3314 et
269 3264 321 3315 tide
348 3277 440 3314 carere
460 3276 516 3312 rem
535 3262 704 3327 putabamus,
736 3270 815 3329 atquc
834 3271 977 3329 propterea
1001 3263 1052 3316 iter
1070 3264 1228 3316 maritimum

128 3332 329 3400 perficiebarnus
348 3335 406 3386 sine
425 3334 587 3398 mutatione,
607 3349 665 3385 cum
683 3340 773 3387 naves*
787 3334 933 3387 incolarum
952 3335 1062 3387 idoneas
1082 3338 1227 3389 conduxis-

127 3420 224 3459 semus.
268 3406 379 3458 aderant
409 3405 478 3454 enim
508 3406 586 3456 etiam
612 3422 645 3457 ex
664 3406 725 3457 aula
751 3405 827 3474 regia
847 3407 899 3459 viri
919 3406 1037 3473 primarii
1057 3408 1163 3459 consilii
1183 3409 1230 3475 qui

125 3485 236 3543 praeter
258 3491 332 3543 spem
350 3475 489 3529 nobiscum
509 3477 666 3543 'periculum
686 3479 843 3547 effugerant.
890 3478 936 3529 alii
958 3486 1045 3527 autem
1064 3479 1148 3528 occisi
1169 3485 1230 3529 sunt

127 3550 156 3599 in
176 3549 235 3612 ipso
253 3546 327 3597 bello
348 3554 375 3598 et
393 3547 465 3613 iuga,
485 3550 555 3602 inter
574 3563 640 3616 quos
660 3552 739 3603 etiam
758 3549 813 3601 Leo
829 3549 887 3612 illc,
907 3550 952 3617 qui
971 3564 987 3599 a
1005 3547 1171 3614 supplicibus
1191 3548 1229 3598 li.

128 3615 210 3671 bellis
230 3625 304 3684 erat,
324 3618 366 3669 vir
391 3620 512 3671 oratione
532 3628 559 3670 ct
577 3620 716 3687 prudentia
743 3619 953 3672 illustrissimus:
983 3627 1010 3669 et
1027 3619 1153 3685 magister
1172 3618 1229 3670 Eu.

128 3688 247 3751 stratius,
267 3696 293 3740 et
311 3691 409 3756 primus
428 3706 444 3741 a
462 3693 590 3755 secretis,
614 3691 860 3758 choerosphaotes:
889 3698 980 3754 captus
1007 3696 1047 3739 est
1073 3690 1150 3741 etiam
1171 3691 1228 3757 pri.

128 3776 186 3812 mus
211 3761 354 3813 vestiarius
378 3762 494 3814 Basilius
519 3763 650 3826 llalesas,
677 3763 854 3830 principatum
879 3762 978 3812 habens
1005 3760 1073 3826 apud
1092 3774 1183 3830 regem
1203 3768 1229 3811 et
1250 3788 1255 3809 t
1319 3764 1325 3768 '

112 3833 261 3902 »rationum
283 3848 410 3899 aquarum
436 3835 609 3900 descriptoris
636 3834 727 3885 ollicio
756 3832 906 3900 praeditus,
938 3832 1059 3884 oratione
1079 3834 1183 3901 etipse
1203 3840 1229 3884 et

130 3905 300 3971 experientia
317 3904 407 3956 multis
426 3907 560 3971 superior.

228 4001 362 4052 Hactenus
390 4002 470 4068 igitur
496 4004 641 4070 composita
669 4001 747 4053 nobis
773 4008 830 4054 erst
856 4003 941 4052 oratio
968 4016 1055 4069 neque
1081 4002 1156 4067 quasi
1172 4002 1227 4049 cir.

129 4074 268 4135 cumfusa,
297 4080 325 4123 ct
342 4073 481 4140 aequalius
499 4074 676 4140 procedebat,
699 4075 801 4125 etiamsi
826 4074 951 4125 adversas
972 4071 1112 4124 exhiberet
1131 4077 1158 4120 et
1175 4072 1228 4119 mi.

128 4158 203 4200 seras
223 4146 415 4211 expositiones.
452 4146 515 4198 inde
540 4154 628 4197 autem
647 4147 706 4215 quis
726 4146 870 4197 exordiae
897 4144 1092 4196 multitudinem
1110 4140 1227 4193 difficul.

127 4222 222 4282 tatum,
242 4232 311 4283 qnae
324 4225 504 4283 accesserunt,
525 4233 648 4274 enarrare
664 4216 770 4286 possit?
788 4232 877 4286 neque
897 4217 966 4269 enim
984 4216 1124 4269 adversum
1142 4212 1228 4268 solum

695 4390 701 4419 l
