2875 4734
537 205 745 305 msroam.
1046 184 1049 189 Ι
1139 240 1212 311 τεο

111 400 206 479 χεῖρα
229 386 342 459 τούτου
365 395 491 484 πολέμῳ
513 402 728 487 κραταιοτέρῳ
750 404 937 487 πεποίηκεν,
959 396 1052 469 ούδὲν
1071 408 1130 471 τού
1150 411 1215 488 βα-

111 496 223 569 σιλέως
245 492 399 579 πρότερον
419 496 522 561 δεινόν
537 502 602 563 κατ’
626 498 729 563 αύτού
752 499 980 585 μελετήσαντος
1003 504 1058 570 κατ’
1079 509 1134 589 τῆς
1155 504 1217 571 τού

111 586 149 659 εύ
176 598 230 680 ζῆν
259 598 366 685 ἐκείνῳ
401 599 554 684 α’φορμῆς
581 600 636 664 καί
663 605 822 685 σωτηρίας
843 602 1098 691 φθονήσαντος,
1130 606 1245 673 άλλάλ
1262 613 1351 669 230v.

111 695 403 782 προκαταλαβόντος
430 697 487 783 την
518 703 639 765 ἐκείνου
674 703 852 787 θηριωδίαν
884 707 1140 797 φιλανθρωπίη,
1157 710 1213 773 καί

86 800 257 881 ὅπρίσβεις
285 800 507 880 ἐκπέμψαντος
536 800 593 884 την
616 799 743 886 εἰρήνην
772 803 1096 887 ύιακηρυκευομὲνοος
1117 806 1212 895 αύτῷ,

114 901 168 962 κατ’
196 898 400 982 ἀντάλλαγμα
428 900 544 986 ταύτης
571 900 628 985 τήν
658 904 824 987 Καίσαρος
855 899 956 988 τύχην
982 909 1212 992 προφέροντας,

113 1001 166 1063 ἵνα
194 998 241 1081 μὴ
270 995 305 1062 τύ
339 1001 449 1085 σχῆμα
478 1004 541 1066 τάν
575 1004 710 1067 πεδιλαιν
752 1004 807 1066 καί
833 1003 888 1085 τῆς
920 995 1017 1089 ἄλλης
1045 1012 1213 1090 περιβολῆς

105 1098 288 1183 ,ἐναλλαγήν
310 1125 381 1165 τινα
401 1104 537 1186 δέξηται.
581 1104 736 1185 ἐπεκύρου
763 1106 798 1167 δὲ
822 1102 937 1195 τούτου
966 1108 1020 1169 καί
1041 1105 1098 1183 τάς
1117 1105 1213 1190 τιμάς

52 1217 57 1223 ”
112 1196 150 1276 άς
171 1198 246 1275 τούς
268 1207 509 1287 συναραμένους
531 1200 618 1292 αύτῷ
629 1210 783 1291 τετίμηκε,
804 1204 858 1269 καί
879 1209 1055 1291 α’μνηστίαν
1075 1213 1137 1275 τοῖν
1157 1233 1214 1273 πε·
1242 1190 1246 1199 ⁴

69 1303 302 1383 1οπραγμένοον
322 1305 427 1366 κακῶν
448 1311 676 1385 περιεποιεῖτο,
702 1309 757 1368 καί
787 1310 849 1369 πάν
869 1309 1015 1390 θυμῆρες
1037 1308 1120 1394 αύτῷ
1142 1311 1214 1374 δια.

111 1400 296 1484 πράξασθαι
318 1406 568 1485 καθυπισχνεῖτο
593 1401 610 1467 ά
631 1402 792 1487 βασιλεύς.
837 1406 908 1470 ὅδὲ
931 1400 1077 1488 άτεγκτος
1098 1402 1136 1492 ἦν
1159 1411 1215 1473 καί

112 1499 279 1585 άτεράμανν
297 1504 353 1565 καί
373 1500 597 1587 ὑπερήφανος,
625 1510 680 1567 καί
702 1509 758 1588 τῆς
779 1509 944 1587 βασιλείας
963 1504 1006 1589 μη
1030 1506 1216 1593 άφιστάμε-

111 1623 163 1677 νος
192 1604 311 1677 πολλὰς
342 1601 475 1677 άπειλάς
506 1604 561 1669 καί
592 1604 824 1691 θυμοφθόρους
850 1605 1017 1683 ἐπιστολάς
1052 1608 1213 1693 ἀντεπῆγε,
1267 1605 1273 1613 ’

112 1700 421 1787 καίΧριστιανικοῖς
438 1702 552 1783 αἵμασι
573 1713 678 1788 κρῖναι
692 1704 750 1788 την
771 1706 1010 1793 άμφισβητησιν
1030 1698 1138 1791 ἤθελε,
1159 1710 1214 1773 καί
1307 1704 1309 1715 ’

68 1808 223 1887 15σαρξίν
247 1805 463 1888 α’νθρωπίναις
481 1806 596 1885 κόσμον
620 1802 723 1893 ἑαυτῷ
743 1811 946 1891 περιποιῆσαι
967 1806 1140 1890 βασίλειον,
1160 1806 1215 1873 καί

112 1908 218 1970 πάσαν
239 1902 295 1988 τήν
314 1908 415 1968 κτίσιν
436 1908 640 1988 περιύονῆσαι
666 1900 686 1989 ἢ
708 1906 853 1991 δεύτερος
879 1910 1018 1993 φανῆναι
1045 1912 1104 1973 τού
1123 1910 1213 1991 εύγε-

114 1994 266 2071 νεστάτου
287 2009 444 2086 βασιλέως
467 2004 521 2069 καί
538 2005 760 2089 γενναιοτάτου
781 2007 884 2094 ᾑρεῖτο
902 2008 955 2073 καὶ
975 2004 1230 2093 διεσπούύοιζεν,Ι

112 2100 193 2170 ὅπλα
216 2107 271 2169 καί
289 2101 396 2187 μάχας
418 2104 623 2190 εύτρεπίζονν,
648 2110 702 2171 καί
723 2115 788 2181 τοῖς
807 2106 950 2183 πολίταις
969 2109 1110 2191 χαλεπάς
1131 2107 1215 2171 άτιο-

113 2204 339 2286 ταμιευόμενος
353 2200 502 2288 άμοιβάς,
523 2210 577 2268 καί
588 2202 675 2270 άπαν
695 2205 874 2290 ἀνατρέψαι
889 2205 927 2271 τά
935 2203 1113 2289 Ῥωμαϊκόν
1132 2212 1213 2291 βαρ-

67 2310 253 2390 2οβαρικάς
274 2305 491 2391 λογιζόμενος·
517 2306 565 2369 διὸ
590 2306 644 2371 καί
664 2305 760 2371 πάλιν
785 2307 800 2373 ὃ
821 2308 1030 2391 γαληνότατος
1052 2305 1215 2390 βασιλεύς,

62 2453 69 2463 ·
113 2410 168 2471 καί
187 2400 284 2482 ὅντως
314 2407 463 2492 μαθητής
499 2411 557 2472 τού
591 2406 647 2491 την
670 2404 796 2504 εἰρήνην
817 2409 1030 2493 βραβεύοντος
1057 2402 1214 2491 βασιλέως

112 2507 168 2572 καί
183 2511 352 2590 βασιλεύοι
372 2508 407 2572 τύ
423 2505 536 2592 κράτος
556 2513 761 2592 παρέχοντος,
784 2511 935 2590 δευτέραν
954 2511 1125 2594 πρεσβείαν
1146 2505 1214 2587 ἐξέ-

112 2623 239 2691 πεμψε,
254 2612 419 2695 παραινῶν
452 2608 539 2697 αύτῷ
567 2609 603 2671 τὸ
634 2612 800 2694 συμφέρον
833 2611 1000 2697 φρονῆσαι.
1045 2606 1098 2675 καί
1114 2607 1158 2695 μη
1180 2611 1213 2689 ἒξ

116 2916 181 2968 dere
200 2914 355 2981 sustinebat,
373 2917 401 2968 in
420 2933 525 2970 manum
542 2918 621 2970 buius
648 2916 725 2969 bello
744 2915 908 2968 violentiora
925 2914 1046 2983 redegit,
1066 2929 1124 2966 cum
1144 2912 1214 2967 nibil

34 3020 38 3025 ‚
118 3003 168 3039 rex
188 2997 266 3039 antea
296 2988 409 3041 immane
428 2992 456 3040 in
480 3005 540 3041 eum
558 2990 698 3041 meditatus
718 2994 790 3037 esset
814 2985 860 3036 vei
878 2984 973 3037 beatae
994 2986 1067 3036 vitae
1088 2985 1112 3035 ei
1132 2999 1214 3036 occa.

116 3060 220 3111 sionem
240 3068 267 3110 et
285 3059 397 3112 salutem
416 3062 568 3122 invidisset,
588 3059 635 3110 sed
652 3057 846 3123 praevertisset
864 3055 937 3107 iilius
954 3056 1141 3117 immanitatem
1160 3056 1214 3107 hu.

113 3132 260 3196 munitate,
290 3139 316 3183 et
341 3131 445 3199 legatos
470 3130 587 3179 misisset
605 3143 696 3194 pacem
719 3128 886 3178 nuntiaturos
913 3127 938 3177 ei
959 3134 985 3177 et
1002 3126 1115 3192 pretium
1135 3125 1214 3178 huius

115 3201 247 3253 fortunam
260 3202 381 3256 Caesaris
399 3206 591 3268 proponentes,
608 3214 643 3248 ne
656 3196 773 3248 habitum
788 3196 938 3249 calceorum
957 3204 983 3248 et
1003 3198 1085 3248 ceteri
1103 3198 1214 3250 ainictus

113 3275 287 3325 mutationem
311 3272 391 3323 ullam
416 3270 571 3335 acciperet:
602 3268 774 3321 confirmabat
791 3276 877 3319 autem
895 3268 971 3322 huius
991 3269 1068 3319 etiam
1086 3268 1213 3334 honores,

116 3344 212 3411 quibus
231 3345 319 3397 socios
338 3356 400 3394 suos
420 3340 608 3404 honoraverat,
628 3335 655 3392 et
672 3340 836 3393 oblivionem
853 3340 981 3391 facturum
1000 3339 1129 3391 malorum
1147 3355 1215 3408 pro.

115 3417 242 3482 ponebat,
264 3421 291 3464 et
310 3413 397 3464 omnia
415 3420 490 3480 grata
509 3427 539 3463 se
565 3414 590 3463 ei
609 3412 789 3479 perfecturum
814 3410 985 3478 promittebat
1001 3427 1057 3462 rex.
1095 3410 1145 3462 ille
1164 3428 1214 3463 au.

115 3494 170 3536 tem
188 3482 362 3536 inexorabilis
390 3491 447 3534 erat
466 3492 493 3533 et
520 3484 600 3534 durus
629 3492 655 3534 et
681 3484 811 3550 superbus
830 3498 952 3550 nequea
977 3496 1062 3549 regno
1082 3482 1214 3535 desistens

114 3555 211 3608 multas
231 3562 258 3605 et
276 3553 385 3605 acerbas
404 3554 532 3620 epistulas
557 3554 719 3621 opponebat,
739 3563 765 3605 et
786 3554 997 3608 Christianorum
1015 3553 1145 3619 sanguine
1164 3554 1214 3605 de.

116 3642 229 3679 cernere
247 3627 457 3678 controversiam
477 3625 602 3691 volebat,
631 3636 662 3678 et
676 3641 758 3677 carne
777 3625 910 3676 hominum
929 3630 1048 3675 ornatum
1068 3623 1119 3674 sibi
1138 3637 1214 3675 com.

114 3714 211 3768 parare
229 3698 333 3765 regium
353 3705 474 3748 ettotam
494 3698 584 3749 sedem
604 3713 700 3748 eruere
729 3712 805 3763 quam
825 3694 956 3767 secun-dus
975 3708 1105 3760 apparere
1124 3694 1157 3746 ab
1175 3695 1213 3746 il.

114 3770 276 3821 lustrissimo
294 3782 361 3835 rege
380 3776 407 3819 et
424 3767 602 3820 nobillissimo
627 3768 743 3819 malebat
761 3766 947 3833 studebatque,
976 3780 1047 3816 arma
1067 3773 1094 3816 et
1111 3781 1213 3835 pugnas

115 3856 212 3892 curans
241 3848 268 3891 et
294 3839 397 3891 civibus
418 3839 544 3892 difficiles
561 3840 710 3891 recondens
737 3852 852 3904 poenas,
873 3845 900 3887 et
917 3838 1071 3889 universum
1090 3846 1213 3889 evertere

117 3911 296 3964 Romanorum
318 3912 456 3977 imperium
474 3910 586 3962 barbare
604 3911 749 3962 meditans:
769 3906 937 3977 quamobrem
958 3908 1035 3960 etiam
1054 3924 1144 3961 rursus
1163 3922 1213 3974 pa.

116 3985 265 4035 carissimus
285 3998 334 4033 rex
353 3990 380 4033 et
406 3997 503 4033 revera
532 3982 678 4048 discipulus
703 3982 787 4049 regis,
806 3981 852 4047 qui
879 3994 972 4045 pacem
995 3980 1158 4031 administrat
1187 3984 1215 4029 et

115 4055 225 4123 regibus
244 4055 390 4123 potentiam
408 4054 534 4121 praebet,
563 4053 672 4105 alteram
692 4052 854 4119 legationem
872 4052 961 4117 misit,
980 4052 1124 4103 admonens
1144 4064 1213 4113 eum,

116 4132 147 4185 nt
165 4127 232 4180 utile
251 4127 384 4196 cogitaret
404 4140 474 4178 neve
495 4125 671 4195 imprudentia
694 4123 830 4176 laberetur
852 4123 1048 4192 ineptissimis.
1087 4128 1145 4175 erat
1161 4135 1213 4173 au-
