2875 4734
538 382 541 385 Α
574 275 781 345 ursroura.
912 253 914 261 ’
1154 249 1232 349 aba

137 437 323 523 μαρτνρικρλ
350 437 591 521 περιρρεόμενος
619 438 739 529 λίθρφ.
791 441 981 523 ἐθαύμασαν
1004 440 1101 508 adada
1133 438 1235 527 dusp-

136 542 228 622 φοοῖς
248 542 304 603 καί
325 538 592 623 ἐπερηγοίσθησαν
611 540 647 605 τό
661 565 694 605 τε
713 545 862 625 πολέμιον
884 546 941 607 καί
959 547 1021 607 πᾶν
1039 543 1074 609 τὸ
1094 540 1237 625 Ῥωμαῖε

135 638 201 719 κόν,
224 638 278 702 καί
299 640 394 721 δῆμοι
415 636 529 712 πάντες
550 641 730 723 ἀνθρώπων
748 641 827 725 πρὸς
849 648 942 709 τοῦτο
958 641 1234 728 ἐξεθαμβήθησαν.

126 737 173 804 τέ
198 741 233 803 δέ
254 740 341 821 γένος
375 745 438 806 toda
462 742 632 805 Θετταλῶν
658 736 800 827 ἐωρτασε
830 748 889 826 μὲν
922 744 1002 830 δπὲρ
1025 742 1162 821 ἅπαντος
1181 747 1266 835 τήνη,
1285 778 1375 835 ηηη,

108 844 193 925 5τής
214 837 334 916 πόλεως
364 842 539 924 λύτρωσιν,
562 839 659 907 ἔθυσε
682 845 722 909 δὲ
748 846 813 931 θεηῖ
835 847 889 909 καί
910 848 954 934 τῷ
975 845 1237 929 μεγαλομοίρταρι
1261 888 1264 893 -

136 944 313 1027 Δημητρίῳ
332 939 370 1005 τοὶ
392 945 529 1025 σῶστρα,
552 940 650 1007 ἔθυσε
684 946 719 1007 δὲ
740 948 794 1009 καί
814 946 899 1033 αὐτῷ
931 947 975 1033 τη]
998 946 1111 1010 τούτου
1134 940 1237 1027 θερεί-

136 1063 227 1104 ποντι
249 1040 389 1122 Μιχαήλ
416 1046 458 1127 τῷ
480 1038 676 1129 Βοτανειάτη
707 1042 766 1127 τήν
790 1049 823 1123 ἐξ
854 1046 991 1110 ἰσοθέων
1014 1044 1145 1127 α’γιόνων
1166 1046 1238 1107 ἐπι-

136 1143 236 1206 νίκιον
257 1142 420 1225 εδφημίαν
442 1141 497 1205 καί
517 1135 669 1207 εὔκλειαν.
713 1144 816 1228 ἐζήτει
838 1149 873 1211 δὲ
895 1144 950 1211 τόν
965 1142 1106 1231 α’θλητήν
1128 1146 1148 1228 ή
1173 1170 1239 1210 σω-

137 1237 348 1317 θεῖσμπέλις
372 1242 414 1305 δι’
440 1245 550 1321 edred,
574 1246 629 1306 καί
652 1244 706 1307 διὰ
731 1248 871 1329 σπονδής
891 1247 1026 1310 ἐποιεῖτο
1050 1242 1107 1328 τήν
1126 1241 1238 1311 τούτου

92 1336 276 1434 1θείίρεσιν.
330 1341 386 1406 καί
411 1341 559 1427 ζητοῦσα
581 1343 832 1435 σύνέπιμελείρ
864 1350 919 1409 καί
947 1345 1111 1434 διαδρόμηι
1135 1349 1239 1433 πολληῖ

138 1433 233 1526 εὗρεν
253 1438 352 1506 ον’τὸν
383 1446 526 1523 κείμενον
556 1447 777 1536 ἐνωπλισμὲνηι
808 1446 863 1511 καί
882 1447 1016 1535 α’νδρείηι
1046 1448 1238 1531 φρονήματι,

138 1542 193 1618 καί
211 1541 244 1608 τό
269 1547 360 1628 ξίφος
378 1551 444 1620 τοῖς
466 1547 633 1623 δακτύλοις
652 1544 876 1631 περιεχόμενον
892 1546 947 1611 καί
964 1550 1122 1632 μηδαμῶς
1144 1546 1240 1631 ἐφιέ-

131 1668 248 1729 μενον,
282 1642 340 1719 ἕως
360 1640 440 1725 μετὰ
468 1652 582 1730 πολλῆς
609 1649 784 1729 θεραπείας
816 1648 870 1711 καί
899 1650 1041 1731 τεχνικῆς
1069 1644 1239 1731 ἐπιστήμης

138 1744 244 1830 ἐφῆκε
267 1748 326 1825 μὲν
347 1743 382 1809 τὸ
404 1747 495 1829 ξίφος
517 1746 536 1829 ἦ
558 1748 640 1834 χείρ,
672 1751 735 1813 τῶν
756 1744 881 1831 ὀνύχων
903 1752 940 1835 τῇ
962 1748 1093 1836 παλάμῃ
1116 1769 1254 1831 προσηι

94 1845 305 1911 talutium
340 1845 442 1919 αιίτοῦ
473 1849 518 1934 τῷ
548 1844 686 1928 ἐμμανεῖ
700 1852 756 1930 τῆς
784 1847 863 1911 κατὰ
891 1852 954 1911 τῶν
976 1851 1132 1927 πολεμίων
1153 1844 1239 1911 ἐπεί.

138 1953 225 2025 ξεως,
244 1943 341 2021 αέτός
360 1948 395 2009 δὲ
418 1944 709 2031 δορυφορούμενος,
734 1950 788 2011 καί
806 1952 970 2031 μεγίσταις
988 1948 1164 2031 εὐφημίαις
1185 1949 1241 2009 καί

138 2047 262 2130 κρότοις
303 2051 359 2111 καί
385 2045 577 2133 δορυφόρων
609 2051 806 2132 α’λαλαγμοῖς
835 2050 888 2112 καί
918 2046 1080 2131 ἐγκωμίων
1110 2052 1240 2120 πλοκαῖς

138 2144 414 2233 καταστεφόμενος
450 2145 492 2225 (ἐς
525 2149 676 2232 α’ριστεδς
710 2147 950 2232 α’παροὶμιλλος,
985 2150 1030 2222 εἰς
1060 2145 1115 2230 τήν
1144 2144 1241 2211 ’πόλιν

138 2246 367 2333 ἐθριάμβευσε,
389 2251 447 2313 τοῦ
469 2248 568 2333 κάρον
591 2242 651 2332 ήδη
675 2248 856 2331 ἀνενεγκών,
880 2253 935 2312 καί
955 2251 1061 2313 πᾶσαν
1083 2243 1141 2328 τήν
1159 2244 1238 2311 Ῥω-

94 2349 244 2432 λθμαίων
273 2351 379 2434 χαρᾶς
406 2349 465 2419 καί,
490 2350 650 2434 θυμηδίας
674 2348 886 2432 πεπλήρωκεν.
937 2348 953 2411 δ
978 2345 1070 2411 δὲτὰ
1095 2349 1240 2441 σκήπτρρι
1326 2350 1331 2358 ‘

137 2455 193 2534 τής
218 2452 320 2536 α’ρχής
354 2454 624 2534 ἐγκεχειρισμένος
648 2448 756 2532 κύριος
778 2451 965 2533 Βασίλειος,
989 2449 1159 2531 α’ναφέρων
1179 2447 1240 2527 μὲν

139 2550 196 2615 καί
215 2549 293 2635 πρὸς
312 2547 426 2615 τὸτοῦ
447 2549 558 2632 γε’νοος
583 2548 684 2614 ον’τοῦ
705 2554 858 2635 ἐπίσημον
880 2550 934 2614 καί
954 2550 1138 2631 περίδοξον,
1160 2546 1240 2613 σίνα-

141 2652 250 2737 φέρων
272 2652 307 2717 δὲ
328 2650 383 2726 καί
401 2649 481 2735 πρὸς
515 2650 573 2730 τοὶς
595 2653 742 2738 πατρῴας
772 2650 1010 2737 ἀνδραγαθίας,
1030 2649 1084 2716 καί
1104 2644 1162 2733 τήν
1183 2650 1240 2714 τοῦ

16 3042 26 3053 ,
142 2990 230 3044 mirati
249 3000 310 3043 sunt
330 3007 388 3042 eum
408 2994 488 3045 valde
510 3002 536 3044 ct
555 2994 676 3044 admirati
695 2993 822 3043 virtutem
841 2996 896 3059 tum
914 2990 1040 3041 bellicam
1057 2994 1112 3039 tum
1131 2988 1158 3039 in
1176 2990 1240 3040 uni.

52 3098 59 3111 .
142 3080 249 3115 versum
263 3064 420 3116 Romanam:
442 3074 468 3115 et
480 3065 571 3115 ornnes
585 3063 678 3129 populi
692 3062 826 3111 hominnm
839 3062 870 3111 ad
884 3060 935 3111 hcc
944 3061 1156 3125 obstupuerunt:
1173 3076 1239 3127 gens

142 3143 230 3187 autern
240 3128 425 3188 Thessalorum
446 3134 594 3184 celebravit
613 3148 677 3197 prae
693 3131 813 3182 omnibns
828 3132 900 3181 urbis
917 3130 1102 3181 liberationem
1119 3131 1238 3198 fecitque

143 3203 193 3257 deo
213 3214 240 3257 et
258 3222 354 3275 magno
378 3205 488 3269 martyri
508 3198 645 3254 Demetrio
665 3218 740 3254 sacra
758 3202 860 3265 salutis,
881 3202 999 3270 fecitque
1019 3202 1096 3253 etiam
1114 3202 1166 3269 ipsi
1186 3201 1238 3251 hu.

142 3280 184 3328 ins
205 3278 304 3329 famulo
316 3274 441 3330 michaeli
460 3274 615 3325 Botaniatae
634 3274 774 3326 victricem
796 3290 829 3324 ex
849 3273 966 3325 heroicis
986 3274 1173 3342 certaminibus
1192 3289 1237 3325 sa.

143 3350 301 3400 lutationem
321 3355 348 3397 et
366 3345 488 3412 gloriam.
526 3345 706 3415 investigabat
726 3353 813 3397 autem
834 3352 1008 3414 pugnatorem
1028 3353 1134 3397 servata
1151 3344 1183 3395 ab
1204 3359 1236 3395 co

143 3419 206 3471 urbs
226 3428 253 3469 et
282 3419 369 3469 studio
390 3415 546 3467 instituebat
565 3418 622 3469 eius
641 3418 842 3473 investionem:
875 3426 952 3485 atque
981 3418 1146 3484 investigans
1178 3432 1237 3467 cum

144 3506 208 3541 eura
228 3497 254 3539 et
271 3490 472 3555 percursatione
498 3488 580 3539 multa
609 3489 714 3540 invenit
742 3504 800 3541 eum
831 3491 962 3540 iacentem
986 3493 1086 3538 armato
1114 3494 1141 3537 et
1165 3486 1239 3536 virili

144 3561 240 3622 animo,
262 3567 289 3611 et
308 3559 406 3609 ferrum
426 3560 516 3626 digitis
535 3567 669 3611 tenentem
687 3576 776 3627 neque
796 3560 852 3611 ullo
873 3560 950 3610 modo
970 3558 1167 3619 remittentem,
1189 3556 1239 3607 do-

143 3646 194 3681 nec
214 3630 295 3681 multa
324 3632 461 3681 curatione
482 3640 508 3681 et
528 3632 671 3683 artificiosa
691 3633 848 3700 cognitione
866 3630 977 3695 reliquit
996 3628 1095 3678 ferrum
1127 3642 1246 3701 uranus,¹
1315 3682 1317 3686 ,

143 3702 278 3770 unguibus
296 3703 530 3754 manni'adstrictis
554 3704 610 3754 eius
630 3704 721 3753 furore
734 3702 929 3769 persecutionis
949 3699 1074 3751 hostium.
1112 3698 1170 3765 ipse
1190 3714 1240 3749 au.

143 3782 197 3825 tern
217 3774 342 3825 comitatu
365 3773 507 3825 satellitum
527 3782 554 3825 et
575 3776 695 3826 maximis
714 3772 911 3825 laudationibus
946 3778 973 3821 et
1002 3768 1239 3823 exclamationibus

144 3853 171 3895 et
190 3845 339 3896 satellitum.
355 3845 515 3897 clamoribus
536 3853 562 3896 et
583 3845 688 3897 laudum
707 3845 787 3896 sertis
807 3849 949 3894 coronatus
970 3849 998 3893 ut
1022 3841 1102 3893 heros
1127 3844 1239 3907 insupe-

143 3916 237 3967 rabilis
254 3915 346 3966 urbem
366 3917 426 3969 Gari
444 3916 608 3982 triumphans
627 3918 737 3968 intravit
755 3918 808 3965 iam
822 3914 939 3965 relectus
960 3922 986 3963 ot
1009 3928 1111 3965 omnem
1140 3913 1239 3965 Roma.

142 4003 236 4039 norum
255 3995 351 4038 terram
372 3989 468 4054 gaudio
496 3997 522 4039 et
551 3988 685 4039 hilaritate
709 3987 843 4054 implevit,
887 3992 993 4051 sceptro
1022 3994 1109 4038 autem
1134 3983 1239 4048 imperii
1263 4034 1265 4037 ,

142 4060 277 4126 praeditus
297 4058 416 4110 dominus
435 4060 561 4123 Basilius,
581 4060 729 4126 respiciens
750 4066 776 4109 et
795 4058 902 4126 generis
917 4058 974 4109 eius
985 4056 1154 4123 splendorem
1174 4053 1237 4121 glo.

41 4169 49 4184 2
141 4132 271 4198 risuique,
291 4137 318 4181 et
334 4138 457 4197 paternas
476 4131 623 4196 victorias,
651 4140 730 4199 atque
756 4128 997 4196 praesentisslacti
1022 4126 1164 4177 admiratus
1192 4125 1236 4175 in.

142 4201 347 4271 comparabilem
363 4204 570 4273 magnitudinem
586 4203 669 4255 lilium
690 4218 748 4254 eum
766 4200 936 4253 renuntiabat
955 4206 981 4250 et
999 4196 1142 4263 membrum
1153 4212 1237 4259 suum,
