2875 4734
278 180 331 259 aa
551 176 793 257 urcuuuus
821 170 1081 258 ummrumn
1166 170 1169 173 ’

279 351 399 436 ἐκείνην
421 348 611 436 προήρχετο.
655 345 709 412 και
729 341 768 432 ἧν
789 347 967 432 ἐπικρατῶν
993 337 1089 432 άχρις
1111 340 1241 428 ἡμερῶν
1263 324 1385 413 τεσσα-

238 523 241 530 ,
279 450 425 535 ράιιοιτα.
1418 464 1420 473 “

373 542 454 618 ’Λπό
481 551 516 616 δὲ
543 573 642 640 μηνος
667 550 840 636 όντωβριόυ
862 547 951 625 νόσος
983 547 1168 630 ἐνσκήψασα
1187 548 1233 634 τῷ
1254 549 1388 627 βασιλεῖ

279 645 358 737 άχρι
378 650 433 720 τοῦ
455 654 593 727 ἐπιόντος
610 653 711 734 ‘pmice
732 648 835 736 ’μηνός
854 652 1065 735 κατέτρυχεν·
1108 651 1142 712 δν
1162 646 1251 734 αὐτῷ
1265 649 1304 712 δὲ
1326 671 1383 710 κα-

279 753 468 837 τειργάσατο
492 755 603 819 τοῦτον
634 755 689 817 καί
718 753 775 836 τῆς
793 751 949 816 Ιἐνταῦθα
981 752 1062 834 ζωῆς
1093 747 1322 832 ἀπεστέρησεν.
1363 745 1402 830 ἥδ

279 858 315 921 δὲ
337 848 409 919 όσάα
429 853 542 920 τούτου
566 855 624 920 οάκ
645 850 784 936 ἔνθαπερ
807 847 1019 937 προσεδόκησε
1044 854 1177 936 γέγονεν,
1200 847 1282 914 άλλά
1308 851 1381 913 δια-

278 955 403 1031 πόντιος
432 955 546 1037 άχδείς
575 953 630 1021 ἕπτ’
648 957 721 1022 τάν·
742 953 881 1020 άιιατάον
906 955 959 1036 τῆς
993 951 1117 1036 χρυσῆς
1145 946 1263 1034 πόρνης
1287 947 1380 1031 ἐκτός,

278 1058 355 1140 περί
371 1080 404 1120 τι
424 1051 668 1142 φροντιστήριον
699 1057 747 1121 ἐπ’
780 1052 912 1136 άνάριατι
933 1054 990 1119 τοῦ
1022 1051 1114 1134 άνιόυ
1136 1049 1299 1117 Νικολάου
1322 1076 1379 1114 ιτα-

280 1155 490 1240 διδρυμένον,
514 1153 558 1231 είς
581 1181 652 1220 τινα
678 1152 775 1240 σορόν
796 1154 1155 1274 προκατεσκευασριάνην
1184 1143 1323 1239 ἓτὲριρ’
1306 1176 1379 1216 ενα-

145 1267 269 1322 a..1067
280 1255 407 1340 πετάδη,
434 1254 569 1340 ζὴσας’
553 1281 587 1323 ον
612 1261 652 1346 τῇ
673 1259 820 1344 βασιλεία
838 1253 974 1340 χρόνους
995 1249 1073 1320 ἑπτά
1096 1278 1150 1318 ιιαι
1170 1254 1314 1336 μῆναςε
1297 1250 1339 1331 ἕξ
1388 1264 1414 1318 tt

171 1339 268 1396 ⁵··¹'¹¹¹
380 1357 452 1422 1ίαί
471 1361 622 1442 κατάσχον
648 1356 688 1424 τά
710 1360 855 1440 σκῆπτρα
888 1359 942 1440 τῆς
959 1347 1168 1437 βασιλεῖ”ας
1148 1381 1167 1438 η
1190 1376 1222 1419 τε
1245 1352 1380 1439 σάμβιος

273 1457 379 1524 ἀδτοῦ
400 1459 541 1524 Εάδοκία
559 1462 614 1525 καί
634 1457 664 1524 οἱ
680 1460 803 1532 παῖδες.
853 1456 1160 1543 προιατησφαλάσδη
1180 1455 1245 1540 γάρ
1265 1455 1285 1538 ἧ
1307 1455 1381 1525 Αὔ-

278 1559 397 1644 γοόστα
416 1558 460 1642 μή
486 1560 647 1643 δευτέροις
677 1559 791 1642 γάμοις
824 1558 1060 1642 προσομιλῆσαι
1092 1557 1304 1643 άρχιερατιιιῇ
1329 1555 1382 1620 κατ’

280 1660 471 1747 anytique}
502 1660 695 1729 συνελεύσει.
749 1649 787 1740 ἦν
828 1656 889 1742 γάρ
920 1663 974 1742 τῆς
1006 1655 1143 1723 συνόδου
1174 1652 1380 1741 προεξάρχων

279 1763 334 1828 τιαί
353 1756 411 1844 τὴν
434 1760 651 1846 πατριαρχιάν
672 1761 798 1843 κοσμῶν
814 1757 958 1845 Ἰωάννης
979 1759 996 1823 ό
1020 1761 1261 1841 ε’πικεκλημὲνος
1278 1750 1413 1844 Eiet-15

278 1867 381 1942 λῖνος,
410 1863 444 1925 ἐκ
479 1861 716 1944 Τραπεζοῦντος
747 1864 807 1940 μὲν
830 1853 1033 1945 ὡρμημένος,
1055 1856 1135 1942 άνῆρ
1157 1859 1193 1921 δὲ
1212 1854 1381 1943 σοφόςιτυί

278 1958 476 2038 παιδεύσεως
508 1961 553 2036 εἷς
585 1953 680 2047 ἄκρον
714 1957 872 2042 ἑληλαιιάς
902 1960 962 2024 κάν
991 1968 1056 2044 τοῖς
1088 1964 1263 2036 πολιτικοῖς,
1288 1964 1379 2043 περά-

276 2065 409 2144 βλεπτος
439 2057 575 2144 γεραιάς
604 2060 659 2126 καί
684 2062 802 2147 άρετῆς
824 2056 989 2148 εὐφρόνως
1019 2055 1277 2143 ἐπιμελοάμινος,
1298 2056 1379 2125 τδστε

277 2169 340 2237 τοϊς
362 2165 535 2245 βασιλείοις
557 2159 604 2227 ἔτι
627 2164 861 2249 ἐμφιλοχωράν
881 2162 935 2227 κατ’
954 2163 1067 2248 προάτα
1094 2163 1201 2247 φέρων
1222 2156 1315 2281 παρά·
1336 2163 1379 2248 τῷ

277 2267 411 2346 βασιλεῖ
427 2286 485 2348 την
506 2261 684 2347 μοναχικήν
705 2259 904 2327 πολιτείαν’
890 2286 924 2328 εν
944 2263 1032 2348 άιιμῇ
1055 2263 1111 2344 τῆς
1134 2256 1306 2344 ευήμεριας
1318 2254 1420 2373 aucep?

277 2365 332 2446 τῆς
354 2361 477 2448 ἡλικίας
493 2361 718 2428 άσπάσασθαι.
741 2387 794 2426 και
823 2361 877 2429 τόν
897 2357 1147 2486 άνρχωρητιιιόν
1151 2359 1223 2442 βίον
1245 2363 1319 2444 περι
1341 2356 1410 2424 τό

275 2453 493 2587 ’piciuntos'
477 2485 550 2547 ορος
579 2459 735 2546 ἐλόμενος,
754 2460 908 2549 χρόνον
895 2488 947 2529 επι
977 2461 1097 2547 συχνόν
1125 2453 1164 2546 ἧν
1191 2457 1419 2551 διαλάμπων

268 2564 327 2628 ἐπ’
354 2563 453 2650 α’ριτῇ
482 2565 536 2629 καί
553 2561 643 2654 pepp
673 2567 763 2632 θεοῦ.
815 2591 868 2632 και
899 2564 953 2631 διά
974 2567 1066 2633 τοῦτο
1097 2565 1155 2630 τοῦ
1175 2557 1375 2650 πατριάρχου

283 2873 370 2918 autem
390 2864 480 2919 radies
497 2871 527 2917 ut
544 2866 577 2919 ad
595 2865 725 2919 orientem
740 2882 748 2919 ι
767 2873 795 2918 et
805 2871 835 2918 nt
846 2866 879 2919 ad
896 2865 971 2919 illum
989 2864 1225 2935 progrediebaturz
1245 2874 1273 2918 et
1289 2868 1375 2920 domi.
1418 2836 1419 2841 ἵ

280 2937 392 2990 nubatur
410 2953 459 3005 per
486 2939 543 2990 dies
566 2938 748 3008 quadraginta.

379 3027 444 3079 Inde
468 3035 487 3078 'a
512 3043 605 3082 mense
630 3027 741 3084 octobre
759 3026 866 3080 morbus
885 3026 1006 3079 incidens
1025 3028 1083 3096 regi
1102 3027 1239 3095 usquead
1258 3043 1374 3095 sequen.
1418 3034 1420 3051 ¹

282 3108 336 3151 tem
353 3100 450 3150 maium
469 3115 587 3152 mensem
606 3116 666 3152 eum
686 3099 830 3152 cruciabat.
856 3098 908 3149 hoc
933 3107 1021 3150 autem
1045 3114 1137 3150 mense
1164 3097 1282 3149 confecit
1307 3099 1374 3150 hunc

233 3178 240 3182 “
282 3179 309 3220 et
326 3179 434 3221 terrena
453 3171 508 3222 vita
532 3173 658 3237 privavit.
678 3173 748 3225 iusta
766 3180 854 3224 autem
873 3170 930 3222 eius
950 3184 1003 3222 nun
1023 3170 1068 3221 ubi
1087 3177 1291 3235 exspectaverat
1309 3170 1375 3221 facta

281 3247 358 3302 sunt,
377 3241 424 3291 sed
442 3248 513 3294 trans
532 3257 604 3294 mare
625 3243 693 3294 latus
713 3241 838 3295 lintribus
858 3249 934 3294 extra
951 3257 1059 3293 auream
1077 3249 1198 3308 portam,
1227 3242 1299 3293 circa
1317 3255 1375 3291 nro.

281 3311 424 3362 nasterium
449 3312 576 3378 quoddam
604 3306 653 3366 sub
679 3315 787 3366 nemine
807 3314 890 3366 sancti
909 3313 1013 3366 Nicolai
1034 3314 1194 3369 conditum
1186 3330 1213 3364 rn
1233 3311 1374 3397 sepulchro

282 3382 352 3451 quod
372 3381 418 3432 alii
438 3390 516 3434 antea
538 3384 635 3435 factum
656 3392 721 3448 crat,
740 3387 877 3452 depositus
898 3393 948 3450 cst,
967 3394 1106 3454 postquam
1126 3385 1195 3436 vixit
1212 3386 1238 3435 in
1265 3386 1374 3451 imperio

266 3467 365 3528 ,anuos
385 3461 486 3520 septem
507 3460 533 3505 et
558 3471 663 3508 menses
689 3453 747 3506 sex.

381 3525 414 3578 Et
433 3525 604 3578 obtinuerunt
623 3534 756 3594 sceptrum
776 3529 853 3596 regni
872 3543 939 3579 uxor
959 3528 1016 3579 cius
1030 3527 1150 3579 Eudocia
1168 3535 1195 3578 et
1213 3526 1272 3579 filii.
1310 3541 1375 3576 con.

282 3575 391 3650 firmata
403 3599 472 3650 enim
491 3605 548 3650 erat
566 3606 687 3666 augusta,
700 3615 741 3650 *ne
760 3599 846 3650 alteru
866 3601 1033 3650 matrimonio
1053 3600 1281 3682 coniungeretur,
1306 3613 1374 3679 pen.

282 3670 362 3720 tificis
381 3671 488 3720 maximi
508 3679 535 3722 et
554 3671 701 3723 consiliarii
720 3672 928 3723 necessitudine
968 3678 1025 3721 crat
1045 3671 1115 3721 enim
1135 3678 1282 3721 conventus
1301 3670 1375 3736 prin-

282 3754 345 3804 ceps
366 3748 392 3790 et
410 3741 603 3806 patriarchatus
622 3745 703 3794 decus
722 3744 835 3795 loannes
854 3743 1013 3809 cognomine
1032 3743 1118 3792 dictus
1137 3740 1300 3806 Xiphilinus,
1313 3741 1375 3791 Tra-

282 3817 398 3893 pezunte
417 3812 553 3878 oriundus,
572 3814 651 3866 homo
671 3815 778 3881 sapiens
798 3822 824 3864 et
842 3815 1035 3864 institutionem
1059 3827 1184 3863 summam
1202 3811 1330 3895 adeptus:
1351 3819 1376 3861 et

281 3883 308 3932 in
336 3879 416 3931 rebus
439 3883 570 3935 civilibus
595 3885 707 3938 illustris
735 3894 762 3936 et
790 3888 914 3936 virtutem
942 3885 1086 3951 prudenter
1113 3898 1223 3946 curans,
1249 3883 1287 3932 ita
1305 3890 1331 3932 ut
1349 3883 1375 3930 in

281 3952 358 4020 regia
378 3940 547 4002 etiamtumv
530 3970 640 4007 versans
659 3965 686 4007 et
704 3959 803 4022 primos
823 3956 938 4007 honores
957 3963 1095 4021 reportans
1115 3954 1184 4020 apud
1194 3968 1295 4020 regem,
1318 3967 1374 4001 me-

266 4022 419 4074 nachicam
439 4024 519 4074 vitam
539 4026 566 4074 in
585 4025 651 4078 flore
678 4027 800 4079 fortunae
820 4029 959 4080 etaetatis
985 4026 1206 4093 amplecteretur.
1234 4032 1260 4074 ct
1284 4023 1374 4074 selita-

280 4095 346 4150 riam
375 4095 456 4152 vitem
491 4096 562 4151 circa
590 4093 756 4166 Olympicum
786 4107 916 4171 montem!
929 4099 1033 4168 eligens
1061 4113 1109 4165 per
1140 4095 1249 4151 muitum
1277 4103 1375 4162 tempus
