2875 4734
251 234 273 288 x
452 221 689 290 thrurnr
719 225 898 290 annuam
927 228 982 289 ou
1009 197 1159 292 naham

251 392 374 485 verba,
401 417 495 489 quae
522 395 559 465 in
586 419 691 466 usum
720 420 843 466 meum
861 396 1016 466 contulit
1040 395 1150 465 rircl.
1179 405 1216 463 et
1238 416 1348 462 orna-

252 515 412 588 tissimus
438 517 645 590 eruditione
672 519 898 615 Laboulaye,
926 519 1138 614 conspirant
1164 542 1248 588 cum
1282 541 1347 587 co·

251 640 332 713 dice
349 642 533 737 Parisino,
558 644 625 715 nisi
650 643 755 740 qtrod
780 644 1074 715 inllscoriacensi
1101 641 1203 714 deest
1219 642 1344 714 lolium
1425 684 1426 689 κ

249 792 364 840 unum
392 768 497 840 initio
527 782 563 839 et
586 769 817 866 abrumpitur
842 794 962 840 sermo
988 769 1193 866 postverba
1216 768 1346 851 olno-
1425 772 1426 779 ’

247 890 370 984 λέμιοι
395 887 459 974 τῆς
485 886 777 991 στρατοπεδείας
803 890 1066 989 α’πόσχονται,
1098 918 1192 990 quae
1218 894 1346 990 legun·
1385 983 1389 989 ι

248 1027 308 1088 tur
333 1018 373 1089 iu
395 1016 478 1090 cod.
507 1015 731 1092 Coisliniano
759 1018 820 1089 lol.
848 1024 918 1090 211
948 1044 1076 1113 verso,
1104 1018 1216 1116 ‘tertia
1242 1032 1345 1115 parte

248 1141 332 1214 libri
361 1155 397 1213 et
419 1144 574 1240 amplius
594 1144 736 1216 amissa.

348 1267 453 1340 Solus
480 1269 600 1368 igitur,
627 1269 732 1366 quod
754 1247 1131 1362 sciam,Coislinianus
1154 1265 1270 1338 codex
1286 1267 1345 1338 in·
1426 1240 1427 1281 ⁷

246 1405 384 1489 tegram
413 1393 520 1464 nohis
545 1395 698 1465 servavit
722 1394 908 1465 Michaelis
924 1393 1116 1467 Attaliatae
1141 1392 1344 1463 historiam.

247 1516 374 1614 Neque
400 1516 461 1588 illa
488 1516 640 1614 quidem
667 1510 804 1588 diutius
838 1518 876 1587 in
909 1517 1216 1588 bibliothecarum
1258 1517 1347 1587 late-

251 1642 326 1714 bris
352 1642 563 1714 delitescere
591 1641 731 1736 debuit,
757 1666 871 1738 quum
899 1642 1012 1713 multa
1038 1643 1107 1714 alia
1121 1642 1254 1737 scripta
1277 1642 1349 1712 mi·

250 1768 350 1840 noris
376 1769 555 1841 momenti
580 1769 676 1866 typis
703 1792 870 1864 expressa
896 1769 992 1839 sint.x
1008 1768 1207 1840 Fatendum
1223 1782 1346 1839 tamen
1380 1847 1387 1853 ,

250 1916 326 1966 non
353 1915 529 1990 apparere
556 1895 682 1965 omnia
708 1894 746 1966 iu
773 1903 816 1965 ea
842 1917 936 1965 nova
963 1907 1000 1964 et
1025 1894 1198 1966 inaudita.
1256 1891 1348 1965 Mul·

246 2029 308 2090 tae
328 2018 428 2090 euim
445 2019 641 2090 verborum
659 2019 1024 2116 comprehensiones,
1040 2018 1225 2091 interdum
1238 2018 1347 2091 etiam

251 2121 412 2238 integrae
437 2143 611 2240 paginae,
644 2144 769 2239 paucis
795 2144 941 2216 mutatis
967 2145 1135 2241 leguntur
1160 2144 1257 2215 inter
1282 2141 1349 2213 ad·

250 2264 453 2340 ditameota
491 2294 586 2365 quae
622 2270 689 2341 sub
727 2270 878 2342 nomine
910 2268 1057 2341 loannis
1087 2269 1261 2366 Scylitzae
1302 2266 1349 2339 ad

250 2392 385 2466 calcem
420 2391 576 2467 Cedrcni
610 2394 706 2467 edita
739 2409 835 2467 sunt.
894 2395 997 2468 Unde
1028 2394 1071 2466 fit
1109 2408 1150 2468 ut
1182 2393 1347 2492 quaestio

251 2519 335 2590 satis
352 2518 549 2616 implicata,
575 2522 745 2617 quisnam
764 2522 811 2592 sit
835 2520 944 2592 huius
969 2520 1144 2591 historiae
1167 2521 1348 2616 legitimus
1428 2516 1429 2535 ¹

235 2627 392 2740 auctor,
418 2671 551 2719 novam
579 2644 884 2741 disceptationem
912 2645 1085 2741 requirat.
1140 2640 1345 2715 Cedrenum

254 2771 352 2844 euim
389 2772 468 2864 alii,
500 2771 560 2843 alii
590 2769 780 2868 Scylitzem
814 2770 897 2842 lurti
940 2784 1214 2843 accusaverunt:
1250 2795 1350 2842 nunc

249 2896 377 2968 tertius
413 2897 453 2968 in
479 2893 656 2966 iudicium
697 2895 906 2990 supervenit
930 2895 1124 2967 Attaliates.
1184 2894 1259 2966 lam
1295 2896 1350 2966 vir

251 3018 484 3094 doctissimus
512 3019 648 3114 Hasins,
674 3021 847 3116 inspectis
869 3022 975 3094 variis
997 3021 1171 3118 Scylitzae
1209 3019 1350 3092 codici·

249 3145 337 3238 hus,
362 3145 486 3217 statuit
501 3147 525 3232 ¹)
554 3144 743 3243 Scylitzem
770 3146 931 3242 primum
959 3147 1208 3243 composuisse
1227 3145 1349 3243 Syno-

249 3269 334 3364 psin
346 3269 579 3342 historiarum
598 3271 843 3368 aNicephoro
860 3267 936 3340 dccl
954 3265 1104 3342 Γενικῶν
1131 3271 1289 3368 Augusto
1301 3267 1349 3340 ad

248 3375 360 3467 bacci
374 3393 554 3469 Comneni
575 3398 771 3496 imperium
795 3403 1022 3492 ann01057,
1049 3423 1160 3494 quam
1188 3396 1261 3497 fere
1292 3397 1350 3467 in·

251 3532 388 3617 tegram
406 3518 592 3596 Cedrenus
616 3526 799 3596 transtulit
825 3525 864 3596 in
890 3520 1159 3621 compendium
1174 3499 1279 3595 suum
1295 3523 1352 3593 hi·

251 3645 438 3719 storicum.
500 3647 630 3718 Postea
662 3671 748 3718 vero
789 3647 888 3719 idem
924 3648 1119 3744 Scylitzes,
1152 3648 1198 3717 ab
1227 3646 1351 3717 Alexio

252 3766 444 3876 Gomneno
467 3757 699 3871 curopalatae
727 3798 880 3846 munere
898 3773 1235 3866 auctus,historiam
1248 3796 1352 3844 suam

353 4047 382 4113 1)
402 4041 432 4096 ln
452 4041 598 4098 Commeat.
621 4043 654 4095 de
677 4042 863 4112 loannehydo
884 4043 955 4112 p.33
975 4045 1003 4096 in
1015 4042 1084 4095 libro
1099 4042 1173 4098 loan.
1190 4043 1269 4097 Lacr.
1287 4040 1355 4109 Lydi

252 4140 285 4192 de
303 4138 518 4209 magistratibus,
537 4138 646 4193 Parisiis
660 4139 737 4194 1812.
