2875 4734
562 299 771 368 merolus.
793 358 798 364 .
1139 298 1210 370 {15

113 457 215 524 πόσαι
237 461 468 549 δεδυνημένους
488 461 568 543 μήτε
583 459 698 542 λόχους
723 460 870 545 καθίσαι,
891 459 972 546 μήτε
992 464 1119 550 πολέμῳ
1141 466 1214 546 δρι-

113 565 173 638 μεῖ
189 565 294 640 κρίναι
316 555 350 622 τό
371 562 433 622 πᾶν
459 561 751 647 εδθυφρονοῠντας,
769 561 850 646 μήτε
873 558 1022 644 δυνάμεις
1038 565 1102 627 τοδν
1122 567 1216 629 έναν-

113 661 285 739 τιουμένοον
314 658 425 734 αὐτοῖς
454 661 690 747 διακρίναντας,
722 662 792 726 a’tt’
824 658 874 727 ὲνί
893 663 1000 727 κανόνι
1028 665 1216 745 χρωμένους

114 757 194 841 πρός
217 751 370 836 ἅπαντας,
394 756 471 835 τοός
490 783 523 824 τε
547 759 784 837 δυνατωτάτους
813 763 876 827 τόν
898 765 1046 828 ἐναντίων
1066 765 1122 827 καί
1141 761 1217 838 τοὺς

89 860 273 941 5γλίσχριος
305 860 360 923 καί
388 855 579 943 ἡγεμονικῶς
609 858 666 926 εἴτ’
689 855 747 928 οὖν
767 866 968 948 τοπαρχικοός
1000 859 1142 946 ἔχοντας.
1183 866 1219 927 τί

113 955 175 1041 γόρ
206 949 245 1043 ἡν
273 957 345 1025 τότε
374 964 444 1037 δέος
465 959 542 1046 πρὸς
572 960 628 1027 τόν
659 966 715 1028 τοῦ
739 960 852 1029 Χόλιπ
879 960 1018 1048 ἡγεμόνα
1045 965 1091 1039 εἰς
1113 961 1149 1028 τό
1168 960 1213 1048 μή

116 1057 244 1124 διοόκειν
265 1059 364 1126 ου’τόν
386 1057 532 1144 όκρατοός
552 1061 631 1144 μετό
652 1063 708 1147 τήν
729 1065 859 1148 τροπήν,
880 1063 1216 1150 δπισδοφυλακοόντος

115 1163 174 1224 τοῦ
193 1166 349 1243 βασιλέως
376 1159 457 1242 μετοὶ
480 1165 534 1245 τής
557 1166 667 1245 λοιπὴς
689 1167 746 1228 rori
769 1169 906 1247 στρατοῦ
927 1167 1061 1250 μοίρας,
1081 1164 1136 1230 καί
1155 1190 1216 1230 κοι-

115 1259 206 1324 τόπιν
229 1257 406 1345 ἐπιτρέπειν
438 1259 494 1345 τήν
524 1260 728 1346 παρεμβολήν
760 1261 894 1328 ἕπεσθαι
925 1269 1040 1347 μέχρις
1067 1260 1143 1330 δτου
1162 1271 1219 1332 καί

73 1383 107 1436 10
115 1365 161 1452 τῷ
175 1359 289 1428 Χόλεπ
311 1365 485 1448 ἐπέστησαν
505 1367 558 1427 καί
579 1365 653 1439 τοὺς
673 1361 763 1428 ἔνδον
783 1367 826 1451 τρῖ
847 1367 938 1454 φόβῳ
959 1371 1142 1434 κατέσεισαν
1163 1368 1218 1433 καί

116 1462 174 1548 τήν
203 1464 293 1527 πόλιν
312 1457 421 1528 edredo
452 1461 707 1548 mediocritatem,
730 1464 803 1557 τούς
830 1468 956 1542 πλείους
976 1469 1040 1532 τόν
1060 1492 1218 1550 στρατιω-

116 1568 181 1628 τιόν
201 1565 234 1627 έν
255 1563 292 1650 εὴ
312 1567 399 1649 φυγή
422 1565 671 1647 κατακόψαντες.
693 1573 696 1580 ’
715 1563 825 1642 καθώς
846 1564 909 1652 γόρ
930 1573 985 1634 καί
1003 1565 1137 1652 ὕστερον
1155 1593 1218 1650 με-

117 1661 318 1746 μαθήκαμεν,
338 1657 385 1726 ότι
408 1665 463 1727 καί
484 1664 578 1728 αίτοί
600 1662 630 1729 οἱ
651 1665 709 1729 τοῦ
729 1667 842 1731 Χόλεπ
865 1670 1114 1751 καραδοκοῦντες
1136 1662 1218 1754 ήσαν

118 1765 172 1850 ἐφ’
193 1755 219 1854 pi
249 1761 305 1848 τήν
338 1761 426 1829 πόλιν
449 1767 556 1828 ου’τοόν
585 1760 733 1854 ὁμολογίᾳ
749 1771 818 1831 «καί
843 1765 1017 1852 συνθήκαις
1047 1772 1219 1856 αφεσιμοις

74 1885 108 1938 15
119 1867 322 1949 παραδοῦναι
342 1867 387 1952 τιή
407 1871 542 1949 βασιλεῖ,
564 1867 690 1948 ἐπείπερ
712 1866 768 1930 καί
793 1863 810 1950 ἡ
833 1868 941 1953 νεότης
960 1867 1080 1934 τούτων
1101 1874 1219 1933 παθεῖν

118 1963 228 2046 ἔμελλε
250 1967 360 2046 πόσα,
390 1965 421 2028 εἰ
441 1967 560 2049 προέβη
583 1963 620 2029 τό
647 1967 700 2048 τής
723 1964 868 2046 διώξεως.
923 1960 1060 2052 ήλαονον
1080 1967 1143 2053 γὰρ
1166 1965 1222 2032 καί

118 2067 211 2130 ου’τοί
231 2067 343 2151 πεζικῇ
366 2061 543 2146 παρατάξει
564 2062 618 2129 διό
642 2064 702 2149 τήν.
722 2069 835 2131 ἐλπίδα
857 2070 915 2133 τοῦ
935 2060 1046 2152 πριόην
1066 2074 1128 2134 τῶν
1148 2073 1218 2134 Σα·

119 2167 262 2248 ροκηνοόν
290 2163 545 2250 προτερήματος,
575 2159 656 2231 edors
677 2163 732 2232 τόν
759 2167 891 2251 χάρακα
914 2173 977 2234 τοόν
994 2169 1162 2250 Ῥωμαίων
1185 2172 1219 2245 ἐξ

117 2271 291 2342 ἐπιθέσεως
313 2262 459 2349 αἱρήσειν
474 2267 654 2350 πολεμικῆς.
697 2270 754 2330 νῦν
776 2270 812 2332 δέ
825 2271 867 2356 τῷ
886 2271 1058 2358 ἀδιακρίτῳ
1078 2272 1135 2351 τής
1156 2271 1219 2334 τεόν

72 2389 109 2444 20
119 2364 285 2450 ἀρχόντων
314 2365 480 2450 ἡγεμονίας
503 2366 558 2431 καί
577 2369 630 2450 τής
652 2365 758 2430 adroic
786 2368 897 2450 ίσχόος
924 2369 986 2434 ’τοῖν
999 2369 1168 2451 Ῥωμαίων
1189 2367 1220 2434 οἱ

118 2471 261 2556 βασιλεῖς
282 2471 337 2531 καί
355 2465 501 2550 ἡγεμόνες
522 2471 662 2550 ἰσχυρῶς
683 2470 903 2553 συνεχόμενοι,
926 2467 984 2544 τός
999 2495 1034 2536 τε
1055 2473 1144 2545 νίκας
1160 2471 1219 2534 αδ·

119 2569 182 2632 τοδν
207 2571 251 2642 εἰς
278 2568 386 2651 α’γενὲς
417 2575 656 2652 περιστέλλουσι
688 2571 809 2654 πέρας,
836 2572 892 2634 καί
912 2568 989 2646 τοδς
1010 2569 1153 2655 ε’χδροός
1174 2572 1220 2647 εἰς

120 2662 253 2754 αὔχημα
283 2671 391 2751 μεῖζον
411 2672 613 2755 ἐπαίρουσιν,
643 2669 676 2734 ot
692 2675 748 2736 καί
769 2669 946 2756 κυριαρχήν
974 2667 1009 2735 έν
1029 2677 1101 2748 ταῖς
1119 2670 1221 2747 νίκαις

192 2863 236 2918 23.
256 2849 443 2936 xoptupxtin?

122 3043 243 3097 valentes
262 3059 350 3113 neque
370 3047 503 3097 centurias
524 3046 696 3106 constituere,
715 3059 804 3109 neque
822 3043 896 3096 bello
906 3047 962 3095 acri
978 3045 1124 3096 decernere
1135 3048 1223 3096 omnia

122 3116 210 3167 animo
230 3117 432 3181 contendentes,
453 3131 542 3182 neque
561 3116 633 3165 vires
653 3116 837 3178 oppositorum
850 3113 901 3164 sibi
912 3115 1096 3177 diiudicantes‚
1114 3117 1223 3167 seduna

122 3187 157 3238 ad
181 3203 272 3239 omnes
300 3196 405 3239 utentes
434 3185 537 3251 regula,
565 3193 591 3233 et
616 3185 648 3234 ad
667 3185 866 3248 potentissimos
887 3183 1002 3236 hostiurn
1022 3186 1160 3250 studeas,
1174 3186 1224 3254 'qui

122 3267 218 3310 tenues
239 3266 266 3310 et
283 3258 331 3310 sub
351 3260 419 3310 duce
438 3257 497 3307 sive
516 3253 570 3305 loci
589 3255 710 3321 principe
729 3261 798 3306 sunt.
837 3256 882 3323 qui
902 3258 971 3307 enirn
992 3265 1048 3308 erat
1066 3264 1120 3308 turn
1137 3267 1223 3309 metus

120 3345 159 3382 ne
179 3329 290 3395 Chalepi
309 3331 402 3381 ducem
421 3333 647 3393 persequerentur
665 3327 723 3378 sine
741 3326 900 3378 remissione
919 3337 980 3394 post
999 3328 1163 3398 fugamrcge
1177 3329 1223 3380 ul.

120 3403 202 3452 timos
216 3401 329 3452 ducente
344 3413 402 3448 cum
421 3396 525 3464 reliqua
540 3399 673 3449 exercitus
684 3406 768 3464 parte,
788 3405 816 3449 et
833 3399 1004 3453 adverterent
1018 3408 1119 3469 etergo
1138 3409 1224 3452 costra

121 3473 156 3524 ad
174 3472 338 3538 sequendum
359 3469 444 3519 donec
464 3467 508 3520 vol
536 3467 655 3534 Chalepo
681 3471 811 3520 instarent
837 3479 864 3522 et
889 3472 960 3523 intus
985 3479 1124 3524 versantes
1151 3479 1223 3522 metu

120 3549 297 3611 percuterent
317 3548 344 3590 et
362 3539 453 3591 urbem
473 3555 565 3592 eorum
584 3539 747 3592 subiicerent
765 3541 878 3592 maxima
896 3542 1010 3592 militurn
1028 3549 1104 3608 parte
1122 3543 1150 3591 in
1161 3542 1225 3608 iuga

121 3615 224 3666 occisa.
254 3617 282 3662 ut
301 3611 378 3661 etiam
397 3617 490 3678 postea
516 3611 674 3675 audivimus,
695 3619 722 3662 et
739 3614 812 3679 ipsos
832 3611 944 3678 Chalepi
962 3613 1065 3662 incolas
1083 3611 1224 3663 insidiatos
1297 3671 1303 3676 ,

122 3698 204 3747 esse,
229 3687 259 3731 ut
282 3681 373 3733 urbem
398 3697 470 3734 suam
496 3679 675 3734 conventione
702 3691 728 3733 et
752 3683 890 3748 promissis
916 3680 1065 3737 librationis
1090 3682 1225 3735 traderent

119 3755 193 3821 regi,
213 3752 336 3820 quoniam
356 3754 435 3804 etiarn
453 3755 577 3805 iuventus
597 3753 690 3806 horum
709 3755 764 3818 pati
783 3752 897 3802 debebat
915 3753 999 3802 omnis
1025 3754 1048 3804 si
1066 3755 1226 3820 procederet

122 3823 287 3893 persecutio.
302 3852 310 3859 ·
325 3825 561 3890 proficiscebantur
581 3825 650 3874 enirn
670 3831 697 3874 et
714 3824 767 3888 ipsi
785 3823 903 3887 pedestri
919 3824 978 3872 acie
988 3833 1097 3891 propter
1109 3825 1225 3892 priorem
1308 3849 1311 3858 ·

124 3897 318 3952 Saracenorum
338 3897 477 3948 victoriam
496 3902 644 3961 sperantes,
664 3910 693 3945 se
712 3892 813 3944 vallum
834 3892 994 3945 Graecorum
1013 3897 1114 3963 impetu
1130 3904 1225 3960 captu.

126 3983 171 4020 ros
192 3981 252 4020 esse
270 3963 387 4018 bellicoss
418 3975 594 4018 runcantem
616 3964 805 4016 incertitudine
825 3965 1097 4034 imperiipriucipurn
1123 3974 1151 4017 et
1168 3966 1227 4016 for.
1325 4020 1329 4036 ρ

125 4039 249 4090 titudinis
268 4037 386 4103 ipsorum
398 4038 558 4090 Graecorum
576 4051 656 4104 reges
677 4042 703 4086 et
721 4035 802 4089 ducos
821 4036 919 4087 retenti
938 4045 965 4087 et
984 4039 1110 4090 victorias
1129 4037 1228 4088 sorsin

125 4108 276 4176 ignobilem
295 4116 402 4162 vertunt
420 4110 498 4164 finem
519 4116 546 4162 et
568 4107 659 4159 hostes
678 4107 711 4160 ad
729 4107 855 4166 maiorem
874 4106 974 4159 tollunt
993 4107 1161 4169 iactantiam,
1181 4107 1228 4175 qui

127 4182 205 4236 οιίπια
224 4181 401 4249 principatum
421 4182 450 4232 in
473 4180 596 4235 victoriis
622 4179 751 4234 continua
780 4179 969 4245 persecutione
998 4193 1051 4230 non
1075 4185 1227 4248 spectantes
