2875 4734
158 187 163 193 ⁸
230 213 261 331 ἦ
582 231 792 300 nrsroma.
1161 214 1240 299 τοι·

134 393 323 473 accusatori
336 390 477 476 χαρίτων
490 390 605 459 ἔαυτόν
626 395 839 475 α’ποξενοῦντό
856 418 941 479 ποτε,
964 391 1008 470 ώς
1020 388 1102 461 εἶναι
1123 397 1238 477 θαῦμα

125 494 284 586 γμέγιστον
312 501 378 568 τοῖς
413 490 596 579 οἶνθρώποις
634 500 688 561 καί
722 496 916 580 ἀξιέραστον.
978 490 1052 561 όσον
1082 494 1142 580 γάρ
1172 504 1237 573 τοῖς

132 602 376 675 στρατιωτικοῖς
401 596 521 678 α’γώσιν
554 598 739 673 α’νόποιστος
771 590 811 682 ήν
832 596 887 661 καί
905 594 1079 680 θυμοειδής
1101 595 1155 660 καί
1174 620 1236 662 κα-

132 691 342 778 ταπληκτικός
362 697 420 779 τήν
441 696 551 782 ὁρμήν,
571 700 718 763 τοσοότον
738 702 772 764 ἐν
785 707 853 773 ταῖς
876 702 1001 790 α’νδσεσι
1020 697 1074 762 καί
1092 703 1161 772 ταῖς
1182 703 1236 761 λε-

103 798 284 877 5γομὲναις
306 796 497 879 ε’κεχειριάις
528 797 583 863 καί
602 806 672 873 ταῖς
692 798 774 863 κατό
795 797 852 883 τήν
881 791 1032 884 βασιλίδα
1056 802 1235 882 διατριβαῖς
1247 803 1265 858 f·
1278 804 1331 861 218
1344 821 1371 859 r.

130 893 290 977 ἡδύτατος
314 900 369 960 καί
400 903 558 981 μειλίχιος
590 904 644 963 καί
671 896 879 986 φιλόστοργος
902 898 981 985 πρός
1007 899 1079 977 τοός
1103 902 1236 980 Βυζαν-

128 996 237 1074 τίους,
271 998 325 1059 καί
351 995 462 1080 λόγους
490 999 637 1073 ώστείους
667 1002 769 1085 φιλών
802 1004 857 1066 καί
886 998 957 1078 τοός
994 998 1237 1083 οἷστεῖζομὲνους

129 1094 447 1180 προσοικειοόμενος,
476 1098 529 1163 καί
551 1092 692 1179 α’παξιών
716 1096 830 1166 ἔαυτόν
859 1100 955 1189 ἑτέρῳ
976 1104 1145 1185 καλεῖσθαι
1165 1098 1238 1165 σ’νό-

128 1219 211 1275 ματι
239 1188 260 1279 ἢ
289 1201 333 1283 τῷ
360 1196 420 1282 τήν
442 1197 625 1280 ἐπωνυμίαν
661 1205 834 1284 παρέχοντι
857 1197 952 1289 jabai
975 1205 1009 1267 ἑκ
1027 1207 1083 1287 τῆς
1104 1202 1234 1279 πόλεως.

84 1306 120 1361 10
132 1295 189 1359 διό
211 1300 303 1362 τοῦτο
329 1301 384 1363 καί
407 1298 494 1384 παροὶ
519 1298 644 1366 πόντων
666 1302 808 1385 ἠγαπᾶτο
833 1300 1070 1389 διαφερόντως,
1093 1303 1147 1368 καί
1168 1328 1235 1369 κοι-

129 1392 187 1460 νόν
212 1388 325 1480 ὄφελος
360 1400 415 1463 καί
448 1401 587 1466 ἐκαλεῖτο
623 1400 678 1465 καί
704 1402 898 1484 ἐγινώσκετο,
920 1404 1093 1468 πανδαισία
1118 1427 1153 1467 τε
1182 1404 1237 1468 καί

126 1500 277 1585 ίεόῳημίο
292 1497 396 1585 κοινή,
418 1501 611 1587 στρατιώτης
625 1526 659 1565 τε
677 1499 897 1586 α’παρώμιλλος
913 1505 968 1569 καί
987 1507 1115 1587 πολίτης
1137 1500 1233 1587 οἷσόγ.

129 1623 246 1683 κριτος.
301 1593 340 1684 ἦν
370 1603 432 1686 γὰρ
465 1600 542 1686 πρὸς
576 1604 697 1680 τούτοις
726 1608 781 1668 καί
807 1608 934 1686 μεγέθει
968 1600 1159 1684 διπλώμπων
1179 1606 1235 1667 καί

52 1725 56 1730 ·
109 1692 204 1782 ὄψει
229 1702 417 1767 ταπεινώσει
444 1726 475 1767 τε
508 1702 710 1787 φρονήματος
732 1708 787 1769 καί
815 1706 1078 1791 συναναστροφῆς
1102 1699 1232 1785 κοσμιό-

83 1819 200 1886 15τητι
230 1804 285 1865 καί
311 1801 523 1883 μειδιάματος
545 1802 728 1888 ἱλαρότητι,
752 1808 798 1882 τίς
831 1799 927 1888 όκρον
950 1806 1040 1891 δόξης
1062 1811 1117 1869 καὶ
1138 1828 1231 1890 περι-

128 1903 284 1984 λάμψεως
305 1897 420 1967 ἔαυτόν
447 1904 579 1987 ώνυψών
603 1905 641 1991 τῇ
664 1908 755 1989 κοινή
776 1908 833 1969 τοῦ
863 1906 1005 1989 πλήθους
1026 1895 1153 1991 εόλογίηι
1177 1908 1233 1969 καί

127 2007 277 2089 συντονίρ
294 2003 350 2085 τῆς
369 2001 585 2087 ἀναμνήσεως.
901 1998 910 2001 “

230 2103 277 2167 Ἐκ
300 2104 337 2188 δή
360 2103 479 2170 τοότων
507 2108 568 2170 τών
591 2108 731 2189 α’ρίσταιν
763 2106 817 2172 καί
835 2106 989 2190 μεγιλττών
1013 2109 1107 2185 ἕξεων
1128 2108 1231 2171 atros*

128 2205 185 2269 καί
205 2201 385 2285 ἐντεύξεων,
407 2208 463 2269 καί
484 2195 529 2269 ών
550 2208 619 2288 μετ’
643 2205 742 2270 αδτδν
765 2202 781 2269 ό
803 2210 916 2271 τοότου
939 2203 1133 2291 ώραιότατος
1156 2202 1231 2269 aad.

81 2309 184 2381 201504
207 2302 240 2369 ἔν
262 2329 294 2368 τε
326 2316 390 2383 τοῖς
420 2315 656 2390 στρατιωτικοῖς
686 2308 884 2389 α’γωνίσμοσι
914 2311 969 2372 καί
990 2309 1154 2391 τροπαίοις
1176 2308 1231 2371 καί

126 2412 195 2480 τοῖς
218 2412 386 2481 πολιτικοῖς
419 2405 658 2491 διακεσμήμοισι
690 2406 745 2472 καί
770 2405 919 2491 ἀρρήτοις
952 2408 1229 2490 δγκαλλωπίσμοσι

127 2508 279 2591 (συγγενῆ
298 2505 358 2592 γόρ
394 2504 497 2573 πόντιε
517 2511 572 2572 καί
593 2504 754 2594 όμότροπα
788 2511 842 2572 καί
871 2505 1000 2594 δμοφυῆ
1028 2508 1071 2594 τῷ
1090 2504 1228 2591 πατρίό

125 2605 200 2681 υἱός
220 2604 443 2699 ἐπεδείκνυτο),
466 2612 599 2676 διπλοόν
616 2608 650 2677 τό
666 2613 722 2696 τῆς
740 2608 859 2696 α’γόπης
880 2612 935 2675 καί
949 2607 985 2673 τό
1007 2606 1241 2695 τήςόρασμιό,

157 2767 160 2772 ⁴
199 2770 242 2824 21.
262 2779 323 2839 post
341 2774 445 2845 ἐγκαλλ.
469 2774 545 2827 deest
565 2772 703 2848 διέλαμπι
720 2771 767 2826 vel
785 2772 873 2827 simile
891 2773 1011 2827 verbum.
1070 2770 1071 2773 ’

125 2918 245 2971 bonitate
266 2918 431 2984 inferiorem,
451 2928 495 2972 aut
510 2914 528 2972 a
546 2921 646 2974 virtute
665 2928 692 2971 et
712 2919 847 2970 hilaritate
868 2925 895 2969 et
911 2919 968 2970 risu
986 2918 1128 2985 gratimum
1145 2917 1226 2982 pleno

126 3007 158 3043 se
177 2989 370 3043 abalienantem
391 3008 516 3061 unquam,
535 2994 572 3043 ita
593 2999 623 3043 ut
642 2997 713 3042 esset
737 2988 892 3039 miraculum
911 2990 1051 3039 maximum
1076 2986 1226 3039 hominibus
1248 3048 1252 3061 ι

128 3069 156 3112 et
176 3062 298 3113 amabile.
336 3072 461 3131 qnantum
492 3065 561 3113 enim
586 3064 614 3110 in
642 3059 801 3110 militaribus
826 3054 1019 3109 'certaminibus
1045 3057 1222 3109 irresistibilis

126 3141 184 3184 erat
197 3142 223 3185 et
241 3136 375 3186 animosus
395 3144 422 3185 et
440 3131 569 3183 terribilis
590 3132 700 3196 impetu,
721 3138 820 3180 tantum
838 3130 866 3178 in
886 3129 1043 3179 remissione
1063 3135 1089 3177 et
1111 3128 1225 3179 induciis

128 3211 156 3255 et
175 3208 382 3257 commoratione
401 3205 429 3253 in
447 3203 524 3267 regia
543 3202 716 3253 suavissimus
737 3210 763 3251 et
782 3201 850 3251 lenis
870 3207 897 3249 et
914 3214 1003 3250 amans
1029 3214 1092 3267 erga
1115 3200 1225 3265 Byzan..

126 3276 197 3327 ties:
224 3285 251 3329 et
269 3289 406 3333 sermones
433 3272 549 3324 urbanos
573 3272 676 3323 amabat
703 3271 878 3339 hominesque
909 3271 1023 3322 urbanos
1050 3271 1101 3323 sibi
1130 3271 1225 3322 conci.

125 3346 219 3413 liabat,
241 3348 431 3413 indignumque
450 3344 558 3395 rebatur
583 3360 612 3394 se
635 3341 689 3393 alio
719 3343 812 3394 vocari
836 3344 943 3392 nomine
968 3350 1047 3411 atque
1074 3356 1126 3407 eo,
1153 3342 1225 3410 quod
1257 3354 1264 3365 ⁴

127 3419 153 3468 ei
176 3434 209 3469 ex
228 3418 294 3469 urbe
313 3415 504 3481 praebebatur:
526 3423 669 3482 propterea
688 3416 767 3465 etiam
787 3414 819 3465 ab
850 3413 970 3465 omnibus
999 3414 1096 3465 eximie
1123 3412 1224 3481 dilige.

123 3489 203 3538 batur
223 3497 249 3538 et
269 3487 412 3537 communis
431 3486 533 3550 utilitas
553 3495 580 3537 et
597 3486 744 3538 vocabatur
762 3495 788 3537 et
809 3485 1030 3552 cognoscebatur,
1050 3492 1130 3551 atque
1156 3496 1223 3533 con.

125 3560 230 3609 virium
250 3567 277 3609 et
294 3557 353 3608 laus
372 3560 526 3621 communis,
546 3556 676 3625 milesque
696 3557 885 3625 insuperabilis
906 3564 932 3607 et
958 3558 1025 3607 civis
1054 3556 1224 3620 incompara.

124 3628 198 3680 bilis.
221 3635 277 3679 erat
297 3629 365 3679 enim
384 3638 525 3695 praeterea
545 3636 571 3679 et
581 3630 762 3695 magnitudine
777 3629 890 3680 illustris
911 3635 938 3677 et
956 3626 1032 3678 vultu
1052 3632 1132 3694 atque
1158 3624 1223 3677 sub.

123 3701 245 3751 missioni
265 3700 344 3751 animi
364 3708 391 3750 et
410 3700 608 3764 consuetudinis
629 3701 727 3751 decore
747 3708 774 3752 et
792 3701 862 3751 risus
881 3697 1016 3748 hilaritate
1035 3698 1067 3749 ad
1086 3697 1223 3766 fastigium

125 3770 229 3837 gloriae
249 3779 276 3821 et
293 3772 457 3823 auctoritatis
476 3786 506 3823 se
524 3770 623 3821 tollens
643 3772 774 3822 communi
794 3769 969 3821 multitudinis
989 3768 1176 3822 benedictione
1197 3775 1223 3819 et

126 3855 259 3894 consensu
286 3841 483 3894 celebrationis.

223 3931 263 3983 Ex
276 3930 318 3982 his
337 3931 418 3998 igitur
432 3932 538 3998 optimis
556 3932 730 3997 maximisque
746 3929 953 3995 proprietatibus
973 3929 1030 3982 eius
1046 3938 1073 3981 et
1089 3928 1221 3981 sermoni.

124 4002 173 4055 bus
193 4010 219 4053 et
238 4019 272 4054 ex
290 4004 333 4066 iis3
354 4018 420 4069 quae
439 4002 553 4054 habebat
570 4005 631 4069 post
651 4018 709 4052 eum
729 4001 807 4051 huius
830 4002 981 4052 maturrime
999 4015 1118 4068 propago
1139 4006 1166 4050 et
1192 4000 1220 4049 in

125 4074 283 4126 militaribus
304 4074 491 4125 certaminibus
511 4082 538 4124 et
556 4075 721 4141 tropaeisset
741 4072 865 4125 civilibus
885 4073 1012 4124 institutis
1033 4079 1065 4143 ⁰²,
1078 4069 1220 4123 virtutibus

126 4144 220 4201 celatis
237 4150 367 4217 (cognata
386 4147 455 4198 enim
473 4146 561 4197 omnia
580 4154 607 4197 et
632 4144 730 4197 similia
750 4153 776 4196 et
797 4145 913 4197 eiusdem
930 4150 1041 4195 naturae
1059 4141 1128 4210 patri
1148 4139 1219 4195 filius
