2875 4734
179 324 182 332 ’
215 341 263 412 70
505 345 725 414 ntentans
755 305 1014 411 amasiones

212 507 271 589 τήν
291 513 353 572 ταῖν
375 511 491 572 ναῖκιόν
523 512 578 572 καί
609 509 778 574 ἰδιωτικῶν
799 505 972 591 ’κτημάτων
1000 505 1188 591 α’φαίρεσιν,
1210 507 1315 588 ἐτεροι

215 604 269 671 διό
293 605 403 674 πάντα.
456 603 545 674 ἄλλοι
566 605 619 673 διό
657 597 898 695 σωφρονισμόν
919 608 980 672 ταῖν
998 611 1174 688 μετέπειτα.
1218 630 1316 687 μονο-

215 711 310 790 νοσχί
331 715 387 773 τοῦ
403 711 652 791 μεταλλάξαντος
674 699 821 774 κόλασιν·
863 713 1035 790 συνέβαλον
1048 705 1109 791 γόρ
1132 706 1189 789 τήν
1210 708 1315 789 μετό-

215 833 305 874 νοιαν
326 803 371 875 ότι
389 808 445 893 τήν
467 813 558 888 θειάν
583 815 828 895 φιλανθρωπίαν
848 812 1027 880 ἐκκαλεῖται
1049 807 1128 892 πρός
1150 805 1246 872 ἔλεον.
1283 807 1315 873 οἱ

216 913 252 974 δὲ
273 910 392 974 τούτων
423 913 557 975 ἐναντίοι
584 912 761 991 μετόμελον
781 902 906 992 θρέψαι
934 906 988 973 τόν
1022 902 1124 991 ἄνδρα
1153 909 1232 991 μετὰ
1254 907 1314 992 τήν
1324 938 1342 990 5
1435 910 1436 931 ²

217 1009 423 1094 ἀναχώρησιν
456 1007 578 1094 ἔλεγον,
609 1009 663 1074 καί
691 1008 769 1074 κατὰ
802 1012 899 1074 τοῦτο
931 1013 987 1094 τῆς
1010 1008 1236 1092 μεταβιιόσεως
1267 1008 1311 1093 μή

216 1110 413 1175 α’πόνασθαι.
467 1107 495 1174 οἱ
519 1113 553 1175 δὲ
573 1109 609 1174 τό
642 1109 763 1195 ῥεῦσαι
785 1107 963 1194 οἷγιωσόνης
984 1106 1074 1193 ἐργον
1095 1113 1235 1175 ἐτίθεντο
1258 1113 1312 1193 δαὶ

215 1207 274 1292 τήν
293 1208 373 1290 μετὰ
398 1215 499 1276 ταῦτα
526 1214 647 1292 μᾶλλον
667 1210 857 1290 μετάνοιαν,
882 1215 937 1274 καί
967 1207 1001 1274 τό
1026 1211 1196 1292 δειχθῆναι
1218 1213 1316 1274 πᾶσιν

217 1307 260 1384 αἱς
283 1310 340 1372 ου’κ
361 1307 444 1374 ἐστιν
467 1309 645 1396 ἁμάρτημα
667 1309 699 1375 τό
729 1308 788 1394 τήν
808 1312 902 1374 θείαν
925 1304 1091 1390 εὐμένειαν
1112 1309 1315 1392 βιαζόμενον,

216 1411 247 1475 εἰ
265 1413 328 1474 τεόν
351 1414 454 1478 κακιόν
477 1437 524 1486 τις
542 1413 685 1488 ἐκκλίνας
706 1409 740 1474 τὸ
766 1409 890 1494 α’γαθὸν
911 1413 1022 1475 ἕλοιτο.
1067 1406 1127 1493 ἐγώ
1147 1412 1181 1475 δέ
1205 1411 1314 1498 α’μφστ
1328 1436 1361 1490 10
1435 1483 1437 1497 Ι

216 1511 317 1593 τίρων
337 1510 392 1596 τήν
413 1511 541 1595 γνοόμην
560 1513 799 1594 ἐπαποδὲχομαι
823 1513 865 1596 τῷ
888 1511 945 1594 τήν
956 1513 1016 1591 μὲν
1036 1508 1207 1594 κωλυτικήν
1232 1507 1316 1574 εἶναι

215 1607 392 1689 μελλόντων
422 1613 545 1691 κακῶν,
570 1608 627 1695 τήν
654 1611 690 1673 δὲ
724 1608 955 1701 προτρεπτικὴν
993 1607 1054 1672 α’πό
1090 1608 1145 1673 τοό
1174 1608 1316 1691 χείρονος

218 1709 296 1792 πρὸς
315 1708 349 1774 τό
375 1715 513 1793 βέλτιον·
556 1713 612 1774 καί
632 1707 762 1784 οὐδενός
782 1708 839 1793 τήν
862 1704 943 1793 ήττω
972 1712 1249 1797 καταφηφίζομαι.

63 1824 205 1882 GodEsc.
315 1811 397 1874 Ἀλλ’
431 1808 524 1892 όμοι
553 1815 653 1894 λε”γειν
676 1809 692 1873 ό
713 1808 803 1892 λόγος
827 1803 967 1894 ιόρμητο,
1000 1809 1227 1892 ἐπιλαβόμενος
1252 1815 1317 1874 τεόν

60 1898 388 2026 ωῗήήὲξῑβασιλικιόν
409 1911 575 1996 σκήπτρων
600 1909 876 1985 Κωνσταντῖνοςό
899 1911 1025 1985 Δοόκας
1057 1907 1250 1995 συνήθροισε
1274 1909 1315 1974 τό
1329 1929 1363 1980 15
1435 1927 1437 1935 ’

215 2020 379 2093 σωματεῖα
402 2015 456 2095 τής
480 2010 609 2094 πόλεως,
636 2010 691 2077 καί
719 2010 832 2094 λόγους
862 2012 1031 2086 ἐπιεικείας
1059 2015 1213 2094 γέμοντας
1240 2015 1317 2096 ἐδη-

200 2103 375 2197 μηγόρησε
396 2112 477 2196 πρὸς
499 2111 628 2199 αότοός,
645 2107 746 2194 “aab‘'
770 2111 887 2198 φήσας,
903 2104 950 2177 “ai
971 2105 1095 2197 ἄνδρες,
1108 2115 1251 2195 βασιλέα
1263 2137 1318 2178 τε-

214 2213 330 2288 θεικώς
358 2215 420 2278 τῶν
449 2217 504 2280 ἐπί
532 2219 589 2298 γής
623 2213 639 2278 ό
666 2214 847 2297 βασιλεύων
880 2217 914 2279 ἐν
940 2217 1089 2298 ου’ρανοῖς
1110 2219 1164 2299 τῆς
1186 2211 1319 2280 ἁπασῶν

215 2319 363 2400 μεγίστης
383 2317 474 2398 τιμής
495 2319 645 2401 πεποιήκε
664 2320 837 2402 μέτοχον..
870 2315 930 2399 ἐγώ
954 2319 989 2380 δὲ
1013 2310 1069 2379 οὐκ
1095 2309 1134 2380 dv
1150 2314 1317 2399 -φεόσαιμι

133 2453 144 2463 2
215 2417 273 2494 τὰς
295 2414 376 2500 πρός
399 2415 516 2482 ἐκεῖνον
549 2414 730 2501 συνθήκας,
753 2415 825 2481 ἀλλ’
846 2417 983 2500 εόμενής
1012 2420 1068 2482 καί
1088 2418 1363 2502 φιλόνθρωποςρρ

215 2515 342 2598 ἔσομαι,
363 2519 467 2602 πατήρ
500 2540 533 2580 τε
566 2525 631 2591 τοῖς
652 2521 751 2598 νέοις,
774 2519 829 2582 καί
854 2526 920 2595 τοῖς
948 2515 1049 2602 ήλιξιν
1079 2515 1238 2604 α’όελφός,
1262 2516 1319 2582 καί

291 2707 314 2756 1.
333 2699 384 2772 τήν
405 2720 447 2757 om
466 2703 496 2759 G.
604 2708 631 2760 2.
653 2703 883 2780 σωφρονισμόνῗ
905 2723 968 2761 rnox
985 2707 1041 2761 hiat
1059 2707 1154 2760 oratio.
1273 2707 1316 2760 11.

287 2777 541 2850 ,ἐπαποόεχόμενος
562 2777 592 2832 0.

218 2943 309 3009 risque
333 2932 474 3008 quotannis
501 2957 516 2991 e
538 2942 623 3008 regiis
647 2941 780 2997 thesauris
799 2944 944 3009 darentur,
964 2943 1011 2995 alii
1030 2951 1140 3010 propter
1156 2942 1319 3011 templorum

220 3021 246 3062 ct
264 3012 426 3077 privatarum
445 3015 643 3077 possessionum
663 3014 855 3084 abreptionem,
874 3015 921 3066 alii
940 3025 1049 3082 propter
1068 3017 1164 3079 omnia,
1184 3015 1231 3066 alii
1250 3030 1318 3080 pro.

219 3091 278 3149 pter
302 3085 506 3152 castigationum
532 3085 677 3137 futurarum
702 3105 788 3156 paene
815 3089 933 3138 defuncti
962 3102 1083 3153 poenam.
1129 3086 1320 3153 intelligebant

220 3155 289 3204 enirn
309 3156 499 3219 poeniteutiam
519 3157 589 3225 quod
603 3160 718 3211 divinam
729 3160 920 3228 benignitatem
930 3167 1035 3210 evocat
1052 3159 1086 3209 ad
1100 3158 1317 3209 misericordiam.

220 3224 313 3275 horum
332 3235 419 3275 autem
439 3230 565 3279 contrarii
585 3231 777 3295 poenitentiam
797 3229 921 3280 habuisse
940 3231 1025 3281 virum
1045 3239 1106 3296 post
1123 3245 1260 3280 secessum
1274 3229 1318 3278 di.

220 3294 324 3357 cebant,
345 3304 372 3347 et
390 3297 439 3348 hao
459 3299 485 3346 in
505 3315 534 3347 re
554 3301 609 3348 vita
627 3310 757 3368 sequente
780 3315 834 3351 non
854 3303 920 3351 frui:
939 3301 986 3351 alii
1006 3309 1093 3352 autem
1111 3301 1138 3350 id
1156 3301 1227 3368 quod
1247 3298 1318 3350 flue.

219 3366 273 3428 bat,
293 3367 440 3418 sanctitatis
459 3369 562 3436 signum
584 3371 734 3422 statuebant
758 3379 867 3438 propter
893 3374 1019 3422 maiorem
1037 3372 1149 3438 posthae
1173 3373 1318 3438 poeniten.

220 3437 282 3486 tiam
302 3445 327 3488 et
346 3439 378 3489 ad
396 3437 558 3505 probandum
578 3441 708 3506 omnihus,
726 3458 779 3493 non
800 3458 860 3494 esse
877 3452 1024 3508 peccatum,
1036 3445 1105 3510 quod
1121 3445 1238 3495 divinam
1256 3441 1318 3492 ele..

220 3510 344 3560 mentium
363 3519 466 3578 urgeat,
486 3512 508 3562 si
527 3511 586 3578 quis
605 3512 681 3564 malis
700 3530 730 3565 se
748 3512 891 3566 deflectens
911 3514 1009 3564 bonnm
1028 3514 1151 3582 eligeret.
1189 3529 1240 3581 ego
1266 3530 1317 3564 an.

220 3587 274 3628 tom
298 3588 469 3650 utrorumque
497 3584 654 3634 sententiam
683 3585 784 3636 reddidi
811 3586 879 3637 lranc
904 3585 937 3635 ob
958 3600 1013 3635 rem
1032 3585 1103 3652 quod
1121 3585 1206 3636 altera
1224 3601 1318 3636 arcere

221 3651 338 3715 possita
357 3653 452 3705 laturis
471 3655 565 3718 malis,
585 3654 669 3706 altera
688 3657 829 3708 advortere
848 3659 964 3724 possita
983 3659 1077 3723 peiore
1095 3656 1128 3707 ad
1146 3657 1260 3720 melius,
1290 3663 1318 3705 et

220 3729 341 3772 neutram
360 3734 389 3775 ut
407 3727 561 3777 inferiorem
589 3727 691 3778 damno.

235 3859 240 3869 ,
266 3839 273 3854 ι
321 3809 373 3862 Sed
391 3813 417 3862 id
436 3815 506 3880 quod
518 3815 582 3864 milri
601 3815 692 3866 dicere
711 3817 796 3866 oratio
817 3815 949 3876 tendebat,
969 3816 1084 3881 receptis
1102 3816 1187 3882 regiis
1204 3801 1318 3880 sceptris

223 3885 410 3940 Constantinus
429 3886 515 3938 Ducas
536 3889 625 3954 coegit
644 3887 761 3955 collegia
780 3887 851 3938 urbis
872 3895 898 3936 et
917 3887 1050 3937 orationes
1070 3886 1212 3936 clementia
1228 3885 1318 3936 reler-
1345 3935 1349 3940 ,

171 3978 174 3985 r
221 3967 261 4010 tas
280 3955 372 4006 babuit
390 3957 421 4012 ad
441 3972 507 4020 eos,
529 3974 586 4007 curn
605 3959 724 4009 diceret:
744 3975 800 4022 me,
820 3959 891 4021 viri,
911 3973 969 4007 cum
988 3973 1079 4023 regern
1097 3957 1241 4008 reddiderit
1258 3965 1318 4006 ter.

222 4042 313 4079 renum
333 4026 381 4076 ille
401 4029 444 4093 qui
465 4029 492 4076 in
512 4030 596 4078 coelis
616 4039 711 4096 regnat
730 4033 845 4081 omniurn
863 4030 970 4079 maximi
991 4030 1099 4078 honoris
1120 4029 1184 4077 lecit
1203 4029 1318 4093 partici-

222 4115 290 4165 pem.
329 4111 380 4165 ego
399 4107 486 4148 autern
505 4113 558 4159 non
578 4098 667 4150 fallam
686 4102 759 4151 datas
780 4101 820 4151 illi
839 4101 1045 4168 promissiones,
1070 4100 1117 4150 sed
1142 4097 1261 4149 clemens
1292 4107 1321 4148 et

223 4170 351 4222 humanus
371 4184 427 4233 ero,
447 4178 522 4236 pater
540 4168 766 4235 adolescentibus,
787 4180 813 4222 et
832 4171 989 4240 aequalibus
1009 4171 1100 4231 frater,
1120 4178 1147 4220 et
1164 4171 1250 4235 scipio
1270 4185 1319 4220 se-

222 4238 301 4292 nibus
321 4246 347 4291 et
363 4255 430 4305 puer
449 4241 638 4295 constitutione
658 4249 685 4293 et
703 4241 883 4294 aemulatione
900 4251 1019 4295 naturae.
1058 4243 1166 4292 eveniet
1183 4248 1273 4292 autern
1290 4239 1319 4291 in
