2875 4734
526 225 769 292 Puturnrto.
1155 241 1189 289 ιιι

93 397 177 470 dem
200 396 448 467 bibliothecae
475 397 668 492 catalogus,
696 410 726 466 a·
743 395 820 464 viro
835 392 947 464 docto
964 391 1102 464 Millcro
1119 417 1189 464 nu·

91 548 158 619 per
186 519 304 592 editus
321 522 356 609 ¹).

194 645 225 715 ls
247 646 355 742 igitur
381 643 508 737 codex,
534 642 813 740 decimiquarti,
836 658 876 716 ut
896 641 1051 737 ridetur,
1065 643 1190 737 seculi,

94 773 181 841 olim
211 771 456 841 bibliothecae
482 770 651 841 Matthaei
680 769 859 862 Dauduli,
895 769 1001 839 initio
1038 793 1081 840 ac
1111 767 1187 840 fine

51 985 55 992 ⁸
94 896 255 987 mutilus,
282 894 348 966 lert
375 896 411 965 in
439 894 557 966 fronte
580 893 645 966 sed
678 919 791 966 manu
823 893 1020 966 recentiori
1056 894 1191 964 lemma
1287 965 1305 987 s

96 1018 201 1092 illud:
221 1019 388 1116 Μιχαὴλ
414 1018 686 1088 Ἀτταλειάτου
707 1018 882 1116 χρονικὰ-ν
907 1017 1100 1117 ἀκέφαλον
1128 1015 1191 1087 καὶ

94 1143 309 1228 ἀτέλεστον,
337 1143 411 1213 aiud
439 1141 500 1225 τὴς
526 1143 721 1240 βασιλείας
738 1143 901 1241 Μιχαὴλ
924 1139 994 1212 τοῦ
1018 1143 1192 1239 Τραυλοῦ

96 1265 296 1365 μέχριτὴς
322 1263 515 1365 βασιλείας
542 1269 701 1364 Μιχαὴλ
728 1266 796 1337 τοῦ
821 1265 969 1349 Δουιιός.

204 1392 304 1464 Unde
331 1418 460 1464 omnes
487 1395 559 1464 lere
586 1395 622 1464 iu
643 1418 803 1464 errorem
828 1390 968 1464 inducti
994 1409 1088 1468 sunt.
1117 1397 1193 1469 Do-

96 1534 175 1590 ctus
200 1531 322 1589 tamen
347 1517 500 1614 quidam
525 1539 730 1616 anonymus
756 1519 909 1616 margini
925 1520 1115 1618 adscripsit
1127 1547 1194 1593 an·

98 1644 323 1716 notationem
357 1643 470 1713 illam:
507 1635 612 1736 „Nou
646 1656 682 1714 te
719 1632 907 1740 decipiant
937 1647 1194 1744 inscriptiones

98 1771 306 1866 appositae,
340 1767 404 1839 sed
437 1768 562 1839 conler
596 1768 762 1840 codicem
797 1769 897 1841 hunc
929 1796 1012 1844 cum
1046 1770 1193 1870 Georgii

98 1893 252 1966 Cedreni
281 1894 470 1990 annalibus
507 1893 759 1997 graecolatinis
782 1895 969 1991 impressis
993 1897 1149 1995 basileae
1172 1921 1194 1970 a

96 2045 177 2117 pag.
193 2015 268 2089 414
295 2020 388 2089 linea
414 2018 540 2089 ultima
566 2017 663 2090 illius
690 2020 873 2113 editionis,
899 2035 935 2092 ct
961 2019 1103 2092 videbis
1134 2023 1194 2094 in·

98 2147 226 2240 primis
259 2145 320 2216 hic
347 2145 472 2216 haberi
500 2145 664 2216 ultimam
692 2159 833 2242 partem
864 2147 1044 2219 historiae
1072 2147 1192 2242 illius,

101 2271 238 2342 scilicet
265 2295 284 2340 a
311 2268 434 2353 medio
471 2270 627 2366 imperio
654 2269 839 2341 Michaelis
866 2272 968 2342 Balbi
999 2258 1116 2369 usque
1148 2271 1196 2344 ad

101 2396 229 2489 finem,
256 2385 365 2492 quem
383 2394 495 2466 finem
517 2393 640 2464 videre
659 2408 712 2464 est
724 2394 784 2465 fol.
802 2397 872 2471 ‘267
887 2396 1019 2493 pagina
1034 2396 1194 2468 secunda

101 2522 207 2594 huius
235 2519 382 2593 codicis.
446 2519 517 2593 Sed
537 2545 578 2592 ea
605 2545 684 2618 pag.
711 2518 872 2592 secunda
901 2521 1010 2593 huius
1042 2521 1104 2593 tot.
1121 2524 1197 2596 267-
1257 2606 1262 2613 ,

100 2648 266 2744 sequitur
290 2645 474 2719 Michaelis
500 2646 694 2720 Attaliotae
730 2644 776 2716 ad
804 2646 1062 2742 imperatorem
1085 2649 1196 2720 Bota-

102 2774 236 2843 niatem
258 2796 327 2866 pro
355 2771 505 2842 historia
532 2769 690 2867 perlecta
723 2795 832 2867 quam
866 2771 1010 2867 scripsit
1041 2771 1196 2867 epistola

101 2896 338 2989 dedicatoria,
366 2909 402 2967 et
427 2895 572 2967 solsol)
601 2895 763 2966 historia.
791 2894 1002 2991 imperfecta
1022 2897 1196 2994 utrinque

103 3036 166 3114 est,
180 3024 204 3106 ²)
232 3023 367 3093 scilicet
393 3024 439 3123 ab
460 3023 587 3092 ultimo
617 3021 772 3116 imperio
793 3019 977 3090 Michaelis
990 3022 1195 3118 Paphlago·

105 3148 159 3217 nis
185 3172 301 3242 usque
328 3145 375 3217 ad
401 3133 611 3216 Michaeleur
629 3146 786 3238 Ducam,
814 3145 871 3216 cui
898 3145 1068 3218 successit
1090 3145 1197 3219 Nice-

103 3272 243 3368 phorus
269 3273 494 3365 Botaniates,
522 3295 597 3366 quo
624 3283 792 3366 tempore
827 3270 993 3342 floruisse
1018 3271 1198 3368 probatur

102 3398 163 3470 hic
190 3397 351 3495 scriptor·
374 3398 437 3493 qui
465 3398 516 3467 sic
542 3397 680 3467 lacerus
706 3395 753 3467 ad
776 3421 843 3468 nos
870 3395 1072 3501 pervcnit.“
1122 3396 1196 3471 lni-

102 3525 194 3596 tium
219 3523 393 3596 historiae
406 3523 592 3594 Attaliatae
620 3535 656 3592 et
666 3521 1068 3621 cuiusqueparagraphi
1077 3524 1197 3621 prima

105 3691 375 3706 w-——a——nq

204 3762 232 3831 1)
254 3759 401 3829 Cataloguc
420 3761 465 3813 des
487 3759 559 3814 ttss.
579 3775 658 3828 greca
686 3759 719 3810 dc
744 3759 770 3811 la
797 3757 985 3827 bibliotheque
1009 3758 1041 3810 de
1060 3757 1193 3813 l’Encurla

104 3873 150 3926 par
168 3856 200 3912 E.
223 3859 320 3912 Miller.
357 3859 431 3910 Paris
453 3857 519 3909 1848
537 3872 562 3925 p.
579 3856 635 3908 136.

201 3959 231 4027 2)
252 3957 330 4009 lnitio
351 3957 457 4008 unicum
477 3953 569 4006 folium
590 3955 684 4006 deesse
698 3953 830 4005 videtura
848 3953 938 4006 verbis
957 3945 1049 4019 τὸτῆς
1067 3955 1198 4026 luceolos

107 4091 113 4105 .
134 4091 140 4106 .
162 4092 169 4108 .
189 4055 222 4106 ad
241 4054 323 4107 verba
343 4049 458 4124 Μιχαὴλ
479 4048 586 4112 Δουκὸς
611 4051 659 4105 τοῦ
677 4052 835 4104 Δοκειανοῦ
855 4049 902 4100 lol.
927 4048 979 4101 168
996 4048 1096 4100 codicis
1117 4047 1198 4104 coia.

104 4145 204 4205 liniaci.
