<?xml version="1.0" encoding="UTF-8"?>
<!DOCTYPE html PUBLIC "-//W3C//DTD XHTML 1.0 Transitional//EN"
    "http://www.w3.org/TR/xhtml1/DTD/xhtml1-transitional.dtd">
<html xmlns="http://www.w3.org/1999/xhtml" xml:lang="en" lang="en">
 <head>
  <title>
</title>
<meta http-equiv="Content-Type" content="text/html;charset=utf-8" />
  <meta name='ocr-system' content='tesseract 3.04.00' />
  <meta name='ocr-capabilities' content='ocr_page ocr_carea ocr_par ocr_line ocrx_word'/>
</head>
<body>
  <div class='ocr_page' id='page_1' title='image "./corpusscriptoru05theogoog/corpusscriptoru05theogoog_0082.png"; bbox 0 0 2875 4734; ppageno 0'>
   <div class='ocr_carea' id='block_1_1' title="bbox 228 165 1039 290">
    <p class='ocr_par' dir='ltr' id='par_1_1' title="bbox 228 165 1039 290">
     <span class='ocr_line' id='line_1_1' title="bbox 228 165 1039 290; baseline -0.018 -1"><span class='ocrx_word' id='word_1_1' title='bbox 228 209 277 290; x_wconf 77' lang='lat' dir='ltr'>ot</span> <span class='ocrx_word' id='word_1_2' title='bbox 531 207 750 282; x_wconf 81' lang='lat' dir='ltr'>nrcnlnnrs</span> <span class='ocrx_word' id='word_1_3' title='bbox 779 165 1039 278; x_wconf 74' lang='lat' dir='ltr'>amantornn</span> 
     </span>
    </p>
   </div>
   <div class='ocr_carea' id='block_1_2' title="bbox 96 316 1432 2471">
    <p class='ocr_par' dir='ltr' id='par_1_2' title="bbox 96 316 1432 2471">
     <span class='ocr_line' id='line_1_2' title="bbox 229 316 1331 494; baseline -0.015 -47"><span class='ocrx_word' id='word_1_4' title='bbox 229 381 331 469; x_wconf 85' lang='grc' dir='ltr'><strong><em>ριόντι</em></strong></span> <span class='ocrx_word' id='word_1_5' title='bbox 353 380 479 464; x_wconf 81' lang='grc' dir='ltr'><strong><em>νικῆσαι</em></strong></span> <span class='ocrx_word' id='word_1_6' title='bbox 503 369 857 464; x_wconf 76' lang='grc' dir='ltr'><strong><em>ἀιαθρυλλοάμενος,“</em></strong></span> <span class='ocrx_word' id='word_1_7' title='bbox 831 399 882 440; x_wconf 82' lang='grc' dir='ltr'><strong><em>οτι</em></strong></span> <span class='ocrx_word' id='word_1_8' title='bbox 907 399 961 439; x_wconf 86' lang='grc' dir='ltr'>και</span> <span class='ocrx_word' id='word_1_9' title='bbox 988 363 1022 470; x_wconf 78' lang='grc' dir='ltr'><strong><em>τί</em></strong></span> <span class='ocrx_word' id='word_1_10' title='bbox 1046 316 1153 494; x_wconf 79' lang='grc' dir='ltr'><strong><em>ἀλχος</em></strong></span> <span class='ocrx_word' id='word_1_11' title='bbox 1162 355 1297 432; x_wconf 74' lang='grc' dir='ltr'><strong><em>οὐδὲν</em></strong></span> <span class='ocrx_word' id='word_1_12' title='bbox 1275 391 1331 451; x_wconf 85' lang='grc' dir='ltr'><strong><em>ητ-</em></strong></span> 
     </span>
     <span class='ocr_line' id='line_1_3' title="bbox 230 463 1333 592; baseline -0.016 -43"><span class='ocrx_word' id='word_1_13' title='bbox 230 507 283 549; x_wconf 91' lang='grc' dir='ltr'><strong><em>τον</em></strong></span> <span class='ocrx_word' id='word_1_14' title='bbox 306 482 391 569; x_wconf 75' lang='grc' dir='ltr'><strong><em>αὐτῷ</em></strong></span> <span class='ocrx_word' id='word_1_15' title='bbox 412 478 490 545; x_wconf 86' lang='grc' dir='ltr'>κατά</span> <span class='ocrx_word' id='word_1_16' title='bbox 515 503 549 544; x_wconf 87' lang='grc' dir='ltr'>τε</span> <span class='ocrx_word' id='word_1_17' title='bbox 574 504 631 562; x_wconf 85' lang='grc' dir='ltr'><strong><em>την</em></strong></span> <span class='ocrx_word' id='word_1_18' title='bbox 659 475 814 544; x_wconf 73' lang='grc' dir='ltr'><strong><em>ἔκπτωσιν</em></strong></span> <span class='ocrx_word' id='word_1_19' title='bbox 837 476 891 556; x_wconf 78' lang='grc' dir='ltr'><strong><em>τῆς</em></strong></span> <span class='ocrx_word' id='word_1_20' title='bbox 916 463 1021 592; x_wconf 67' lang='grc' dir='ltr'><strong><em>ἀρχῆς</em></strong></span> <span class='ocrx_word' id='word_1_21' title='bbox 1044 473 1099 536; x_wconf 89' lang='grc' dir='ltr'>καί</span> <span class='ocrx_word' id='word_1_22' title='bbox 1119 469 1175 554; x_wconf 74' lang='grc' dir='ltr'><strong><em>τὴν</em></strong></span> <span class='ocrx_word' id='word_1_23' title='bbox 1196 472 1253 553; x_wconf 77' lang='grc' dir='ltr'><strong><em>τῆς</em></strong></span> <span class='ocrx_word' id='word_1_24' title='bbox 1274 493 1333 531; x_wconf 95' lang='grc' dir='ltr'>πο-</span> 
     </span>
     <span class='ocr_line' id='line_1_4' title="bbox 231 570 1333 687; baseline -0.015 -39"><span class='ocrx_word' id='word_1_25' title='bbox 231 586 348 658; x_wconf 88' lang='grc' dir='ltr'><strong><em>λιτείας</em></strong></span> <span class='ocrx_word' id='word_1_26' title='bbox 371 581 425 646; x_wconf 87' lang='grc' dir='ltr'>καί</span> <span class='ocrx_word' id='word_1_27' title='bbox 445 584 501 664; x_wconf 78' lang='grc' dir='ltr'><strong><em>τῆς</em></strong></span> <span class='ocrx_word' id='word_1_28' title='bbox 523 581 701 664; x_wconf 71' lang='grc' dir='ltr'><strong><em>παρρησίας</em></strong></span> <span class='ocrx_word' id='word_1_29' title='bbox 724 603 776 641; x_wconf 90' lang='grc' dir='ltr'>και</span> <span class='ocrx_word' id='word_1_30' title='bbox 795 580 895 660; x_wconf 72' lang='grc' dir='ltr'><strong><em>αὐτῆς</em></strong></span> <span class='ocrx_word' id='word_1_31' title='bbox 916 576 973 657; x_wconf 77' lang='grc' dir='ltr'><strong><em>τῆς</em></strong></span> <span class='ocrx_word' id='word_1_32' title='bbox 991 573 1141 657; x_wconf 78' lang='grc' dir='ltr'><strong><em>μεγίστης</em></strong></span> <span class='ocrx_word' id='word_1_33' title='bbox 1163 570 1333 687; x_wconf 71' lang='grc' dir='ltr'><em>προεδρίας</em></span> 
     </span>
     <span class='ocr_line' id='line_1_5' title="bbox 233 669 1334 769; baseline -0.015 -21"><span class='ocrx_word' id='word_1_34' title='bbox 233 684 405 769; x_wconf 76' lang='grc' dir='ltr'><strong><em>ἀφαιρέσει</em></strong></span> <span class='ocrx_word' id='word_1_35' title='bbox 429 684 631 761; x_wconf 71' lang='grc' dir='ltr'><strong><em>διελείκνυτο,</em></strong></span> <span class='ocrx_word' id='word_1_36' title='bbox 654 682 708 741; x_wconf 89' lang='grc' dir='ltr'>καί</span> <span class='ocrx_word' id='word_1_37' title='bbox 730 678 764 740; x_wconf 86' lang='grc' dir='ltr'><strong><em>τὸ</em></strong></span> <span class='ocrx_word' id='word_1_38' title='bbox 788 681 875 752; x_wconf 76' lang='grc' dir='ltr'><strong><em>ἕλκος</em></strong></span> <span class='ocrx_word' id='word_1_39' title='bbox 896 674 971 759; x_wconf 86' lang='grc' dir='ltr'><strong><em>πρὸς</em></strong></span> <span class='ocrx_word' id='word_1_40' title='bbox 998 676 1099 737; x_wconf 78' lang='grc' dir='ltr'><strong><em>ταῦτα</em></strong></span> <span class='ocrx_word' id='word_1_41' title='bbox 1120 669 1334 754; x_wconf 76' lang='grc' dir='ltr'><strong><em>συγκρινόμε-</em></strong></span> 
     </span>
     <span class='ocr_line' id='line_1_6' title="bbox 231 769 1359 867; baseline -0.018 -19"><span class='ocrx_word' id='word_1_42' title='bbox 231 808 283 848; x_wconf 94' lang='grc' dir='ltr'>νον</span> <span class='ocrx_word' id='word_1_43' title='bbox 305 782 437 866; x_wconf 80' lang='grc' dir='ltr'><em>ἡττᾶτο,</em></span> <span class='ocrx_word' id='word_1_44' title='bbox 459 785 557 867; x_wconf 80' lang='grc' dir='ltr'><strong><em>φέρον</em></strong></span> <span class='ocrx_word' id='word_1_45' title='bbox 589 782 644 861; x_wconf 79' lang='grc' dir='ltr'><strong><em>τῆς</em></strong></span> <span class='ocrx_word' id='word_1_46' title='bbox 673 775 827 862; x_wconf 82' lang='grc' dir='ltr'><strong><em>πατρίδος</em></strong></span> <span class='ocrx_word' id='word_1_47' title='bbox 848 777 902 840; x_wconf 92' lang='grc' dir='ltr'>καί</span> <span class='ocrx_word' id='word_1_48' title='bbox 922 775 1144 857; x_wconf 78' lang='grc' dir='ltr'><strong><em>τῆς”ουζάχου</em></strong></span> <span class='ocrx_word' id='word_1_49' title='bbox 1166 769 1223 852; x_wconf 81' lang='grc' dir='ltr'><strong><em>τὴν</em></strong></span> <span class='ocrx_word' id='word_1_50' title='bbox 1246 771 1359 833; x_wconf 87' lang='grc' dir='ltr'><strong><em>ἀντι-5</em></strong></span> 
     </span>
     <span class='ocr_line' id='line_1_7' title="bbox 231 871 1334 966; baseline -0.014 -18"><span class='ocrx_word' id='word_1_51' title='bbox 231 878 380 966; x_wconf 79' lang='grc' dir='ltr'><strong><em>σὴκωσιν.</em></strong></span> <span class='ocrx_word' id='word_1_52' title='bbox 423 882 560 962; x_wconf 72' lang='grc' dir='ltr'><strong><em>εάλοχαῖν</em></strong></span> <span class='ocrx_word' id='word_1_53' title='bbox 586 877 645 960; x_wconf 76' lang='grc' dir='ltr'>γὰρ</span> <span class='ocrx_word' id='word_1_54' title='bbox 669 873 793 958; x_wconf 76' lang='grc' dir='ltr'><strong><em>εάλόχει</em></strong></span> <span class='ocrx_word' id='word_1_55' title='bbox 815 874 871 940; x_wconf 82' lang='grc' dir='ltr'><strong><em>τὸν</em></strong></span> <span class='ocrx_word' id='word_1_56' title='bbox 892 872 1022 959; x_wconf 81' lang='grc' dir='ltr'><strong><em>κάριον,</em></strong></span> <span class='ocrx_word' id='word_1_57' title='bbox 1052 876 1108 937; x_wconf 91' lang='grc' dir='ltr'>καί</span> <span class='ocrx_word' id='word_1_58' title='bbox 1134 871 1334 953; x_wconf 67' lang='grc' dir='ltr'><strong><em>εὐχαριστῶν</em></strong></span> 
     </span>
     <span class='ocr_line' id='line_1_8' title="bbox 234 971 1333 1066; baseline -0.015 -19"><span class='ocrx_word' id='word_1_59' title='bbox 234 983 289 1047; x_wconf 78' lang='grc' dir='ltr'>οὐκ</span> <span class='ocrx_word' id='word_1_60' title='bbox 310 983 403 1064; x_wconf 82' lang='grc' dir='ltr'><strong><em>ἀνίει,</em></strong></span> <span class='ocrx_word' id='word_1_61' title='bbox 427 983 480 1054; x_wconf 83' lang='grc' dir='ltr'>καί</span> <span class='ocrx_word' id='word_1_62' title='bbox 501 978 603 1053; x_wconf 87' lang='grc' dir='ltr'><strong><em>πάθος</em></strong></span> <span class='ocrx_word' id='word_1_63' title='bbox 625 978 689 1066; x_wconf 85' lang='grc' dir='ltr'>οάκ</span> <span class='ocrx_word' id='word_1_64' title='bbox 713 977 868 1041; x_wconf 88' lang='grc' dir='ltr'><strong><em>ἀπεκάλει</em></strong></span> <span class='ocrx_word' id='word_1_65' title='bbox 890 974 926 1039; x_wconf 85' lang='grc' dir='ltr'><strong><em>τὸ</em></strong></span> <span class='ocrx_word' id='word_1_66' title='bbox 948 974 1052 1049; x_wconf 86' lang='grc' dir='ltr'><strong><em>πάθος</em></strong></span> <span class='ocrx_word' id='word_1_67' title='bbox 1083 971 1164 1037; x_wconf 88' lang='grc' dir='ltr'>ἀλλά</span> <span class='ocrx_word' id='word_1_68' title='bbox 1190 972 1333 1053; x_wconf 71' lang='grc' dir='ltr'><strong><em>πάρωσιρ</em></strong></span> 
     </span>
     <span class='ocr_line' id='line_1_9' title="bbox 233 1073 1334 1168; baseline -0.011 -21"><span class='ocrx_word' id='word_1_69' title='bbox 233 1079 350 1168; x_wconf 70' lang='grc' dir='ltr'><strong><em>ἀκριβῆ</em></strong></span> <span class='ocrx_word' id='word_1_70' title='bbox 379 1086 433 1149; x_wconf 83' lang='grc' dir='ltr'>καί</span> <span class='ocrx_word' id='word_1_71' title='bbox 460 1084 630 1145; x_wconf 78' lang='grc' dir='ltr'><strong><em>παίδευσιν</em></strong></span> <span class='ocrx_word' id='word_1_72' title='bbox 652 1078 729 1163; x_wconf 84' lang='grc' dir='ltr'><strong><em>πρὸς</em></strong></span> <span class='ocrx_word' id='word_1_73' title='bbox 750 1079 927 1162; x_wconf 75' lang='grc' dir='ltr'>τελειότητα</span> <span class='ocrx_word' id='word_1_74' title='bbox 960 1081 1123 1162; x_wconf 79' lang='grc' dir='ltr'><strong><em>φέρουσαν</em></strong></span> <span class='ocrx_word' id='word_1_75' title='bbox 1143 1073 1200 1138; x_wconf 89' lang='grc' dir='ltr'>καί</span> <span class='ocrx_word' id='word_1_76' title='bbox 1220 1073 1334 1156; x_wconf 79' lang='grc' dir='ltr'><strong><em>ἀρετῆς</em></strong></span> 
     </span>
     <span class='ocr_line' id='line_1_10' title="bbox 233 1169 1335 1270; baseline -0.009 -22"><span class='ocrx_word' id='word_1_77' title='bbox 233 1187 379 1266; x_wconf 77' lang='grc' dir='ltr'><strong><em>ἐπίβασιν</em></strong></span> <span class='ocrx_word' id='word_1_78' title='bbox 401 1183 564 1265; x_wconf 87' lang='grc' dir='ltr'><strong><em>κρείτονος.</em></strong></span> <span class='ocrx_word' id='word_1_79' title='bbox 606 1177 651 1264; x_wconf 67' lang='grc' dir='ltr'>μὴ</span> <span class='ocrx_word' id='word_1_80' title='bbox 674 1178 891 1270; x_wconf 77' lang='grc' dir='ltr'><strong><em>ἀφιστάμενος</em></strong></span> <span class='ocrx_word' id='word_1_81' title='bbox 914 1180 949 1241; x_wconf 77' lang='grc' dir='ltr'>δὲ</span> <span class='ocrx_word' id='word_1_82' title='bbox 964 1175 1018 1241; x_wconf 85' lang='grc' dir='ltr'>καί</span> <span class='ocrx_word' id='word_1_83' title='bbox 1039 1179 1092 1260; x_wconf 78' lang='grc' dir='ltr'><strong><em>τῆς</em></strong></span> <span class='ocrx_word' id='word_1_84' title='bbox 1116 1169 1335 1248; x_wconf 66' lang='grc' dir='ltr'><strong><em>ταπεινώσεως</em></strong></span> 
     </span>
     <span class='ocr_line' id='line_1_11' title="bbox 234 1272 1376 1370; baseline -0.011 -22"><span class='ocrx_word' id='word_1_85' title='bbox 234 1285 431 1368; x_wconf 74' lang='grc' dir='ltr'><strong><em>ἀντεγκαλῶν</em></strong></span> <span class='ocrx_word' id='word_1_86' title='bbox 444 1276 482 1368; x_wconf 74' lang='grc' dir='ltr'>ἦν</span> <span class='ocrx_word' id='word_1_87' title='bbox 497 1283 595 1357; x_wconf 86' lang='grc' dir='ltr'><strong><em>αάτὸς</em></strong></span> <span class='ocrx_word' id='word_1_88' title='bbox 608 1277 719 1370; x_wconf 76' lang='grc' dir='ltr'><strong><em>ἑαυτῷ,</em></strong></span> <span class='ocrx_word' id='word_1_89' title='bbox 735 1283 789 1344; x_wconf 90' lang='grc' dir='ltr'>καί</span> <span class='ocrx_word' id='word_1_90' title='bbox 800 1272 874 1356; x_wconf 83' lang='grc' dir='ltr'><strong><em>ἀξια</em></strong></span> <span class='ocrx_word' id='word_1_91' title='bbox 891 1281 1082 1342; x_wconf 76' lang='grc' dir='ltr'><strong><em>πεπονθέναι</em></strong></span> <span class='ocrx_word' id='word_1_92' title='bbox 1091 1278 1336 1357; x_wconf 78' lang='grc' dir='ltr'><strong><em>κατατιθέμενος</em></strong></span> <span class='ocrx_word' id='word_1_93' title='bbox 1345 1285 1376 1336; x_wconf 83' lang='grc'>10</span> 
     </span>
     <span class='ocr_line' id='line_1_12' title="bbox 234 1372 1336 1468; baseline -0.011 -19"><span class='ocrx_word' id='word_1_94' title='bbox 234 1387 289 1449; x_wconf 86' lang='grc' dir='ltr'>καί</span> <span class='ocrx_word' id='word_1_95' title='bbox 317 1382 394 1468; x_wconf 82' lang='grc' dir='ltr'><strong><em>πρὸς</em></strong></span> <span class='ocrx_word' id='word_1_96' title='bbox 415 1384 490 1449; x_wconf 84' lang='grc' dir='ltr'><strong><em>θεὸν</em></strong></span> <span class='ocrx_word' id='word_1_97' title='bbox 514 1379 599 1448; x_wconf 77' lang='grc' dir='ltr'><strong><em>ἅπαν</em></strong></span> <span class='ocrx_word' id='word_1_98' title='bbox 621 1379 866 1464; x_wconf 80' lang='grc' dir='ltr'><strong><em>αἰχμαλωτίζων</em></strong></span> <span class='ocrx_word' id='word_1_99' title='bbox 888 1372 1006 1462; x_wconf 83' lang='grc' dir='ltr'><strong><em>νόημα,</em></strong></span> <span class='ocrx_word' id='word_1_100' title='bbox 1030 1380 1083 1442; x_wconf 83' lang='grc' dir='ltr'>καί</span> <span class='ocrx_word' id='word_1_101' title='bbox 1106 1378 1158 1439; x_wconf 79' lang='grc' dir='ltr'>ἐπί</span> <span class='ocrx_word' id='word_1_102' title='bbox 1180 1377 1258 1438; x_wconf 82' lang='grc' dir='ltr'><strong><em>πᾶσι</em></strong></span> <span class='ocrx_word' id='word_1_103' title='bbox 1280 1378 1336 1439; x_wconf 80' lang='grc' dir='ltr'><strong><em>τοῦ</em></strong></span> 
     </span>
     <span class='ocr_line' id='line_1_13' title="bbox 96 1473 1339 1570; baseline -0.015 -14"><span class='ocrx_word' id='word_1_104' title='bbox 96 1485 378 1569; x_wconf 74' lang='grc' dir='ltr'><strong><em>ί.1’79ι.εάχενοιῖς</em></strong></span> <span class='ocrx_word' id='word_1_105' title='bbox 409 1487 510 1550; x_wconf 84' lang='grc' dir='ltr'><strong><em>πνέων</em></strong></span> <span class='ocrx_word' id='word_1_106' title='bbox 546 1482 593 1548; x_wconf 79' lang='grc' dir='ltr'><strong><em>ἔτι</em></strong></span> <span class='ocrx_word' id='word_1_107' title='bbox 624 1487 667 1570; x_wconf 75' lang='grc' dir='ltr'><strong><em>τῷ</em></strong></span> <span class='ocrx_word' id='word_1_108' title='bbox 690 1473 753 1544; x_wconf 82' lang='grc' dir='ltr'><strong><em>ὄντι</em></strong></span> <span class='ocrx_word' id='word_1_109' title='bbox 776 1478 985 1564; x_wconf 71' lang='grc' dir='ltr'><strong><em>φρονήματος.</em></strong></span> <span class='ocrx_word' id='word_1_110' title='bbox 1030 1477 1066 1542; x_wconf 78' lang='lat' dir='ltr'>ot</span> <span class='ocrx_word' id='word_1_111' title='bbox 1089 1475 1339 1560; x_wconf 79' lang='grc' dir='ltr'><strong><em>χάρκατέπεσεν</em></strong></span> 
     </span>
     <span class='ocr_line' id='line_1_14' title="bbox 236 1572 1339 1666; baseline -0.012 -16"><span class='ocrx_word' id='word_1_112' title='bbox 236 1581 327 1663; x_wconf 83' lang='grc' dir='ltr'><strong><em>ἀλως,</em></strong></span> <span class='ocrx_word' id='word_1_113' title='bbox 354 1587 430 1649; x_wconf 82' lang='grc' dir='ltr'><strong><em>ου’ἀὲ</em></strong></span> <span class='ocrx_word' id='word_1_114' title='bbox 450 1588 507 1648; x_wconf 78' lang='grc' dir='ltr'><strong><em>τοῦ</em></strong></span> <span class='ocrx_word' id='word_1_115' title='bbox 534 1585 629 1666; x_wconf 72' lang='grc' dir='ltr'><strong><em>ζήλου</em></strong></span> <span class='ocrx_word' id='word_1_116' title='bbox 650 1583 851 1661; x_wconf 79' lang='grc' dir='ltr'><strong><em>ε’νεάωκεν,ο</em></strong></span> <span class='ocrx_word' id='word_1_117' title='bbox 836 1572 887 1644; x_wconf 80' lang='grc' dir='ltr'>οἶα</span> <span class='ocrx_word' id='word_1_118' title='bbox 912 1577 1048 1662; x_wconf 82' lang='grc' dir='ltr'><strong><em>πάσχειν</em></strong></span> <span class='ocrx_word' id='word_1_119' title='bbox 1070 1573 1135 1643; x_wconf 80' lang='grc' dir='ltr'><strong><em>οἶδε</em></strong></span> <span class='ocrx_word' id='word_1_120' title='bbox 1158 1573 1250 1660; x_wconf 70' lang='grc' dir='ltr'><strong><em>ψυχὴ</em></strong></span> <span class='ocrx_word' id='word_1_121' title='bbox 1273 1583 1339 1647; x_wconf 84' lang='grc' dir='ltr'><strong><em>τοῖς</em></strong></span> 
     </span>
     <span class='ocr_line' id='line_1_15' title="bbox 235 1679 1029 1771; baseline -0.009 -21"><span class='ocrx_word' id='word_1_122' title='bbox 235 1684 353 1758; x_wconf 83' lang='grc' dir='ltr'><strong><em>υλικοῖς</em></strong></span> <span class='ocrx_word' id='word_1_123' title='bbox 370 1686 575 1768; x_wconf 59' lang='grc' dir='ltr'><strong><em>διεπτοημέναι</em></strong></span> <span class='ocrx_word' id='word_1_124' title='bbox 602 1681 656 1746; x_wconf 88' lang='grc' dir='ltr'>καί</span> <span class='ocrx_word' id='word_1_125' title='bbox 677 1679 758 1744; x_wconf 86' lang='grc' dir='ltr'><strong><em>κάτω</em></strong></span> <span class='ocrx_word' id='word_1_126' title='bbox 783 1685 949 1765; x_wconf 81' lang='grc' dir='ltr'><strong><em>φέρουσιν.</em></strong></span> <span class='ocrx_word' id='word_1_127' title='bbox 1024 1729 1029 1771; x_wconf 70' lang='lat' dir='ltr'>t</span> 
     </span>
     <span class='ocr_line' id='line_1_16' title="bbox 327 1772 1379 1903; baseline -0.003 -56.974"><span class='ocrx_word' id='word_1_128' title='bbox 327 1772 417 1846; x_wconf 75' lang='lat' dir='ltr'>ttv&#39;</span> <span class='ocrx_word' id='word_1_129' title='bbox 402 1808 435 1846; x_wconf 86' lang='grc' dir='ltr'><strong><em>ευ</em></strong></span> <span class='ocrx_word' id='word_1_130' title='bbox 453 1782 574 1898; x_wconf 78' lang='grc' dir='ltr'><strong><em>χνιάσει</em></strong></span> <span class='ocrx_word' id='word_1_131' title='bbox 573 1778 773 1865; x_wconf 80' lang='grc' dir='ltr'><strong><em>,γινόμενοςο</em></strong></span> <span class='ocrx_word' id='word_1_132' title='bbox 798 1804 921 1903; x_wconf 82' lang='grc' dir='ltr'><strong><em>κρατφν</em></strong></span> <span class='ocrx_word' id='word_1_133' title='bbox 937 1772 1076 1864; x_wconf 79' lang='grc' dir='ltr'><strong><em>ἤσχαλλε</em></strong></span> <span class='ocrx_word' id='word_1_134' title='bbox 1094 1806 1147 1844; x_wconf 89' lang='grc' dir='ltr'>και</span> <span class='ocrx_word' id='word_1_135' title='bbox 1145 1779 1340 1862; x_wconf 86' lang='grc' dir='ltr'><strong><em>μεταμελον</em></strong></span> <span class='ocrx_word' id='word_1_136' title='bbox 1349 1786 1379 1837; x_wconf 85' lang='lat'>15</span> 
     </span>
     <span class='ocr_line' id='line_1_17' title="bbox 237 1874 1342 1967; baseline -0.002 -20"><span class='ocrx_word' id='word_1_137' title='bbox 237 1905 350 1967; x_wconf 87' lang='grc' dir='ltr'><strong><em>ετρεφε</em></strong></span> <span class='ocrx_word' id='word_1_138' title='bbox 365 1907 417 1946; x_wconf 89' lang='grc' dir='ltr'>και</span> <span class='ocrx_word' id='word_1_139' title='bbox 430 1881 486 1966; x_wconf 67' lang='grc' dir='ltr'><strong><em>τὴν</em></strong></span> <span class='ocrx_word' id='word_1_140' title='bbox 496 1878 718 1964; x_wconf 77' lang='grc' dir='ltr'><strong><em>ἐπανόρθωσιν</em></strong></span> <span class='ocrx_word' id='word_1_141' title='bbox 733 1881 832 1961; x_wconf 78' lang='grc' dir='ltr'><strong><em>ἐδίφα</em></strong></span> <span class='ocrx_word' id='word_1_142' title='bbox 847 1884 915 1961; x_wconf 81' lang='grc' dir='ltr'><strong><em>μέν,</em></strong></span> <span class='ocrx_word' id='word_1_143' title='bbox 933 1881 990 1942; x_wconf 84' lang='grc' dir='ltr'>οάκ</span> <span class='ocrx_word' id='word_1_144' title='bbox 1005 1875 1071 1962; x_wconf 85' lang='grc' dir='ltr'><strong><em>εἶχε</em></strong></span> <span class='ocrx_word' id='word_1_145' title='bbox 1086 1874 1147 1944; x_wconf 81' lang='lat' dir='ltr'>d&#39;‘&#39;</span> <span class='ocrx_word' id='word_1_146' title='bbox 1129 1904 1214 1955; x_wconf 88' lang='grc' dir='ltr'><strong><em>οπως</em></strong></span> <span class='ocrx_word' id='word_1_147' title='bbox 1226 1877 1342 1945; x_wconf 76' lang='grc' dir='ltr'><strong><em>ἑαυτὸν</em></strong></span> 
     </span>
     <span class='ocr_line' id='line_1_18' title="bbox 219 1977 1342 2067; baseline 0.001 -24"><span class='ocrx_word' id='word_1_148' title='bbox 219 1982 430 2067; x_wconf 81' lang='grc' dir='ltr'><strong><em>,στηλιτεάσοι</em></strong></span> <span class='ocrx_word' id='word_1_149' title='bbox 450 1982 550 2056; x_wconf 72' lang='grc' dir='ltr'><strong><em>κακῶς</em></strong></span> <span class='ocrx_word' id='word_1_150' title='bbox 573 1977 830 2065; x_wconf 80' lang='grc' dir='ltr'><strong><em>διανοησάμενον.</em></strong></span> <span class='ocrx_word' id='word_1_151' title='bbox 873 1983 1083 2063; x_wconf 76' lang='grc' dir='ltr'><strong><em>βεβούλευται</em></strong></span> <span class='ocrx_word' id='word_1_152' title='bbox 1105 1987 1210 2045; x_wconf 87' lang='grc' dir='ltr'><strong><em>τοίνυν</em></strong></span> <span class='ocrx_word' id='word_1_153' title='bbox 1234 1978 1342 2047; x_wconf 82' lang='grc' dir='ltr'><strong><em>αἰτιά-</em></strong></span> 
     </span>
     <span class='ocr_line' id='line_1_19' title="bbox 237 2068 1432 2201; baseline -0.004 -52"><span class='ocrx_word' id='word_1_154' title='bbox 237 2109 302 2161; x_wconf 88' lang='grc' dir='ltr'><strong><em>σεις</em></strong></span> <span class='ocrx_word' id='word_1_155' title='bbox 319 2090 487 2169; x_wconf 76' lang='grc' dir='ltr'><strong><em>προθεῖναι</em></strong></span> <span class='ocrx_word' id='word_1_156' title='bbox 507 2087 572 2149; x_wconf 90' lang='grc' dir='ltr'><strong><em>κατ’</em></strong></span> <span class='ocrx_word' id='word_1_157' title='bbox 585 2085 697 2164; x_wconf 69' lang='lat' dir='ltr'>adrat,</span> <span class='ocrx_word' id='word_1_158' title='bbox 710 2108 761 2148; x_wconf 91' lang='grc' dir='ltr'>και</span> <span class='ocrx_word' id='word_1_159' title='bbox 759 2080 980 2166; x_wconf 85' lang='grc' dir='ltr'><strong><em>ἀναξιότητος</em></strong></span> <span class='ocrx_word' id='word_1_160' title='bbox 992 2079 1226 2167; x_wconf 83' lang='grc' dir='ltr'><strong><em>γραψασθαι</em></strong></span> <span class='ocrx_word' id='word_1_161' title='bbox 1194 2106 1248 2146; x_wconf 90' lang='grc' dir='ltr'><strong><em>τον</em></strong></span> <span class='ocrx_word' id='word_1_162' title='bbox 1263 2079 1342 2201; x_wconf 86' lang='grc' dir='ltr'><strong><em>χρό-</em></strong></span> <span class='ocrx_word' id='word_1_163' title='bbox 1429 2068 1432 2077; x_wconf 47' lang='grc'><strong><em>’</em></strong></span> 
     </span>
     <span class='ocr_line' id='line_1_20' title="bbox 237 2178 1342 2270; baseline -0.005 -20"><span class='ocrx_word' id='word_1_164' title='bbox 237 2209 300 2259; x_wconf 82' lang='grc' dir='ltr'><strong><em>νοις</em></strong></span> <span class='ocrx_word' id='word_1_165' title='bbox 325 2178 385 2270; x_wconf 74' lang='grc' dir='ltr'>ἤδη</span> <span class='ocrx_word' id='word_1_166' title='bbox 407 2191 532 2262; x_wconf 85' lang='grc' dir='ltr'><strong><em>πολλοῖς</em></strong></span> <span class='ocrx_word' id='word_1_167' title='bbox 565 2184 622 2268; x_wconf 70' lang='grc' dir='ltr'><strong><em>τήν</em></strong></span> <span class='ocrx_word' id='word_1_168' title='bbox 641 2184 734 2264; x_wconf 84' lang='grc' dir='ltr'><strong><em>ἀξίαν</em></strong></span> <span class='ocrx_word' id='word_1_169' title='bbox 756 2180 1013 2267; x_wconf 76' lang='grc' dir='ltr'><strong><em>διακοσμήσαντα</em></strong></span> <span class='ocrx_word' id='word_1_170' title='bbox 1038 2207 1089 2246; x_wconf 94' lang='grc' dir='ltr'>και</span> <span class='ocrx_word' id='word_1_171' title='bbox 1114 2181 1167 2247; x_wconf 80' lang='grc' dir='ltr'><strong><em>τὸν</em></strong></span> <span class='ocrx_word' id='word_1_172' title='bbox 1188 2182 1342 2263; x_wconf 71' lang='grc' dir='ltr'><strong><em>σωτήριον</em></strong></span> 
     </span>
     <span class='ocr_line' id='line_1_21' title="bbox 237 2283 1431 2403; baseline -0.007 -53"><span class='ocrx_word' id='word_1_173' title='bbox 237 2283 325 2370; x_wconf 77' lang='grc' dir='ltr'><strong><em>λόγον</em></strong></span> <span class='ocrx_word' id='word_1_174' title='bbox 352 2285 625 2371; x_wconf 72' lang='grc' dir='ltr'><strong><em>ἀρθοτομὴσαντα.</em></strong></span> <span class='ocrx_word' id='word_1_175' title='bbox 682 2287 737 2349; x_wconf 88' lang='grc' dir='ltr'>καί</span> <span class='ocrx_word' id='word_1_176' title='bbox 764 2285 906 2403; x_wconf 76' lang='grc' dir='ltr'><strong><em>γεχὸνασι</em></strong></span> <span class='ocrx_word' id='word_1_177' title='bbox 931 2288 991 2365; x_wconf 86' lang='grc' dir='ltr'><strong><em>μεν</em></strong></span> <span class='ocrx_word' id='word_1_178' title='bbox 1010 2285 1065 2367; x_wconf 85' lang='grc' dir='ltr'><strong><em>τῆς</em></strong></span> <span class='ocrx_word' id='word_1_179' title='bbox 1086 2283 1197 2349; x_wconf 79' lang='grc' dir='ltr'><strong><em>τούτου</em></strong></span> <span class='ocrx_word' id='word_1_180' title='bbox 1224 2286 1431 2364; x_wconf 81' lang='grc' dir='ltr'><strong><em>βουλῆςλλ</em></strong></span> 
     </span>
     <span class='ocr_line' id='line_1_22' title="bbox 236 2375 1340 2471; baseline -0.005 -19"><span class='ocrx_word' id='word_1_181' title='bbox 236 2412 298 2452; x_wconf 92' lang='grc' dir='ltr'><strong><em>των</em></strong></span> <span class='ocrx_word' id='word_1_182' title='bbox 312 2392 346 2453; x_wconf 79' lang='grc' dir='ltr'>ἐν</span> <span class='ocrx_word' id='word_1_183' title='bbox 364 2393 443 2453; x_wconf 80' lang='grc' dir='ltr'><strong><em>τέλει</em></strong></span> <span class='ocrx_word' id='word_1_184' title='bbox 466 2393 564 2466; x_wconf 78' lang='grc' dir='ltr'><strong><em>τινές,</em></strong></span> <span class='ocrx_word' id='word_1_185' title='bbox 587 2391 670 2471; x_wconf 81' lang='grc' dir='ltr'><em>μηδὲ</em></span> <span class='ocrx_word' id='word_1_186' title='bbox 695 2389 729 2452; x_wconf 81' lang='grc' dir='ltr'><strong><em>τὸ</em></strong></span> <span class='ocrx_word' id='word_1_187' title='bbox 757 2409 811 2450; x_wconf 87' lang='grc' dir='ltr'><strong><em>του</em></strong></span> <span class='ocrx_word' id='word_1_188' title='bbox 835 2375 994 2470; x_wconf 76' lang='grc' dir='ltr'><strong><em>ἀνδράς’</em></strong></span> <span class='ocrx_word' id='word_1_189' title='bbox 972 2385 1155 2468; x_wconf 80' lang='grc' dir='ltr'><strong><em>αγνοσῦντες</em></strong></span> <span class='ocrx_word' id='word_1_190' title='bbox 1178 2387 1340 2461; x_wconf 76' lang='grc' dir='ltr'><strong><em>ἐπίδοξον·</em></strong></span> 
     </span>
    </p>
   </div>
   <div class='ocr_carea' id='block_1_3' title="bbox 237 2480 1430 2619">
    <p class='ocr_par' dir='ltr' id='par_1_3' title="bbox 237 2480 1430 2619">
     <span class='ocr_line' id='line_1_23' title="bbox 237 2480 1430 2575; baseline -0.002 -25"><span class='ocrx_word' id='word_1_191' title='bbox 237 2480 324 2568; x_wconf 77' lang='grc' dir='ltr'><strong><em>ὅμως</em></strong></span> <span class='ocrx_word' id='word_1_192' title='bbox 345 2489 380 2552; x_wconf 78' lang='grc' dir='ltr'>δὲ</span> <span class='ocrx_word' id='word_1_193' title='bbox 402 2489 545 2572; x_wconf 76' lang='grc' dir='ltr'><strong><em>γεγόνασι</em></strong></span> <span class='ocrx_word' id='word_1_194' title='bbox 567 2486 890 2572; x_wconf 75' lang='grc' dir='ltr'><strong><em>συμμεταβαλόμενοι</em></strong></span> <span class='ocrx_word' id='word_1_195' title='bbox 905 2491 949 2574; x_wconf 74' lang='grc' dir='ltr'><strong><em>τῷ</em></strong></span> <span class='ocrx_word' id='word_1_196' title='bbox 971 2488 1082 2574; x_wconf 77' lang='grc' dir='ltr'><strong><em>καιρῷ,</em></strong></span> <span class='ocrx_word' id='word_1_197' title='bbox 1103 2485 1198 2551; x_wconf 77' lang='grc' dir='ltr'><strong><em>ὁποῖα</em></strong></span> <span class='ocrx_word' id='word_1_198' title='bbox 1213 2482 1251 2551; x_wconf 89' lang='grc' dir='ltr'><strong><em>τά</em></strong></span> <span class='ocrx_word' id='word_1_199' title='bbox 1274 2486 1340 2549; x_wconf 72' lang='grc' dir='ltr'><strong><em>ταῖν</em></strong></span> <span class='ocrx_word' id='word_1_200' title='bbox 1429 2566 1430 2575; x_wconf 16' lang='lat'>¹</span> 
     </span>
     <span class='ocr_line' id='line_1_24' title="bbox 1104 2582 1430 2619; baseline -0.003 1"><span class='ocrx_word' id='word_1_201' title='bbox 1104 2605 1107 2608; x_wconf 79' lang='lat'>-</span> <span class='ocrx_word' id='word_1_202' title='bbox 1429 2582 1430 2619; x_wconf 77' lang='grc' dir='ltr'><strong><em>ι</em></strong></span> 
     </span>
    </p>
   </div>
   <div class='ocr_carea' id='block_1_4' title="bbox 240 2814 1429 3596">
    <p class='ocr_par' dir='ltr' id='par_1_4' title="bbox 240 2814 1429 3596">
     <span class='ocr_line' id='line_1_25' title="bbox 240 2814 1429 2887; baseline -0.002 -16"><span class='ocrx_word' id='word_1_203' title='bbox 240 2817 315 2871; x_wconf 91' lang='lat' dir='ltr'>tione</span> <span class='ocrx_word' id='word_1_204' title='bbox 334 2817 433 2870; x_wconf 87' lang='lat' dir='ltr'>vicisse</span> <span class='ocrx_word' id='word_1_205' title='bbox 458 2817 527 2870; x_wconf 84' lang='lat' dir='ltr'>lama</span> <span class='ocrx_word' id='word_1_206' title='bbox 553 2818 720 2882; x_wconf 87' lang='lat' dir='ltr'>celebratus,</span> <span class='ocrx_word' id='word_1_207' title='bbox 747 2833 806 2868; x_wconf 89' lang='lat' dir='ltr'>cum</span> <span class='ocrx_word' id='word_1_208' title='bbox 832 2817 910 2870; x_wconf 87' lang='lat' dir='ltr'>etiam</span> <span class='ocrx_word' id='word_1_209' title='bbox 935 2818 1012 2870; x_wconf 89' lang='lat' dir='ltr'>dolor</span> <span class='ocrx_word' id='word_1_210' title='bbox 1029 2814 1097 2870; x_wconf 90' lang='lat' dir='ltr'>nihil</span> <span class='ocrx_word' id='word_1_211' title='bbox 1122 2818 1208 2870; x_wconf 89' lang='lat' dir='ltr'>minor</span> <span class='ocrx_word' id='word_1_212' title='bbox 1226 2818 1252 2870; x_wconf 86' lang='lat' dir='ltr'>ei</span> <span class='ocrx_word' id='word_1_213' title='bbox 1270 2819 1343 2887; x_wconf 85' lang='lat' dir='ltr'>qnod</span> <span class='ocrx_word' id='word_1_214' title='bbox 1428 2824 1429 2845; x_wconf 65' lang='lat'>¹</span> 
     </span>
     <span class='ocr_line' id='line_1_26' title="bbox 242 2889 1345 2958; baseline -0.001 -17"><span class='ocrx_word' id='word_1_215' title='bbox 242 2891 338 2942; x_wconf 90' lang='lat' dir='ltr'>attinet</span> <span class='ocrx_word' id='word_1_216' title='bbox 357 2890 389 2941; x_wconf 93' lang='lat' dir='ltr'>ad</span> <span class='ocrx_word' id='word_1_217' title='bbox 407 2891 535 2942; x_wconf 87' lang='lat' dir='ltr'>iacturam</span> <span class='ocrx_word' id='word_1_218' title='bbox 559 2891 663 2955; x_wconf 89' lang='lat' dir='ltr'>imperii</span> <span class='ocrx_word' id='word_1_219' title='bbox 691 2898 718 2939; x_wconf 94' lang='lat' dir='ltr'>et</span> <span class='ocrx_word' id='word_1_220' title='bbox 737 2889 971 2941; x_wconf 76' lang='lat' dir='ltr'>administrationis</span> <span class='ocrx_word' id='word_1_221' title='bbox 1000 2899 1027 2941; x_wconf 85' lang='lat' dir='ltr'>et</span> <span class='ocrx_word' id='word_1_222' title='bbox 1051 2890 1176 2958; x_wconf 89' lang='lat' dir='ltr'>loquelae</span> <span class='ocrx_word' id='word_1_223' title='bbox 1195 2889 1296 2942; x_wconf 80' lang='lat' dir='ltr'>liberae</span> <span class='ocrx_word' id='word_1_224' title='bbox 1316 2898 1345 2940; x_wconf 88' lang='lat' dir='ltr'>et</span> 
     </span>
     <span class='ocr_line' id='line_1_27' title="bbox 242 2961 1344 3029; baseline -0.002 -16"><span class='ocrx_word' id='word_1_225' title='bbox 242 2961 348 3013; x_wconf 80' lang='lat' dir='ltr'>maximi</span> <span class='ocrx_word' id='word_1_226' title='bbox 367 2962 531 3029; x_wconf 73' lang='lat' dir='ltr'>principatus</span> <span class='ocrx_word' id='word_1_227' title='bbox 550 2962 700 3013; x_wconf 90' lang='lat' dir='ltr'>ademtione</span> <span class='ocrx_word' id='word_1_228' title='bbox 716 2961 859 3011; x_wconf 90' lang='lat' dir='ltr'>diiudicata</span> <span class='ocrx_word' id='word_1_229' title='bbox 877 2961 990 3011; x_wconf 79' lang='lat' dir='ltr'>inferior</span> <span class='ocrx_word' id='word_1_230' title='bbox 1009 2969 1082 3025; x_wconf 88' lang='lat' dir='ltr'>erat,</span> <span class='ocrx_word' id='word_1_231' title='bbox 1108 2961 1220 3012; x_wconf 83' lang='lat' dir='ltr'>afferens</span> <span class='ocrx_word' id='word_1_232' title='bbox 1240 2963 1344 3027; x_wconf 84' lang='lat' dir='ltr'>patriae</span> 
     </span>
     <span class='ocr_line' id='line_1_28' title="bbox 243 3031 1344 3104; baseline 0 -20"><span class='ocrx_word' id='word_1_233' title='bbox 243 3041 270 3084; x_wconf 92' lang='lat' dir='ltr'>et</span> <span class='ocrx_word' id='word_1_234' title='bbox 288 3034 378 3085; x_wconf 80' lang='lat' dir='ltr'>uxoris</span> <span class='ocrx_word' id='word_1_235' title='bbox 406 3035 609 3086; x_wconf 86' lang='lat' dir='ltr'>restitutionem.</span> <span class='ocrx_word' id='word_1_236' title='bbox 655 3031 794 3082; x_wconf 79' lang='lat' dir='ltr'>celebrans</span> <span class='ocrx_word' id='word_1_237' title='bbox 824 3032 892 3082; x_wconf 91' lang='lat' dir='ltr'>enim</span> <span class='ocrx_word' id='word_1_238' title='bbox 911 3031 1064 3084; x_wconf 91' lang='lat' dir='ltr'>celebrabat</span> <span class='ocrx_word' id='word_1_239' title='bbox 1082 3032 1214 3083; x_wconf 91' lang='lat' dir='ltr'>dominum</span> <span class='ocrx_word' id='word_1_240' title='bbox 1233 3041 1260 3084; x_wconf 90' lang='lat' dir='ltr'>et</span> <span class='ocrx_word' id='word_1_241' title='bbox 1278 3049 1344 3104; x_wconf 74' lang='lat' dir='ltr'>gra-</span> 
     </span>
     <span class='ocr_line' id='line_1_29' title="bbox 241 3103 1344 3171; baseline 0 -17"><span class='ocrx_word' id='word_1_242' title='bbox 241 3105 292 3156; x_wconf 87' lang='lat' dir='ltr'>tias</span> <span class='ocrx_word' id='word_1_243' title='bbox 312 3120 393 3171; x_wconf 83' lang='lat' dir='ltr'>agere</span> <span class='ocrx_word' id='word_1_244' title='bbox 411 3120 465 3155; x_wconf 92' lang='lat' dir='ltr'>non</span> <span class='ocrx_word' id='word_1_245' title='bbox 493 3105 648 3167; x_wconf 85' lang='lat' dir='ltr'>desistebat,</span> <span class='ocrx_word' id='word_1_246' title='bbox 669 3113 695 3154; x_wconf 89' lang='lat' dir='ltr'>et</span> <span class='ocrx_word' id='word_1_247' title='bbox 713 3103 810 3155; x_wconf 87' lang='lat' dir='ltr'>malum</span> <span class='ocrx_word' id='word_1_248' title='bbox 835 3118 887 3153; x_wconf 91' lang='lat' dir='ltr'>non</span> <span class='ocrx_word' id='word_1_249' title='bbox 913 3103 1064 3154; x_wconf 88' lang='lat' dir='ltr'>nominabat</span> <span class='ocrx_word' id='word_1_250' title='bbox 1081 3103 1187 3167; x_wconf 83' lang='lat' dir='ltr'>nralum,</span> <span class='ocrx_word' id='word_1_251' title='bbox 1207 3105 1255 3156; x_wconf 89' lang='lat' dir='ltr'>sed</span> <span class='ocrx_word' id='word_1_252' title='bbox 1275 3121 1344 3156; x_wconf 83' lang='lat' dir='ltr'>exu-</span> 
     </span>
     <span class='ocr_line' id='line_1_30' title="bbox 242 3175 1345 3240; baseline -0.001 -12"><span class='ocrx_word' id='word_1_253' title='bbox 242 3177 355 3228; x_wconf 85' lang='lat' dir='ltr'>stionem</span> <span class='ocrx_word' id='word_1_254' title='bbox 376 3185 525 3226; x_wconf 82' lang='lat' dir='ltr'>accuratam</span> <span class='ocrx_word' id='word_1_255' title='bbox 545 3184 571 3226; x_wconf 91' lang='lat' dir='ltr'>et</span> <span class='ocrx_word' id='word_1_256' title='bbox 590 3177 782 3226; x_wconf 86' lang='lat' dir='ltr'>institutionem</span> <span class='ocrx_word' id='word_1_257' title='bbox 802 3175 834 3225; x_wconf 88' lang='lat' dir='ltr'>ad</span> <span class='ocrx_word' id='word_1_258' title='bbox 859 3175 1051 3240; x_wconf 77' lang='lat' dir='ltr'>perfectionem</span> <span class='ocrx_word' id='word_1_259' title='bbox 1071 3175 1219 3238; x_wconf 86' lang='lat' dir='ltr'>ducentem,</span> <span class='ocrx_word' id='word_1_260' title='bbox 1240 3185 1266 3226; x_wconf 90' lang='lat' dir='ltr'>et</span> <span class='ocrx_word' id='word_1_261' title='bbox 1286 3179 1345 3227; x_wconf 87' lang='lat' dir='ltr'>vir-</span> 
     </span>
     <span class='ocr_line' id='line_1_31' title="bbox 242 3245 1345 3308; baseline -0.002 -13"><span class='ocrx_word' id='word_1_262' title='bbox 242 3246 306 3296; x_wconf 90' lang='lat' dir='ltr'>tutis</span> <span class='ocrx_word' id='word_1_263' title='bbox 326 3247 508 3296; x_wconf 86' lang='lat' dir='ltr'>accessionem</span> <span class='ocrx_word' id='word_1_264' title='bbox 526 3245 661 3308; x_wconf 91' lang='lat' dir='ltr'>melioris;</span> <span class='ocrx_word' id='word_1_265' title='bbox 681 3262 734 3297; x_wconf 93' lang='lat' dir='ltr'>non</span> <span class='ocrx_word' id='word_1_266' title='bbox 759 3255 847 3297; x_wconf 87' lang='lat' dir='ltr'>autern</span> <span class='ocrx_word' id='word_1_267' title='bbox 866 3245 1011 3297; x_wconf 90' lang='lat' dir='ltr'>desistebat</span> <span class='ocrx_word' id='word_1_268' title='bbox 1029 3254 1055 3296; x_wconf 89' lang='lat' dir='ltr'>et</span> <span class='ocrx_word' id='word_1_269' title='bbox 1074 3245 1230 3298; x_wconf 86' lang='lat' dir='ltr'>humilitatis</span> <span class='ocrx_word' id='word_1_270' title='bbox 1250 3264 1280 3299; x_wconf 91' lang='lat' dir='ltr'>se</span> <span class='ocrx_word' id='word_1_271' title='bbox 1300 3249 1345 3297; x_wconf 92' lang='lat' dir='ltr'>in.</span> 
     </span>
     <span class='ocr_line' id='line_1_32' title="bbox 243 3315 1345 3383; baseline 0.004 -18"><span class='ocrx_word' id='word_1_272' title='bbox 243 3315 352 3366; x_wconf 80' lang='lat' dir='ltr'>cusabat</span> <span class='ocrx_word' id='word_1_273' title='bbox 379 3316 454 3381; x_wconf 88' lang='lat' dir='ltr'>ipse,</span> <span class='ocrx_word' id='word_1_274' title='bbox 475 3323 502 3365; x_wconf 94' lang='lat' dir='ltr'>et</span> <span class='ocrx_word' id='word_1_275' title='bbox 521 3325 548 3366; x_wconf 93' lang='lat' dir='ltr'>ut</span> <span class='ocrx_word' id='word_1_276' title='bbox 571 3317 650 3383; x_wconf 84' lang='lat' dir='ltr'>digna</span> <span class='ocrx_word' id='word_1_277' title='bbox 676 3333 782 3383; x_wconf 90' lang='lat' dir='ltr'>passum</span> <span class='ocrx_word' id='word_1_278' title='bbox 808 3333 837 3367; x_wconf 91' lang='lat' dir='ltr'>se</span> <span class='ocrx_word' id='word_1_279' title='bbox 856 3317 968 3367; x_wconf 90' lang='lat' dir='ltr'>reddens</span> <span class='ocrx_word' id='word_1_280' title='bbox 996 3325 1021 3366; x_wconf 91' lang='lat' dir='ltr'>et</span> <span class='ocrx_word' id='word_1_281' title='bbox 1049 3317 1099 3367; x_wconf 90' lang='lat' dir='ltr'>deo</span> <span class='ocrx_word' id='word_1_282' title='bbox 1125 3333 1202 3369; x_wconf 89' lang='lat' dir='ltr'>omne</span> <span class='ocrx_word' id='word_1_283' title='bbox 1221 3320 1345 3370; x_wconf 88' lang='lat' dir='ltr'>vinciens</span> 
     </span>
     <span class='ocr_line' id='line_1_33' title="bbox 244 3386 1345 3457; baseline 0.004 -21"><span class='ocrx_word' id='word_1_284' title='bbox 244 3386 403 3452; x_wconf 85' lang='lat' dir='ltr'>cogitatum,</span> <span class='ocrx_word' id='word_1_285' title='bbox 425 3395 451 3435; x_wconf 90' lang='lat' dir='ltr'>et</span> <span class='ocrx_word' id='word_1_286' title='bbox 468 3387 495 3435; x_wconf 92' lang='lat' dir='ltr'>in</span> <span class='ocrx_word' id='word_1_287' title='bbox 515 3387 635 3438; x_wconf 90' lang='lat' dir='ltr'>omnibus</span> <span class='ocrx_word' id='word_1_288' title='bbox 654 3388 771 3438; x_wconf 91' lang='lat' dir='ltr'>nobilem</span> <span class='ocrx_word' id='word_1_289' title='bbox 791 3389 893 3452; x_wconf 89' lang='lat' dir='ltr'>spirans</span> <span class='ocrx_word' id='word_1_290' title='bbox 919 3395 973 3437; x_wconf 90' lang='lat' dir='ltr'>tum</span> <span class='ocrx_word' id='word_1_291' title='bbox 993 3403 1089 3439; x_wconf 80' lang='lat' dir='ltr'>revera</span> <span class='ocrx_word' id='word_1_292' title='bbox 1107 3391 1236 3440; x_wconf 86' lang='lat' dir='ltr'>animum:</span> <span class='ocrx_word' id='word_1_293' title='bbox 1256 3405 1345 3457; x_wconf 88' lang='lat' dir='ltr'>neque</span> 
     </span>
     <span class='ocr_line' id='line_1_34' title="bbox 244 3457 1345 3526; baseline 0.005 -19"><span class='ocrx_word' id='word_1_294' title='bbox 244 3459 314 3507; x_wconf 86' lang='lat' dir='ltr'>enim</span> <span class='ocrx_word' id='word_1_295' title='bbox 333 3457 431 3508; x_wconf 92' lang='lat' dir='ltr'>decidit</span> <span class='ocrx_word' id='word_1_296' title='bbox 460 3459 692 3524; x_wconf 83' lang='lat' dir='ltr'>prorsua,&#39;neque</span> <span class='ocrx_word' id='word_1_297' title='bbox 712 3459 832 3508; x_wconf 88' lang='lat' dir='ltr'>ardorem</span> <span class='ocrx_word' id='word_1_298' title='bbox 852 3459 971 3521; x_wconf 88' lang='lat' dir='ltr'>remisit,</span> <span class='ocrx_word' id='word_1_299' title='bbox 992 3459 1081 3526; x_wconf 90' lang='lat' dir='ltr'>qualia</span> <span class='ocrx_word' id='word_1_300' title='bbox 1100 3462 1154 3525; x_wconf 88' lang='lat' dir='ltr'>pati</span> <span class='ocrx_word' id='word_1_301' title='bbox 1173 3463 1223 3512; x_wconf 85' lang='lat' dir='ltr'>scit</span> <span class='ocrx_word' id='word_1_302' title='bbox 1242 3463 1345 3513; x_wconf 89' lang='lat' dir='ltr'>animus</span> 
     </span>
     <span class='ocr_line' id='line_1_35' title="bbox 243 3528 1025 3596; baseline 0 -16"><span class='ocrx_word' id='word_1_303' title='bbox 243 3544 259 3580; x_wconf 85' lang='lat' dir='ltr'>a</span> <span class='ocrx_word' id='word_1_304' title='bbox 279 3531 417 3596; x_wconf 85' lang='lat' dir='ltr'>corporeis</span> <span class='ocrx_word' id='word_1_305' title='bbox 437 3529 580 3580; x_wconf 86' lang='lat' dir='ltr'>deterritus</span> <span class='ocrx_word' id='word_1_306' title='bbox 600 3538 627 3579; x_wconf 92' lang='lat' dir='ltr'>et</span> <span class='ocrx_word' id='word_1_307' title='bbox 645 3529 678 3580; x_wconf 90' lang='lat' dir='ltr'>iis</span> <span class='ocrx_word' id='word_1_308' title='bbox 698 3544 767 3595; x_wconf 91' lang='lat' dir='ltr'>quae</span> <span class='ocrx_word' id='word_1_309' title='bbox 785 3530 908 3581; x_wconf 88' lang='lat' dir='ltr'>deorsum</span> <span class='ocrx_word' id='word_1_310' title='bbox 928 3528 1025 3580; x_wconf 86' lang='lat' dir='ltr'>ferunt.</span> 
     </span>
    </p>
   </div>
   <div class='ocr_carea' id='block_1_5' title="bbox 243 3616 1425 4186">
    <p class='ocr_par' dir='ltr' id='par_1_5' title="bbox 243 3616 1425 4186">
     <span class='ocr_line' id='line_1_36' title="bbox 343 3616 1347 3684; baseline 0.006 -17"><span class='ocrx_word' id='word_1_311' title='bbox 343 3617 444 3682; x_wconf 81' lang='lat' dir='ltr'>Quibus</span> <span class='ocrx_word' id='word_1_312' title='bbox 465 3617 579 3684; x_wconf 76' lang='lat' dir='ltr'>cognitis</span> <span class='ocrx_word' id='word_1_313' title='bbox 605 3632 652 3666; x_wconf 89' lang='lat' dir='ltr'>rex</span> <span class='ocrx_word' id='word_1_314' title='bbox 672 3631 754 3682; x_wconf 87' lang='lat' dir='ltr'>aegre</span> <span class='ocrx_word' id='word_1_315' title='bbox 782 3616 883 3667; x_wconf 87' lang='lat' dir='ltr'>serebat</span> <span class='ocrx_word' id='word_1_316' title='bbox 911 3624 937 3666; x_wconf 91' lang='lat' dir='ltr'>et</span> <span class='ocrx_word' id='word_1_317' title='bbox 964 3618 1155 3683; x_wconf 84' lang='lat' dir='ltr'>poenitentiam</span> <span class='ocrx_word' id='word_1_318' title='bbox 1174 3620 1298 3684; x_wconf 88' lang='lat' dir='ltr'>babebat,</span> <span class='ocrx_word' id='word_1_319' title='bbox 1319 3631 1347 3673; x_wconf 88' lang='lat' dir='ltr'>et</span> 
     </span>
     <span class='ocr_line' id='line_1_37' title="bbox 243 3688 1346 3756; baseline 0.004 -18"><span class='ocrx_word' id='word_1_320' title='bbox 243 3690 439 3740; x_wconf 86' lang='lat' dir='ltr'>restitutionem</span> <span class='ocrx_word' id='word_1_321' title='bbox 467 3688 546 3740; x_wconf 89' lang='lat' dir='ltr'>valde</span> <span class='ocrx_word' id='word_1_322' title='bbox 565 3688 704 3753; x_wconf 91' lang='lat' dir='ltr'>cupiebat,</span> <span class='ocrx_word' id='word_1_323' title='bbox 724 3703 779 3738; x_wconf 88' lang='lat' dir='ltr'>non</span> <span class='ocrx_word' id='word_1_324' title='bbox 798 3696 885 3738; x_wconf 89' lang='lat' dir='ltr'>autern</span> <span class='ocrx_word' id='word_1_325' title='bbox 904 3688 1022 3751; x_wconf 88' lang='lat' dir='ltr'>sciebat,</span> <span class='ocrx_word' id='word_1_326' title='bbox 1044 3691 1174 3756; x_wconf 89' lang='lat' dir='ltr'>quomodo</span> <span class='ocrx_word' id='word_1_327' title='bbox 1194 3708 1223 3743; x_wconf 92' lang='lat' dir='ltr'>se</span> <span class='ocrx_word' id='word_1_328' title='bbox 1243 3689 1346 3742; x_wconf 74' lang='lat' dir='ltr'>latere.¹</span> 
     </span>
     <span class='ocr_line' id='line_1_38' title="bbox 244 3758 1346 3828; baseline 0.006 -22"><span class='ocrx_word' id='word_1_329' title='bbox 244 3758 373 3810; x_wconf 85' lang='lat' dir='ltr'>turmale</span> <span class='ocrx_word' id='word_1_330' title='bbox 392 3762 554 3811; x_wconf 87' lang='lat' dir='ltr'>meditatum</span> <span class='ocrx_word' id='word_1_331' title='bbox 574 3775 730 3826; x_wconf 87' lang='lat' dir='ltr'>persuasum</span> <span class='ocrx_word' id='word_1_332' title='bbox 749 3760 830 3826; x_wconf 84' lang='lat' dir='ltr'>igitur</span> <span class='ocrx_word' id='word_1_333' title='bbox 851 3767 891 3809; x_wconf 90' lang='lat' dir='ltr'>est</span> <span class='ocrx_word' id='word_1_334' title='bbox 910 3760 944 3822; x_wconf 89' lang='lat' dir='ltr'>ei,</span> <span class='ocrx_word' id='word_1_335' title='bbox 964 3768 993 3810; x_wconf 94' lang='lat' dir='ltr'>ut</span> <span class='ocrx_word' id='word_1_336' title='bbox 1012 3777 1105 3812; x_wconf 87' lang='lat' dir='ltr'>causas</span> <span class='ocrx_word' id='word_1_337' title='bbox 1123 3762 1257 3828; x_wconf 81' lang='lat' dir='ltr'>proferret</span> <span class='ocrx_word' id='word_1_338' title='bbox 1276 3776 1346 3814; x_wconf 90' lang='lat' dir='ltr'>con.</span> 
     </span>
     <span class='ocr_line' id='line_1_39' title="bbox 244 3831 1346 3900; baseline 0.006 -23"><span class='ocrx_word' id='word_1_339' title='bbox 244 3835 284 3878; x_wconf 87' lang='lat' dir='ltr'>tra</span> <span class='ocrx_word' id='word_1_340' title='bbox 305 3844 362 3878; x_wconf 92' lang='lat' dir='ltr'>eum</span> <span class='ocrx_word' id='word_1_341' title='bbox 383 3839 408 3880; x_wconf 90' lang='lat' dir='ltr'>ct</span> <span class='ocrx_word' id='word_1_342' title='bbox 426 3832 591 3898; x_wconf 86' lang='lat' dir='ltr'>indignitatis</span> <span class='ocrx_word' id='word_1_343' title='bbox 609 3839 750 3882; x_wconf 82' lang='lat' dir='ltr'>accusaret</span> <span class='ocrx_word' id='word_1_344' title='bbox 769 3846 842 3894; x_wconf 89' lang='lat' dir='ltr'>eum,</span> <span class='ocrx_word' id='word_1_345' title='bbox 863 3831 907 3897; x_wconf 86' lang='lat' dir='ltr'>qui</span> <span class='ocrx_word' id='word_1_346' title='bbox 927 3831 1116 3895; x_wconf 79' lang='lat' dir='ltr'>permultos</span> <span class='ocrx_word' id='word_1_347' title='bbox 1110 3849 1160 3884; x_wconf 88' lang='lat' dir='ltr'>ram</span> <span class='ocrx_word' id='word_1_348' title='bbox 1180 3849 1262 3886; x_wconf 90' lang='lat' dir='ltr'>annos</span> <span class='ocrx_word' id='word_1_349' title='bbox 1283 3835 1346 3900; x_wconf 87' lang='lat' dir='ltr'>dig.</span> 
     </span>
     <span class='ocr_line' id='line_1_40' title="bbox 244 3901 1347 3966; baseline 0.003 -16"><span class='ocrx_word' id='word_1_350' title='bbox 244 3901 353 3950; x_wconf 88' lang='lat' dir='ltr'>nitatem</span> <span class='ocrx_word' id='word_1_351' title='bbox 380 3911 521 3952; x_wconf 85' lang='lat' dir='ltr'>ornaverat</span> <span class='ocrx_word' id='word_1_352' title='bbox 546 3911 572 3952; x_wconf 88' lang='lat' dir='ltr'>et</span> <span class='ocrx_word' id='word_1_353' title='bbox 606 3903 698 3953; x_wconf 89' lang='lat' dir='ltr'>salutis</span> <span class='ocrx_word' id='word_1_354' title='bbox 734 3901 842 3953; x_wconf 86' lang='lat' dir='ltr'>verbum</span> <span class='ocrx_word' id='word_1_355' title='bbox 867 3909 967 3952; x_wconf 87' lang='lat' dir='ltr'>rectum</span> <span class='ocrx_word' id='word_1_356' title='bbox 995 3903 1161 3966; x_wconf 81' lang='lat' dir='ltr'>reddiderat3</span> <span class='ocrx_word' id='word_1_357' title='bbox 1186 3913 1212 3954; x_wconf 89' lang='lat' dir='ltr'>et</span> <span class='ocrx_word' id='word_1_358' title='bbox 1238 3905 1347 3956; x_wconf 85' lang='lat' dir='ltr'>luerunt</span> 
     </span>
     <span class='ocr_line' id='line_1_41' title="bbox 245 3969 1344 4042; baseline 0.005 -21"><span class='ocrx_word' id='word_1_359' title='bbox 245 3969 323 4021; x_wconf 85' lang='lat' dir='ltr'>huius</span> <span class='ocrx_word' id='word_1_360' title='bbox 344 3971 449 4021; x_wconf 90' lang='lat' dir='ltr'>consilii</span> <span class='ocrx_word' id='word_1_361' title='bbox 470 3973 573 4037; x_wconf 87' lang='lat' dir='ltr'>quidam</span> <span class='ocrx_word' id='word_1_362' title='bbox 592 3975 733 4036; x_wconf 89' lang='lat' dir='ltr'>primores,</span> <span class='ocrx_word' id='word_1_363' title='bbox 753 3971 817 4022; x_wconf 88' lang='lat' dir='ltr'>licet</span> <span class='ocrx_word' id='word_1_364' title='bbox 836 3987 889 4021; x_wconf 90' lang='lat' dir='ltr'>non</span> <span class='ocrx_word' id='word_1_365' title='bbox 909 3973 1064 4039; x_wconf 87' lang='lat' dir='ltr'>ignorantes</span> <span class='ocrx_word' id='word_1_366' title='bbox 1084 3976 1135 4025; x_wconf 84' lang='lat' dir='ltr'>viri</span> <span class='ocrx_word' id='word_1_367' title='bbox 1156 3975 1280 4042; x_wconf 82' lang='lat' dir='ltr'>gloriam,</span> <span class='ocrx_word' id='word_1_368' title='bbox 1301 3984 1344 4026; x_wconf 89' lang='lat' dir='ltr'>ta-</span> 
     </span>
     <span class='ocr_line' id='line_1_42' title="bbox 243 4041 1425 4113; baseline 0.004 -22"><span class='ocrx_word' id='word_1_369' title='bbox 243 4056 304 4092; x_wconf 88' lang='lat' dir='ltr'>men</span> <span class='ocrx_word' id='word_1_370' title='bbox 325 4041 432 4092; x_wconf 84' lang='lat' dir='ltr'>luerunt</span> <span class='ocrx_word' id='word_1_371' title='bbox 457 4043 548 4092; x_wconf 92' lang='lat' dir='ltr'>mutati</span> <span class='ocrx_word' id='word_1_372' title='bbox 574 4049 708 4107; x_wconf 89' lang='lat' dir='ltr'>tempore,</span> <span class='ocrx_word' id='word_1_373' title='bbox 737 4051 766 4092; x_wconf 91' lang='lat' dir='ltr'>ut</span> <span class='ocrx_word' id='word_1_374' title='bbox 790 4042 955 4093; x_wconf 86' lang='lat' dir='ltr'>adulatorum</span> <span class='ocrx_word' id='word_1_375' title='bbox 985 4061 1072 4112; x_wconf 82' lang='lat' dir='ltr'>nugae</span> <span class='ocrx_word' id='word_1_376' title='bbox 1091 4056 1160 4097; x_wconf 91' lang='lat' dir='ltr'>sunt.</span> <span class='ocrx_word' id='word_1_377' title='bbox 1196 4048 1344 4113; x_wconf 81' lang='lat' dir='ltr'>experiens</span> <span class='ocrx_word' id='word_1_378' title='bbox 1424 4108 1425 4113; x_wconf 12' lang='lat'>¹</span> 
     </span>
     <span class='ocr_line' id='line_1_43' title="bbox 244 4113 1425 4186; baseline 0.006 -24"><span class='ocrx_word' id='word_1_379' title='bbox 244 4119 331 4166; x_wconf 84' lang='lat' dir='ltr'>autem</span> <span class='ocrx_word' id='word_1_380' title='bbox 351 4128 425 4168; x_wconf 88' lang='lat' dir='ltr'>suum</span> <span class='ocrx_word' id='word_1_381' title='bbox 443 4113 605 4183; x_wconf 91' lang='lat' dir='ltr'>propositum</span> <span class='ocrx_word' id='word_1_382' title='bbox 622 4129 670 4164; x_wconf 84' lang='lat' dir='ltr'>rex</span> <span class='ocrx_word' id='word_1_383' title='bbox 684 4113 830 4166; x_wconf 84' lang='lat' dir='ltr'>nonnullos</span> <span class='ocrx_word' id='word_1_384' title='bbox 847 4113 920 4167; x_wconf 85' lang='lat' dir='ltr'>urbis</span> <span class='ocrx_word' id='word_1_385' title='bbox 938 4117 1079 4181; x_wconf 87' lang='lat' dir='ltr'>antistites,</span> <span class='ocrx_word' id='word_1_386' title='bbox 1094 4132 1160 4186; x_wconf 86' lang='lat' dir='ltr'>quos</span> <span class='ocrx_word' id='word_1_387' title='bbox 1180 4119 1258 4168; x_wconf 91' lang='lat' dir='ltr'>etiam</span> <span class='ocrx_word' id='word_1_388' title='bbox 1279 4133 1346 4186; x_wconf 88' lang='lat' dir='ltr'>pru.</span> <span class='ocrx_word' id='word_1_389' title='bbox 1424 4116 1425 4119; x_wconf 69' lang='grc'>’</span> 
     </span>
    </p>
   </div>
   <div class='ocr_carea' id='block_1_6' title="bbox 0 0 1455 4734">
    <p class='ocr_par' dir='ltr' id='par_1_6' title="bbox 0 0 1455 4734">
     <span class='ocr_line' id='line_1_44' title="bbox 0 0 1455 4734; baseline 0 0"><span class='ocrx_word' id='word_1_390' title='bbox 0 0 1455 4734; x_wconf 95' lang='lat' dir='ltr'> </span> 
     </span>
    </p>
   </div>
  </div>
 </body>
</html>
