2875 4734
217 290 288 363 ισε
349 301 356 321 ι
507 289 729 359 mammis
758 234 1018 358 ammonas
1070 366 1074 375 ,

215 485 270 524 και
263 458 361 523 λίαν
382 441 582 542 α’πρόοβατον
605 454 659 520 διό
684 453 742 539 τὴν
765 456 829 519 τῶν
848 456 1022 537 γενομένων
1042 455 1146 539 α’τιηνῆ
1165 458 1317 541 σιιοδρω-
1384 458 1419 511 ,ν

215 558 347 645 πότητα.

306 652 448 724 Ηλαονε
471 660 531 738 μέν
553 649 607 722 σόν
629 681 644 720 ο
636 653 872 739 βασιλευς
840 684 855 723 ε
894 650 977 731 iniec
998 653 1077 740 πρός
1099 681 1156 741 την
1178 654 1318 741 ἑσπέραν

129 745 131 750 ⁵
213 765 312 846 μέχρι
333 762 519 834 Κολωνείας
540 759 655 842 odric·
701 756 781 821 έπόν
801 758 837 822 δέ
858 759 1015 840 γένοιτο’
1000 755 1088 832 εντός
1109 762 1169 822 τοῦ
1189 764 1318 825 Μελισ-

215 862 384 949 σοπετρίοο
409 859 561 946 (κόστρον
583 857 618 924 δὲ
641 860 733 923 τοότο
764 860 819 923 έπί
837 880 919 933 τινος
941 855 1041 943 λόφον
1063 862 1233 949 κείμενον),
1259 854 1342 945 rip-5

216 969 311 1042 ξαντο
331 964 432 1082 τούτῳ
454 967 659 1045 προσομιλεῖν
690 957 730 1025 τό
747 960 847 1023 δεινά.
891 957 991 1043 όγόρ
1025 956 1206 1082 σύμβουλος
1229 960 1321 1051 αὐτῷ

215 1091 270 1130 και
290 1067 401 1150 πρῶτα
424 1067 462 1156 τῇ
483 1067 657 1151 στρατηγία
678 1063 814 1137 Παῦλος
843 1056 1054 1143 πρόεδρος,
1035 1083 1070 1125 ον
1093 1058 1154 1124 α’πό
1180 1064 1237 1125 τοῦ
1259 1085 1317 1126 κα-

203 1167 395 1255 τεπανικίοη
422 1169 477 1247 τῆς
501 1164 647 1246 Ἐδέσσης
676 1159 966 1245 μεταπεμψάμενος
997 1157 1237 1243 όβασιλεός’
1222 1186 1255 1227 εν
1275 1164 1317 1251 api

214 1265 295 1386 πρός
319 1270 451 1349 Πέρσας
472 1260 615 1329 ἐλαύνειν
643 1254 736 1348 εόρεν
756 1264 789 1326 έν
814 1262 1079 1327 Θεοδοσιοοπόλει
1109 1262 1316 1345 οχοδιόζοντα

216 1393 275 1453 την
296 1370 414 1449 ταότης
434 1362 540 1450 ἀρχὴν
563 1362 614 1427 διό
646 1359 680 1427 τό
704 1363 758 1428 τόν
782 1366 880 1426 dodau
909 1365 1138 1447 προαλαιθηναι
1160 1363 1238 1442 μετὰ
1260 1366 1318 1427 τοῦ
1329 1385 1361 1438 10

215 1472 384 1551 parotidum,
406 1466 461 1529 καί
481 1463 587 1530 πάντα
608 1462 709 1531 έδόιιει
732 1464 821 1549 adad
848 1464 1084 1550 συναιρόμενον,
1103 1460 1226 1547 νόκτιορ
1246 1466 1318 1529 δια.

215 1566 294 1652 δρός
313 1563 370 1652 την
391 1567 544 1646 βασιλίδα
564 1566 729 1648 κατέλαβε,
761 1561 876 1642 paeda
897 1560 935 1628 τό
956 1566 1149 1650 γεγενημένα
1169 1572 1238 1629 κατ’
1258 1564 1319 1629 αό-

213 1666 270 1750 την
291 1668 347 1732 καί
364 1665 420 1750 την
442 1666 496 1751 τῆς
510 1660 701 1748 Αδγοόστης
724 1663 919 1748 προαίρεσιν.
943 1658 1027 1750 αότη
1051 1661 1127 1785 γόρ
1137 1665 1318 1781 ἀπογνοῦσα

51 1835 56 1843 ,
122 1765 126 1769 ’
215 1791 273 1851 την
294 1789 348 1831 τοο
336 1767 524 1848 βασιλέως
539 1763 694 1828 ἀπόλυσιν
710 1768 939 1845 μετεπέμψατο
951 1768 1011 1844 μὲν
1027 1769 1081 1830 καί
1095 1762 1150 1829 τόν
1161 1766 1217 1829 τοό
1231 1762 1319 1848 πριό-

215 1893 271 1934 τοο
288 1867 403 1951 α’νδρὸς
418 1890 472 1930 και
467 1864 682 1947 βασιλέωςι
666 1868 827 1947 ομαίμονα
840 1857 988 1950 Ἰωάννην
1005 1862 1059 1930 τόν
1072 1866 1227 1948 Καίσαρα
1237 1866 1316 1948 μετδ
1329 1884 1364 1937 15

215 1966 276 2031 δόο
308 1966 411 2031 αότοό
432 1944 531 2046 όὶοιν,
553 1956 597 2029 τόν
622 1960 638 2025 δ
668 1956 756 2041 εἶςό
774 1964 972 2048 Ἀνδρόνικος
994 1959 1157 2050 νέηλνς
1136 1990 1175 2049 ην
1202 1971 1236 2033 εἰι
1267 1991 1319 2049 της

214 2090 368 2152 στρατιας
396 2065 628 2147 καταλαβών’
612 2088 645 2129 εν
680 2069 781 2154 φυγῇ,
819 2066 1017 2147 διεπέμψατο
1045 2069 1080 2132 δέ
1105 2090 1158 2131 και
1155 2067 1318 2151 δόγματα

213 2166 295 2251 πρὸς
327 2164 432 2241 πόσας
461 2164 519 2240 τός
538 2161 712 2250 ἐπαρχίας,
737 2164 782 2251 μη’
813 2160 894 2240 dioec
921 2166 1098 2251 α’παντῆσαι
1124 2169 1166 2255 τῷ
1187 2170 1318 2253 Διογένη

215 2265 448 2349 διαταττόμενον
461 2265 516 2329 καί
525 2262 582 2350 την
592 2266 762 2353 βασιλικὴν
771 2265 871 2356 τοότιρ
883 2264 1094 2354 τιροσιιόνησιν
1106 2275 1318 2352 προσενεγκεῖν

214 2371 270 2433 κατ’
291 2365 396 2452 τιμήν.
429 2364 510 2433 α’λλό
533 2371 590 2432 τοῦ
602 2366 771 2451 Καίσαρος
791 2368 944 2443 εἰσιόντος
963 2365 1046 2448 perd
1068 2369 1130 2433 τῶν
1146 2367 1204 2431 δόο
1226 2364 1363 2454 viduam

214 2470 271 2533 καί
291 2472 329 2556 τῇ
347 2471 493 2551 βασιλίδι
508 2466 741 2553 προσμίξαντος
767 2470 801 2533 έν
827 2471 871 2556 τῷ
890 2464 1042 2557 παλατίιρ,
1064 2473 1318 2557 μεταστρέφεται

214 2571 282 2634 κατ’
311 2570 407 2653 αότῆς
435 2569 454 2651 ἦ
487 2565 589 2653 βουλὴ
611 2575 666 2653 τῆς
695 2572 751 2633 τοῦ
774 2567 891 2656 α’νδρός
922 2570 1142 2655 α’ποκηρόξεως
1163 2573 1219 2635 καί
1239 2566 1318 2633 διιό-

215 2674 302 2746 ξεως.
346 2669 395 2734 διό
417 2676 472 2737 καί
489 2669 551 2756 τόνΙ
575 2673 636 2750 μέν
665 2673 793 2755 πρῶτον
825 2668 897 2736 υἱόν
929 2672 1048 2756 αότῆς,
1072 2668 1108 2735 όν
1130 2675 1164 2737 έιι
1184 2676 1238 2756 τῆς
1260 2673 1318 2735 τοῦ

214 2762 326 2841 Δοόκα
346 2772 523 2858 συναφείας
546 2772 716 2854 ἀπέτεκεν,
749 2770 970 2861 αότοιιρότορα
1000 2772 1054 2838 καί
1077 2774 1231 2859 δεοτιότην
1252 2796 1317 2859 φη·
1420 2802 1426 2811 ’

219 2895 223 2908 ’
286 2924 310 2977 ι.
331 2922 495 2996 sanatam
514 2923 546 2980 o.

216 3060 428 3127 (argumentum)
448 3056 614 3124 propositum
634 3062 684 3120 est,
703 3055 751 3109 sed
771 3054 849 3106 etiam
863 3053 943 3107 valde
960 3054 1126 3109 inaccessum
1145 3064 1255 3125 propter
1273 3056 1317 3109 sa.

215 3137 318 3181 etorum
340 3129 476 3181 erudeiem
494 3129 673 3195 asperitatem.

312 3200 454 3252 Profectus
472 3201 555 3267 igitur
574 3206 615 3251 est
632 3215 680 3250 rex
699 3215 775 3251 mane
789 3200 826 3251 ad
845 3216 986 3268 vesperum
1007 3216 1091 3268 usque
1110 3200 1143 3251 nd
1160 3200 1314 3253 Coloneum.

216 3287 277 3323 eum
296 3278 383 3320 autem
410 3273 480 3322 intra
503 3270 728 3337 Melissopetrinm
757 3270 912 3340 (castelium
938 3273 1063 3337 entheo,
1084 3272 1111 3323 in
1131 3271 1314 3341 collesitum)

215 3350 303 3405 esset,
330 3350 477 3407 coeperunt
502 3342 527 3393 ei
551 3342 675 3393 accidere
698 3342 776 3393 mala.
821 3341 929 3393 consilii
958 3345 1032 3398 enim
1054 3344 1110 3395 eius
1136 3344 1269 3410 particeps
1289 3350 1316 3393 et

214 3412 283 3464 belii
301 3414 436 3480 princeps,
457 3412 556 3464 Paulus
575 3427 684 3479 praeses
704 3418 798 3481 (quem
825 3430 857 3465 ex
876 3414 1045 3481 praefectura
1063 3412 1180 3466 Ede'ssaa
1199 3414 1315 3466 arcessi.

213 3492 269 3537 tam
286 3500 343 3548 rex,
361 3500 420 3536 eum
438 3483 471 3536 ad
489 3483 583 3535 Persas
601 3482 825 3550 proficisceretur,
845 3484 1053 3561 Theodosiopoli
1072 3487 1176 3539 invenit
1195 3502 1229 3537 ex
1245 3492 1316 3538 tenr-

214 3571 282 3624 pore
301 3564 518 3624 procuratorem,
539 3557 600 3624 quia
619 3555 672 3607 dnx
691 3572 749 3607 eum
768 3572 833 3625 rege
851 3556 943 3624 captus
963 3566 1036 3621 erat,
1056 3564 1082 3609 et
1100 3558 1127 3609 in
1146 3556 1267 3609 omnibus
1286 3571 1316 3606 se

215 3628 343 3680 adiuvare
362 3627 552 3697 arbitrabatur)
571 3633 651 3679 nocte
670 3626 778 3696 fugiens
792 3630 893 3696 regiam
907 3630 988 3697 oepit,
1008 3644 1067 3679 enm
1081 3628 1228 3681 audivisset
1247 3628 1316 3679 iacta

216 3700 249 3750 de
270 3714 302 3749 en
321 3707 348 3751 et
365 3708 494 3769 angustae
513 3699 662 3752 voluntate
701 3697 769 3751 haee
789 3702 858 3750 enim
877 3701 1020 3767 desperans
1040 3702 1112 3767 regis
1131 3700 1318 3752 liberationem

214 3771 357 3821 arcessivit
384 3774 462 3822 etiam
482 3773 559 3839 primi
578 3770 639 3824 viri
660 3779 687 3821 et
711 3772 784 3839 regis
809 3771 917 3823 fratrem
943 3771 1067 3823 loannem
1097 3772 1237 3824 Gaesarem
1257 3784 1315 3821 oum

215 3838 318 3892 duobus
338 3842 394 3893 eius
415 3843 487 3907 filiis,
508 3858 619 3911 qnorum
637 3842 704 3894 alter
722 3843 889 3895 Andronicus
911 3844 994 3894 redux
1014 3850 1070 3894 erat
1089 3858 1122 3894 ex
1135 3843 1316 3910 expeditione,

214 3926 340 3963 reversus
360 3927 407 3978 per
427 3913 525 3979 sugam.
563 3916 741 3967 minitantem
761 3916 839 3967 etiam
860 3916 967 3967 decreta
991 3916 1023 3965 ad
1043 3929 1134 3966 omnes
1153 3914 1316 3981 provincias,

215 3983 322 4033 omnino
340 3997 395 4034 non
416 3982 549 4034 obviam
541 4002 582 4036 rra
600 3988 723 4053 Angusto
743 3985 862 4038 iubentia
883 3988 1028 4069 attegiam
1047 3985 1110 4037 huie
1129 3986 1317 4038 salutationem

213 4055 333 4106 tribuere
353 4063 380 4106 et
398 4054 534 4104 honorem.
572 4056 619 4107 sed
638 4065 777 4124 postquam
796 4058 927 4111 Caesar
920 4072 1056 4123 mgressus
1076 4065 1194 4109 osteum
1214 4055 1317 4107 dnobus

214 4124 278 4175 filiis
298 4134 325 4177 et
342 4127 454 4195 reginae
478 4140 509 4175 ae
534 4128 670 4178 coniunxit
699 4130 726 4178 in
746 4127 867 4193 palatio,
887 4136 999 4180 mutatur
1020 4138 1113 4181 eontra
1133 4143 1192 4179 eum
1215 4126 1317 4180 voluu-

215 4200 256 4248 tas
281 4197 367 4252 viram
391 4196 534 4249 deiiciendi
554 4205 581 4249 et
600 4199 794 4267 persequendi:
819 4198 987 4268 quamobrem
1013 4202 1091 4253 etiam
1120 4201 1231 4267 primum
1260 4198 1318 4249 eius
