2875 4734
578 277 785 348 araroma.
1104 237 1110 241 ⁸
1160 269 1261 368 aaa

129 433 240 514 οἱμὲν
262 427 354 500 ἄλλοι
375 439 440 500 τάν
463 439 638 520 δικαστοίν,
667 437 892 526 μαρτυρούσης
913 464 970 524 μοι
994 444 1051 527 τῆς
1078 445 1232 528 ἀληθείαις

130 536 231 617 αύτῆς
262 537 318 620 (οά
339 533 400 620 μύρ
427 535 647 622 θρυπτόμενός
673 566 704 607 τι
725 544 803 618 λέξω
831 536 854 624 ἢ
877 542 1011 626 έξαέρων
1031 542 1180 626 ε’μαυτόν,
1208 538 1250 626 εἶ’

130 633 249 714 σεμνόν
272 658 303 699 τι
327 635 381 709 καί
402 634 488 718 παρὰ
513 638 575 702 τάν
597 639 777 723 ἀνθρώπων
797 639 945 725 θηρεύων
966 639 1111 706 ἔπαινον·
1154 644 1232 706 aaut

129 731 191 818 ydp
216 731 344 823 ἐμαυτῷ
364 736 496 800 σύνοιδά
520 763 551 802 τι
574 738 708 823 ζηλωτόν
731 765 760 806 τι
786 743 842 805 καί
862 745 1040 826 περιδέξιον
1061 743 1130 806 ούδ’
1150 742 1231 808 dna-

77 906 80 912 ,
103 837 271 929 ὀρυχῆς
250 859 280 898 τι
302 839 430 918 μέτριον
452 841 625 919 λείψανον·
667 839 827 925 ἀγαπητὸν
846 840 906 928 γὰρ
928 842 1027 906 εἶναι’
1043 850 1110 920 τοῖς
1130 838 1232 926 έσχύ-

129 958 198 1010 τοις
220 939 282 1000 τῶν
317 934 437 1020 λόγουΙ
430 939 541 1025 ποσιύς
569 940 770 1024 μετεχόντων
796 947 1041 1064 συντσιττοίμην)
1073 984 1113 996 -
1142 936 1231 1010 ουτοι

130 1026 189 1100 ούν
212 1016 242 1098 οί
263 1037 319 1118 τῆς
342 1039 420 1122 έμῆς
443 1038 559 1116 τάξεως
580 1065 632 1104 και
654 1044 818 1116 κοινωνιας
838 1069 855 1127 η
880 1039 1044 1164 ἑταιριισ
1043 1048 1230 1110 συνεπαινέ-

132 1160 186 1200 ται
208 1161 261 1200 και
283 1139 379 1200 αύτοί
399 1145 463 1215 τοῖς
484 1143 807 1223 προβεβουλευμένοις
822 1139 981 1228 γεγόνασι,
1001 1140 1095 1225 μόνος
1117 1148 1147 1209 δ’
1170 1145 1231 1210 αύ-

86 1361 122 1412 10
132 1342 285 1424 ἠρεμαῖον
307 1343 363 1422 τῆς
385 1341 454 1402 κατ’
476 1342 532 1428 ἐμὲ
547 1287 800 1425 παραστάσεως,
822 1341 914 1424 λόγον
935 1346 1132 1431 ε’ξηρημένως
1152 1275 1234 1433 ἀνίη·

130 1443 206 1524 τησέ
217 1461 269 1520 με,
289 1441 344 1502 καί
362 1443 398 1502 τι’
408 1464 462 1524 μοι
484 1439 517 1504 τί
543 1437 775 1526 παριστάμενον
798 1442 872 1526 περὶ
892 1439 1011 1506 τούτων
1033 1447 1128 1508 ε’στέν.
1174 1448 1234 1510 αύ-

133 1539 188 1615 τύς
219 1536 545 1624 δὲτερατευσύμενος
577 1541 731 1626 πρότερον
762 1542 805 1617 τίς
834 1544 928 1607 ου’δέν
948 1567 980 1607 τι
1003 1548 1057 1608 τού
1091 1546 1234 1629 πλήθους

133 1637 223 1715 έκτύς
247 1640 402 1724 δυναίμην
428 1644 527 1705 εἰπεῖν
559 1643 633 1706 ούδὲ
661 1641 895 1727 καρτερώτερος
927 1641 1090 1728 ὀφθῆναι,
1123 1639 1233 1709 κύνει

133 1737 306 1820 δοκιμάσαι,
326 1740 450 1816 πάντας
473 1741 816 1826 ἀποδοκιμασθήσομαι
836 1747 891 1826 τῆς
912 1743 974 1808 τῶν
994 1740 1144 1811 πλειόνων
1168 1743 1236 1830 ψη-

88 1863 198 1926 15φου
219 1835 462 1926 ἐπικρατούσης,
486 1842 538 1906 ἀεὶ
557 1841 637 1922 μετὰ
663 1846 777 1926 πολλῆς
801 1840 817 1906 d
840 1844 990 1923 βασιλεὺς
1010 1847 1064 1929 τῆς
1084 1848 1235 1928 ἐπιμονῆς

134 1945 188 2006 κατ’
209 1944 264 2024 τῆς
285 1943 483 2021 ἀμεταθέτου
507 1942 682 2018 ένστύσεως
712 1944 931 2025 προετρέψατο
952 1968 993 2025 με
1021 1944 1055 2010 τὰ
1076 1948 1157 2010 κατὰ
1180 1952 1234 2012 λο·
1243 1951 1262 2005 f·
1278 1954 1329 2010 193
1339 1970 1387 2032 r„

133 2040 248 2124 γισμύν
271 2041 373 2116 ἀδεῶς
393 2042 540 2125 ἀνειπεῖν,
562 2041 617 2122 τὸν
638 2040 710 2106 θεὸν
725 2039 902 2128 ’ἐπιστήσας
913 2068 970 2126 μοι
990 2044 1153 2131 μα’ρτυρα.
1173 2070 1234 2127 με-

133 2140 280 2225 ταβαλών
315 2134 371 2206 οὖν
392 2143 436 2227 μὴ
459 2144 603 2227 ἀρέσκειν
624 2168 678 2224 μοι
708 2141 762 2226 την
795 2144 913 2228 βουλήν
933 2143 1052 2231 ταύτην
1076 2145 1176 2222 εύθύς
1202 2147 1235 2213 ἐκ
1357 2228 1360 2235 ¹

135 2243 312 2325 προοιμίων
329 2243 536 2328 ἀπήγγειλαν,
569 2243 721 2329 προσθείς
745 2240 787 2318 αίς
819 2244 848 2309 οἱ
871 2250 1015 2326 πολέμιοι
1039 2247 1077 2312 od
1096 2253 1235 2330 παντελῆ
1290 2293 1296 2306 .

87 2345 328 2426 μοδοσκληριάν
351 2348 404 2407 κατ’
424 2344 649 2430 καταστροφὴν
670 2345 767 2432 ἐντῷ
787 2349 911 2432 πολέμῳ
932 2344 1087 2422 ἐδέξαντο.
1132 2346 1151 2431 ἡ
1173 2349 1234 2430 pap

135 2439 255 2525 ἑσπέρα
275 2445 355 2526 ταχύ
382 2446 607 2524 καταλαβοῦσα
631 2447 781 2510 διέσωσεν
803 2445 930 2527 αύτούς,
951 2445 1006 2510 καί
1023 2443 1057 2512 ro*
1081 2448 1134 2509 ἀπὶ
1152 2451 1237 2529 τρεῖς

135 2541 257 2626 ἡμέρας
285 2542 437 2626 ἀνεθῆναι
468 2543 525 2628 τὴν
556 2548 662 2624 δι’ωξιν
691 2545 727 2610 τὸ
761 2546 830 2623 δέος
865 2547 987 2622 τούτοις
1014 2547 1237 2611 ἀνεκαλέσατο.

135 2644 192 2748 καί
211 2645 303 2706 τούτο
322 2644 414 2726 δῆλον
429 2642 463 2708 da
476 2667 510 2709 τε
529 2647 583 2710 τοῦ
602 2643 649 2730 μὴ
669 2650 930 2733 καταλειφθῆναί
948 2672 978 2712 τι
1001 2649 1063 2711 τῶν
1083 2642 1240 2732 λαφύρων

159 2847 162 2850 -
213 2819 238 2871 1.
260 2821 444 2893 ονντάττοιμι
464 2819 493 2876 0.
529 2853 532 2858 ι

140 2985 175 3037 de
197 2997 229 3034 eo
248 2983 335 3049 petiit.
357 2985 428 3054 atqui
448 2986 494 3038 alii
513 2987 617 3054 quidem
637 2990 750 3052 iudices,
769 2990 795 3040 id
813 2989 883 3054 quod
904 2989 1040 3040 coniinnat
1058 2987 1123 3038 mihi
1141 2991 1241 3043 veritas

142 3059 218 3122 ipsa,
239 3071 327 3124 neque
350 3057 416 3109 enim
436 3059 562 3110 simulans
587 3058 687 3126 aliquid
714 3060 798 3108 dicam
819 3066 865 3108 aut
892 3059 1005 3111 efferens
1023 3074 1076 3121 me,
1098 3067 1142 3109 ant
1161 3060 1242 3125 ampli

142 3128 205 3195 quid
225 3135 251 3177 et
270 3127 302 3178 ab
326 3127 475 3179 hominibus
495 3137 603 3193 captans
622 3128 742 3184 laudem·
763 3142 852 3193 neque
872 3129 940 3178 enim
960 3130 1082 3179 conscius
1100 3129 1165 3179 mibi
1184 3144 1242 3179 aum

129 3201 182 3249 'rei
209 3199 381 3249 admiratione
406 3199 502 3264 dignae
528 3206 554 3247 et
578 3207 655 3262 aptae
682 3215 771 3281 neque
793 3198 954 3250 modicarum
973 3199 1152 3266 praestantiae
1172 3199 1242 3250 reli.
1301 3206 1304 3214 '

143 3271 272 3336 quianam.
317 3276 454 3334 acceptum
481 3268 550 3317 enim
572 3277 657 3333 esset,
677 3271 699 3320 si
722 3271 780 3338 quia
806 3269 851 3320 vel
870 3271 969 3323 ultimis
990 3285 1090 3335 eorum,
1112 3271 1157 3338 σαί
1178 3285 1242 3322 ora-

142 3342 223 3392 tionis
243 3355 350 3408 quoquo
377 3337 455 3387 modo
484 3339 627 3406 participes
653 3349 736 3404 erant,
763 3359 805 3393 me
830 3350 1011 3410 componeret.
1050 3342 1077 3392 bi
1096 3343 1179 3409 igitur
1196 3342 1243 3410 qni

144 3427 177 3462 ex
195 3426 255 3462 meo
275 3412 368 3462 ordine
388 3415 414 3458 et
433 3411 617 3461 communione
644 3412 689 3463 vel
709 3414 837 3465 societate
858 3423 942 3478 erant,
970 3414 1124 3466 laudatores
1145 3420 1171 3464 et
1189 3413 1242 3478 ipsi

144 3491 223 3534 antea
244 3482 347 3534 statutis
367 3481 488 3532 luerunt·
511 3481 611 3533 solus
604 3498 662 3548 ipse
682 3483 792 3536 silebam
812 3487 926 3538 adstans.
975 3492 1130 3536 nexantem
1150 3484 1242 3534 consi-

142 3555 237 3606 derans
258 3554 374 3618 quietum
392 3567 467 3604 meae
486 3555 653 3620 praesentiae
671 3570 829 3624 responsum
848 3559 944 3626 (certis
963 3554 1068 3622 verbis)
1089 3561 1164 3604 extra
1181 3566 1242 3602 mo.

142 3641 198 3676 rem
219 3638 253 3672 ex
270 3637 312 3672 me
331 3624 464 3690 quaesivit
484 3625 590 3691 etquid
610 3625 659 3675 de
653 3624 711 3677 bis
730 3627 795 3677 mibi
819 3632 962 3678 constaret.
1000 3625 1058 3690 ipse
1076 3630 1164 3673 autem
1184 3638 1243 3674 oum

143 3694 294 3756 simularem
312 3702 404 3758 antea,
432 3711 473 3745 me
494 3695 562 3747 nibil
564 3694 676 3762 procul
695 3712 711 3745 a
737 3698 904 3748 multitudine
933 3709 1014 3762 posse
1032 3693 1134 3758 dicere,
1151 3709 1242 3779 αεσαε

144 3767 301 3821 validiorem
319 3767 430 3832 adspici,
450 3774 476 3816 et
494 3768 516 3817 si
535 3754 598 3834 quid
615 3766 775 3833 probaturus
790 3783 875 3818 essem
888 3767 994 3817 omnino
1013 3765 1242 3832 improbatumiri,

144 3837 259 3905 plurium
279 3838 411 3887 sententia
430 3853 533 3904 semper
551 3839 728 3905 principatum
746 3846 866 3900 tenente,
885 3853 933 3889 rex
945 3836 1029 3887 multa
1048 3853 1106 3888 cnm
1125 3838 1242 3890 assidui.

143 3917 198 3960 tate
220 3916 246 3958 et
264 3909 398 3958 immutata
418 3911 564 3960 constantia
584 3909 738 3960 exhortatus
763 3916 804 3959 est
821 3923 880 3971 me,
909 3915 938 3959 ut
956 3908 1019 3976 quid
1037 3909 1164 3960 sentirem
1184 3907 1243 3958 sine

143 3981 239 4030 timore
257 3980 383 4042 dicerem,
402 3980 478 4030 deum
497 3981 562 4030 mihi
583 3989 679 4032 testem
700 3979 872 4031 constituens.
891 3980 1054 4046 respondens
1081 3980 1162 4047 igitur
1189 3990 1244 4027 non

146 4051 253 4118 placere
273 4050 337 4102 mihi
357 4049 497 4102 consilium
516 4050 567 4102 boc
586 4053 673 4103 statim
693 4050 725 4101 ab
745 4051 822 4102 initio
840 4050 1001 4116 nuntiabam,
1027 4051 1172 4112 adiiciens,
1191 4047 1244 4097 bo-

148 4129 200 4174 stes
218 4138 272 4174 non
292 4121 441 4174 absolutum
459 4121 555 4174 malum
578 4133 604 4176 et
625 4125 727 4175 ruinam
747 4123 774 4172 in
792 4121 866 4172 bello
878 4124 1025 4189 accepisse.
1061 4134 1161 4186 reaper
1174 4119 1244 4173 enim

148 4193 272 4246 celeriter
291 4207 425 4261 occupans
443 4196 564 4250 serravit
579 4210 642 4249 eos:
662 4203 688 4246 et
707 4200 906 4261 campestres
925 4194 981 4246 dies
990 4193 1170 4245 remitteretur
1178 4205 1244 4259 per.

139 4325 141 4331 ·
205 4305 288 4362 tint.
310 4306 397 4364 Διιιλ.
416 4305 483 4370 liar.
987 4365 991 4370 ,
1036 4304 1062 4388 ,9
