2875 4734
202 225 277 305 196‘
501 232 722 302 nicrinus
750 223 1009 302 stramonia

199 405 347 491 οχύντοις
368 404 482 489 ύρμαῖς
503 404 578 483 τούς
602 404 786 493 ὁμοφύλους
805 407 907 480 κακῶς
921 430 973 469 και
969 400 1218 485 ἀπανθρώπως
1239 421 1301 481 με-

200 511 384 603 τύρχονται,
410 502 603 590 ἁρπάζοντες
633 511 688 572 καί
717 506 898 588 βιαζόμενοι
919 504 957 570 τύ
982 504 1106 579 τούτοις
1130 496 1301 587 προσύντα,
1345 544 1352 551 -

200 611 257 673 καί
277 604 316 671 τύ
338 610 401 671 τοῖν
422 612 580 690 πολεμίων
610 603 778 692 δρύντες’
765 631 798 670 εν
820 609 856 693 τῇ
878 608 943 696 ιδίηι
963 606 1103 693 κατοικίηι
1123 603 1177 667 καί
1197 602 1301 691 χώρα,

200 706 256 773 καί
286 712 446 792 μηδεμιᾶς
474 708 660 786 κακοποιίας
691 702 713 792 'l
746 712 995 794 λαφυρογωγίας
1031 705 1302 789 παραχωρούντες

198 813 465 893 τοῖςλεγομδνοις
487 808 658 891 πολεμίοις.
709 808 767 895 ἀφ’
800 799 844 873 ὧν
875 806 908 873 αἱ
937 808 1204 889 παλαμναιὸτατοι
1225 798 1352 869 τού-5.

199 933 265 987 τοις
287 910 367 994 α’ραί
385 909 473 996 παρύ
496 914 559 976 τῶν
575 910 732 993 ύμοηενούν
755 913 967 996 ἐπιφέρονται,
988 908 1030 983 dg
1051 908 1106 991 τῆς
1127 900 1217 990 ἥττης
1239 906 1301 969 αύ-

199 1016 264 1076 rain
286 1005 393 1077 ἄνεσιν
425 1015 645 1096 παρεχομένης
668 1008 787 1086 πάσαις
808 1019 879 1085 ταῖς
904 1014 965 1075 scin
982 1010 1148 1091 Ῥωμαίων
1181 1004 1302 1089 κώμαις

143 1171 146 1175 ,
200 1115 256 1177 κατ’
277 1113 401 1196 χώραις
428 1112 483 1178 καί
509 1112 621 1178 πόλεσι
648 1112 797 1177 τοιούτων
833 1114 977 1231 πράξεων
1013 1114 1192 1195 δρωμένων.
1248 1108 1303 1171 καί

200 1209 298 1278 πάλιν
321 1197 524 1294 τεθαύμακα,
547 1219 611 1277 τίνι
624 1217 819 1336 θαρροῦντες
840 1236 870 1278 οι
883 1236 943 1277 τιον
951 1212 1119 1292 Ρωμαίων
1140 1210 1302 1292 προεστύ.

200 1337 251 1388 τες
269 1310 350 1394 πρύς
371 1314 640 1398 ἀντιπαρατάξεις
649 1338 701 1377 και
723 1315 926 1394 πολέμους,’
910 1337 944 1377 εν
963 1304 1009 1387 οἷς
1024 1309 1263 1394 ύγωνοθέτης’
1240 1333 1303 1427 op}
1283 1314 1348 1407 -1ll

111 1421 115 1429 '
202 1413 300 1502 ρεπὴς
323 1412 552 1497 καθέστηκεν*
536 1439 552 1477 ο
577 1414 661 1492 δεύς,
693 1413 768 1489 τούς
789 1416 874 1499 ἄμφ’
897 1411 993 1477 αύτὸν
1015 1418 1048 1491 εξ
1023 1410 1239 1491 ’ξοπλίζοοσικ
1283 1436 1301 1491 η

114 1562 121 1567 -
201 1513 328 1590 πύντως
350 1509 486 1596 οίύμενοι
506 1514 612 1598 λήσειν
632 1514 687 1579 τύν
706 1513 898 1580 οἰνύστακτον
921 1511 1093 1599 ύφθαλμόν
1114 1529 1167 1575 και
1163 1509 1304 1591 κλέψαι

201 1614 260 1699 τὴν
286 1616 395 1701 νίκην,
430 1608 473 1691 da
494 1634 595 1690 τινος·
613 1606 834 1682 οἰκοδεσπότου
861 1612 907 1699 μη
940 1609 1210 1697 ἑπογρύπνούντος
1238 1616 1304 1685 τοῖς

202 1716 466 1791 ἶδιλιις-ούσιδιον.
519 1718 713 1783 λανθάνουσι
744 1720 779 1782 δὲ
802 1718 840 1781 ού
862 1714 1048 1797 μόνοντῶν
1078 1716 1131 1780 ε’πί
1150 1722 1218 1789 τοῖς
1237 1709 1304 1794 μύ-

199 1841 277 1899 χαις
297 1814 432 1883 ἐλπίδων
463 1817 755 1904 α’ποτοηχύνοντες,
788 1814 867 1883 ύλλύ
901 1816 955 1882 καί
973 1815 1027 1881 τὸν
1056 1820 1125 1898 βίον
1146 1817 1303 1887 δυσκλεῶς
1314 1816 1348 1868 15

202 1922 473 2004 καταστρέφοντες
488 1917 543 1983 κατ’
563 1927 629 1994 τοῖς
648 1921 681 1996 ἐξ
695 1918 820 1993 α’δικίας
839 1920 1123 2002 σομποριζομίνοις
1144 1938 1304 1999 προσαπο-

201 2015 372 2101 βύλλοντες
394 2021 449 2083 καί
469 2019 507 2083 τύι
524 2017 557 2084 ἐκ
573 2022 704 2084 δικαίων
718 2016 825 2104 πόρων
845 2023 890 2106 τῷ
905 2021 1045 2107 δημοσίῳ
1068 2013 1304 2101 περιερχόμενα.

203 2115 301 2202 ἔγωγε
314 2111 373 2186 ούν
385 2122 418 2185 ἐν
434 2126 560 2197 πολλοῖς
579 2119 961 2204 σονεκστρατεοσύμενος,
983 2122 1041 2183 κοίν
1056 2128 1119 2194 τοῖς
1133 2117 1306 2199 βασιλείοις

202 2220 345 2303 οννεχῶς
359 2219 708 2307 σοναναστρεφόμενος,
725 2222 849 2285 ούδέπω
861 2218 959 2303 ἔγνων
973 2223 1005 2284 ἕν
1021 2221 1100 2284 ποῖοι
1112 2216 1230 2300 βουλὴν
1241 2218 1306 2301 θεῷ

203 2313 412 2403 ύρίσκονσαν,
435 2324 505 2385 ούδ’
519 2322 573 2389 ε’πί
587 2330 820 2408 στρατιωτικοῖς
836 2321 1038 2405 ἤπολιτικοῖς
1053 2319 1216 2403 πρύημασι
1232 2321 1351 2384 out-20

201 2436 292 2503 μεως
313 2425 545 2507 προβαινούσης
567 2417 801 2507 ἢδιαγνύσεως
824 2422 994 2504 τύλύβειαν
1017 2410 1304 2505 προεπιμιχθείσαν

202 2526 263 2585 τού
283 2520 327 2605 μη’
347 2520 414 2598 πούς
434 2546 508 2588 ποτε
528 2521 715 2606 παρύνομύν
728 2550 759 2589 τι
779 2520 1049 2609 σοναναφαίνεται
1071 2526 1108 2611 τῇ
1127 2524 1229 2609 βουλῇ
1251 2522 1306 2584 καὶ

204 2623 270 2707 θεῷ
291 2620 535 2708 οἷποτρύπαιονῖ’
570 2621 651 2687 α’λλύ
684 2622 720 2689 τὸ
744 2627 808 2690 πᾶν
830 2627 875 2699 εἰς
897 2618 931 2689 τύ
959 2625 1068 2708 κέρδος
1090 2623 1148 2687 τού
1169 2619 1306 2704 βουλεύ-

204 2744 306 2803 ματος
327 2724 478 2813 καταντᾷ,
495 2717 554 2788 κύν
568 2720 639 2809 ἱεροὶ
657 2728 865 2810 βεβηλῶνται,
885 2717 942 2791 κύν
956 2714 1122 2809 ἅνθρωποι
1138 2718 1306 2806 βλάπτων-

133 3105 135 3108 .
205 3077 282 3117 moro
300 3079 331 3117 sc
349 3078 447 3132 gerens
465 3062 494 3114 in
513 3079 561 3116 cua
578 3066 642 3117 sede
664 3072 691 3115 et
710 3072 783 3115 terra
800 3078 889 3132 neque
909 3063 991 3115 ullam
1009 3064 1179 3117 vexationem
1197 3061 1242 3114 vel
1262 3062 1306 3113 di.

207 3137 358 3203 reptionem
382 3134 538 3203 relinquens
562 3134 683 3188 hostibus
702 3136 747 3202 qui
766 3136 905 3187 dicuntur:
932 3135 1002 3186 unde
1028 3136 1141 3187 maxime
1167 3134 1240 3185 dirae
1264 3133 1305 3183 hin

207 3222 305 3275 preces
323 3222 339 3258 a
358 3208 479 3273 cognatis
497 3206 677 3272 imponuntur,
699 3207 798 3274 qnippe
818 3205 894 3258 clade
915 3222 1005 3258 corum
1023 3206 1205 3257 remissionem
1224 3220 1305 3271 prae-

130 3328 137 3333 .
208 3278 291 3329 bento
312 3277 432 3329 omnibus
454 3276 613 3330 Graecorum
632 3278 709 3346 pagis
730 3287 756 3329 et
772 3280 852 3329 terrie
872 3286 898 3329 et
916 3276 1025 3329 urbibus
1045 3277 1137 3328 talium
1148 3276 1305 3327 facinorum

209 3357 291 3416 atque
316 3363 407 3400 rursus
435 3348 543 3400 miratus
572 3364 652 3412 sum,
687 3363 740 3416 quo
769 3350 873 3400 tandem
905 3350 968 3401 freti
994 3348 1153 3401 Graecorum
1172 3348 1307 3414 principes
1353 3360 1356 3363 ·

209 3420 243 3470 ad
261 3419 334 3472 acies
354 3427 380 3470 et
400 3418 495 3484 bella,
515 3420 543 3470 in
564 3419 659 3487 quihus
676 3420 805 3471 brabeuta
822 3404 991 3485 incorrlrptus
1024 3420 1113 3472 existit
1131 3420 1217 3482 deus,
1243 3432 1307 3471 suos

208 3492 352 3556 instruant,
373 3457 495 3557 proiecto
515 3492 622 3541 omnino
643 3492 806 3574 opinantes,
833 3492 892 3543 lora
910 3500 940 3542 nt
957 3491 1059 3543 lateant
1077 3490 1182 3542 oculum
1200 3502 1307 3555 semper

206 3561 321 3631 vigilem
341 3571 368 3614 et
386 3564 531 3630 surripiant
555 3563 693 3615 victoriam
718 3569 842 3630 tanquam
867 3561 1050 3629 patrifamilias
1075 3577 1129 3614 aon
1153 3559 1307 3627 invigilanti

207 3633 294 3686 rebus
307 3650 363 3686 rem
382 3634 549 3686 familiarem.
587 3634 672 3685 nescii
691 3641 780 3685 autem
798 3648 852 3685 non
872 3634 957 3686 solum
977 3648 1049 3700 spem
1077 3648 1223 3715 pugnarum
1242 3644 1307 3698 per-

207 3705 275 3755 dunt
291 3704 340 3755 scd
359 3706 436 3756 etiam
456 3706 537 3757 vitam
556 3703 706 3774 ingloriose
731 3705 825 3756 liniunt
841 3710 877 3757 et
900 3713 1005 3773 praeter
1031 3720 1063 3755 ea
1088 3720 1155 3771 quae
1179 3701 1309 3755 iniustitia

207 3774 357 3840 medentur,
377 3775 422 3827 vel
441 3792 473 3828 ea
491 3778 633 3861 amittunt,
650 3791 718 3844 quae
738 3778 814 3829 iustis
833 3776 961 3828 reditibus
985 3778 1026 3827 rei
1044 3776 1169 3843 publicae
1186 3774 1308 3827 influunt

210 3843 336 3914 equidem
360 3846 460 3913 igitur,
487 3850 532 3916 qui
560 3847 700 3900 multarum
727 3848 926 3914 expeditionum
950 3849 1084 3932 particeps
1111 3849 1207 3899 luerim
1231 3853 1258 3897 et
1281 3845 1310 3895 in

209 3916 290 3985 regia
308 3917 437 3968 continuo
457 3920 505 3970 cim
525 3929 656 3985 versatur,
675 3920 791 3971 nondum
811 3920 927 3987 cognovi
953 3920 980 3969 in
1000 3918 1120 3971 omnibus
1145 3918 1310 3971 voluntatem

208 3988 262 4041 deo
282 3996 384 4056 gratam
401 4004 491 4072 neque
505 3990 537 4040 in
552 3992 632 4042 relius
650 3990 810 4043 militaribus
832 3990 877 4042 vel
904 3989 1031 4042 civilibus
1057 3991 1219 4075 cogitatione
1242 4000 1310 4054 pro.

210 4060 325 4113 cedente
343 4066 390 4111 aut
408 4060 562 4127 cognitione
581 4063 732 4113 cantionem
750 4062 900 4145 admixtam,
919 4077 954 4114 ne
974 4062 1077 4129 quando
1096 4061 1189 4114 iniusti
1202 4058 1289 4127 quid'
1282 4072 1311 4109 τττ

211 4131 327 4187 comitio
346 4139 489 4201 appareret
507 4139 534 4185 et
551 4131 622 4203 qnod
640 4133 690 4184 deo
711 4140 784 4187 esset
801 4134 932 4188 inrisum:
950 4132 999 4189 sed
1033 4133 1121 4187 omnia
1147 4132 1181 4185 ad
1208 4129 1312 4185 lucrum
