2875 4734
97 259 116 301 .·
160 229 233 362 ιιι
260 269 275 292 ·
304 251 337 340 ⁴.
453 233 687 310 ntentans,
704 232 964 304 λπιοιοτλσ

241 397 363 487 ’Ἕσχεν
385 395 629 476 ούν“κοῖνπυύβιζι
653 399 849 468 naevorum
870 404 927 462 καί
948 392 1035 480 παρύ
1056 390 1091 460 τύ
1115 395 1262 475 clinopa-

159 502 254 588 νονῆ
283 507 340 571 τού
369 509 527 588 βασιλέως
557 503 788 586 ύιοπίρρίοοσις
817 495 936 584 ὅρμον·
987 497 1025 560 ού
1053 493 1115 579 γύρ
1139 492 1172 560 ύν
1192 502 1263 571 ταῖς

159 605 276 680 πύλαις
299 609 355 668 καί
370 614 435 678 τοις
458 601 633 686 βασιλείοις
652 598 805 681 ύύμοις“
787 626 816 664 ο
807 593 983 681 βασιλεύς
1006 597 1279 693 προσωρμίσοτο,’
1332 664 1336 670 ,

159 704 267 768 ούύΗ
251 719 303 768 ον
288 708 381 769 νίιον
404 707 492 790 κύμη
516 707 625 826 χωρίηι
649 705 713 764 τίνί
733 700 900 785 χωρητικῷ
919 686 1084 779 βασιλικῆς
1119 697 1263 778 δορυφο-

143 785 230 886 ρίας
256 831 273 884 η
296 804 467 928 ὑπατείας,
497 806 563 867 ἀλλ’
586 803 630 876 εἰς
647 797 857 866 Ελενύπολιν
872 801 957 886 αύτῷ
982 794 1016 860 τύ
1036 793 1189 880 σύνθημα
1209 794 1286 876 τῆςῑι

161 905 348 986 α’ποβύσειος
365 908 499 988 γέγονεν,
524 898 604 966 ὅπου
628 904 685 969 καί
708 928 728 984 η
718 901 908 984 βασιλειος
926 895 1021 982 cuper}
1045 898 1263 979 τιρούιοσρίσθη

121 1081 125 1086 ,
160 1006 215 1072 καί
237 1003 466 1090 προεπήμνυτο,
485 993 679 1096 Ἕλεηύπολιν
696 1001 755 1086 την
775 1003 1039 1084 προδιατεθεῖσσν
1062 1005 1129 1072 τοῖς
1141 991 1265 1082 eoppa-

161 1132 213 1172 σιν
235 1110 269 1170 ἐκ
292 1109 346 1188 τῆς
368 1105 580 1189 προσηγορίας
604 1099 824 1167 ἐλεεινύπολιν.
880 1101 957 1165 onii
971 1099 1038 1184 yc'rp
1060 1096 1140 1162 αύτύ
1160 1099 1263 1178 τούτο,

114 1267 116 1273 ,
161 1205 195 1270 τύ
220 1207 280 1294 eino
307 1208 371 1270 τῶν
391 1209 508 1289 Ἠρίοον
526 1195 573 1279 εἰς’
589 1200 786 1268 Ἓλενύπσλιν
818 1199 871 1266 τὸν
893 1203 1028 1287 βασιλέα
1050 1199 1265 1281 μεθαρμόσα-

162 1311 243 1372 σθαι
269 1330 325 1389 την
343 1301 426 1370 ἓιύον
449 1297 670 1387 ύπύβαοτν,“
655 1329 670 1367 ο
703 1301 814 1379 eirenae
834 1298 954 1384 α’γαθύς
985 1307 1052 1374 τοῖς·
1077 1295 1308 1384 ύκριβούσινλλ)

163 1403 263 1484 ἐύύκει
287 1431 326 1470 τα
349 1407 540 1490 πράγματα·
560 1405 645 1471 *καί
673 1412 709 1470 τί
725 1401 786 1494 γὰρ
819 1401 863 1468 ἔτι
887 1404 942 1486 τῆς
963 1401 1127 1483 βασιλείου
1149 1402 1265 1485 σκηνῆς

163 1505 330 1617 ἱσταμένης
343 1513 519 1588 κοτεαχθὲν
543 1487 831 1629 τύζύποστηριζον
828 1503 928 1588 αύτην
948 1484 1055 1584 ξύλον
1057 1509 1163 1565 πεσεῖν
1184 1501 1265 1564 ταύ-

164 1611 220 1692 την
243 1607 402 1693 οιίφνηύύν
428 1608 679 1694 παρεσκεύασεν,
712 1606 756 1682 οἶς
789 1604 834 1689 μή
869 1602 1003 1668 α’πύύειν
1024 1628 1065 1692 τρι
1087 1604 1144 1666 τού
1164 1601 1264 1668 τύπου

156 1710 296 1788 ύνύματι
316 1707 375 1790 τὴν
393 1711 451 1771 τού
468 1710 623 1789 βασιλέως
651 1709 684 1770 ἐν
705 1707 800 1794 ἀύτῷ
821 1701 1048 1788 ἐπισκήνωσινς
1070 1705 1141 1768 ἀλλ’
1163 1701 1183 1786 ἧ
1204 1705 1266 1770 τῶν

163 1813 220 1874 νύν
240 1804 421 1890 ἀνθρώπων
437 1807 581 1892 συνήθης
602 1809 773 1893 α’βελτηρία
794 1806 849 1871 καί
869 1808 1011 1888 καχεξία,
1033 1808 1089 1870 καί
1114 1801 1152 1868 τύ
1171 1805 1208 1869 ἐν
1229 1808 1265 1890 τῇ
1275 1821 1309 1875 15

163 1907 300 1994 δοκούσα
322 1911 424 1974 πίστἐι
443 1903 583 1974 ἄπιστον
597 1912 651 1972 καί
674 1905 887 1992 ἀσύμβλητον,
908 1907 1151 1991 οἶνύλγητονκοί
1172 1908 1264 1970 τούτο

163 2035 217 2074 και
241 2011 565 2096 α’πολυπραγμύνητον
587 2033 684 2075 ειασε.
1081 2022 1090 2037 “

264 2109 391 2196 Προῄει
410 2113 515 2175 τοίνυν
538 2088 718 2192 ὃβασιλεύς
736 2108 791 2173 καί
803 2112 858 2192 τῆς
880 2104 963 2184 ἓιύος
977 2109 1121 2193 α’ποτέριο
1143 2091 1266 2190 πρσὴρ·

97 2199 105 2206 “
165 2235 246 2296 χετο,
269 2213 330 2286 ἓως
349 2213 395 2284 εἰς
419 2217 477 2294 τήν
499 2215 564 2276 τῶν
576 2214 782 2292 α’νρτολικῶν
809 2215 977 2294 λεγομένην
1003 2213 1163 2294 ἐπαρχίαν
1180 2209 1266 2273 είσί-

161 2318 264 2398 βολε,
296 2315 503 2392 νύνὶμύλλον
530 2305 608 2395 ἦτῐερ
632 2312 667 2376 τὸ
699 2309 853 2396 πρότερον
875 2315 1031 2398 φτιύοολίρ
1053 2314 1128 2390 περί
1146 2308 1310 2386 nectareo

158 2413 240 2492 ,πούς
261 2415 343 2502 ἀμφ’
367 2411 465 2476 ούτύν
486 2400 708 2495 συνεχύμενος.
733 2408 829 2487 ἐάσας
851 2406 911 2476 ούν
931 2409 965 2474 τύ
989 2409 1042 2474 ἐπί
1053 2413 1180 2475 ,πεδίων
1200 2434 1265 2474 no-

165 2515 315 2601 ροφύροον
336 2515 587 2610 κατασκηνιύσοιι,
605 2513 648 2599 τῷ
666 2516 862 2598 περιρρέοντι
886 2516 989 2578 ταῦτα
1009 2515 1142 2598 ποταμρῖ
1164 2534 1266 2595 προσ·

162 2772 170 2784 ,
235 2717 262 2774 2
281 2717 362 2783 ἧουι
380 2700 415 2772 G*
501 2717 527 2769 7.
546 2717 848 2789 σρούιοτηθείοινῦ

199 2893 206 2906 ’
266 2887 365 2941 Habuit
390 2889 473 2956 igitur
496 2896 551 2940 tum
577 2903 684 2958 quoque
709 2904 809 2942 uorum
834 2889 964 2972 quonian
991 2895 1018 2940 et
1034 2887 1174 2941 insolitum
1192 2888 1266 2957 regia

165 2951 343 3046 transgressio
359 2969 481 3027 portum·
498 2975 588 3028 neque
609 2963 677 3013 eninr
695 2961 728 3013 ad
747 2959 834 3012 aulam
849 2968 876 3011 et
891 2961 980 3031 regias
996 2959 1087 3013 domos
1104 2976 1154 3012 rex
1170 2976 1266 3013 acceo-

167 3034 307 3100 sitneque
328 3033 355 3084 in
379 3047 478 3086 novum
495 3047 591 3100 pagum
619 3032 664 3084 vel
684 3032 772 3084 locum
783 3033 837 3102 qni
865 3034 1005 3098 exciperet
1021 3032 1116 3115 regips
1133 3030 1266 3084 satellites

167 3112 212 3156 ant
232 3103 360 3156 famulos:
382 3105 430 3156 sed
448 3104 480 3156 ad
499 3103 682 3170 Helenopolin
708 3105 734 3154 ei
757 3111 814 3154 erat
839 3108 947 3172 (versa)
971 3103 1061 3168 pactio
1087 3103 1202 3168 itineris,
1221 3102 1266 3154 ubi

167 3177 246 3227 etiarn
264 3177 367 3242 regium
387 3176 531 3227 tentorium
551 3183 629 3226 antea
650 3175 786 3226 definitum
816 3183 843 3226 et
860 3176 1031 3228 constitutum
1060 3183 1125 3237 erat,
1145 3173 1267 3228 Heleno-

166 3246 242 3314 polin
262 3247 332 3309 dico,
351 3246 511 3311 praedictam
519 3246 703 3330 prudentibus
725 3262 758 3296 ex
779 3247 938 3312 cognomine
957 3244 1148 3312 Elecinopoiin
1168 3249 1267 3314 (misc-

166 3333 221 3370 ram
239 3316 356 3386 urbem).
376 3331 464 3381 neque
483 3318 552 3368 eninr
569 3318 624 3368 id'
617 3331 721 3384 rpsunr‚
742 3317 812 3385 quod
833 3332 848 3367 a
867 3317 958 3368 vernis
979 3316 1011 3366 ad
1024 3315 1204 3384 Helenopolrn
1218 3332 1268 3368 rex

81 3435 86 3448 ‚
168 3387 323 3440 deflexisset
344 3387 475 3438 orientale
502 3390 567 3454 iter,
595 3404 671 3439 ornen
690 3388 787 3439 bonurn
815 3387 987 3441 videbatur
980 3389 1029 3452 ris,
1052 3389 1097 3454 qui
1117 3389 1267 3440 accuratius
1327 3409 1330 3419 ⁴

168 3475 212 3512 rea
231 3459 437 3528 perquirerent.
463 3468 542 3527 atquc
563 3475 610 3512 cur
630 3461 709 3510 etiam
728 3460 804 3526 regio
823 3459 941 3510 tentorio
971 3466 1058 3512 utente
1079 3459 1161 3510 fracto
1180 3459 1266 3528 liguo,

170 3530 241 3600 quod
260 3533 286 3584 id
301 3529 464 3596 sublevaret,
484 3531 559 3596 fecit,
578 3539 607 3582 ut
627 3530 678 3580 hoc
690 3538 803 3596 repente
819 3528 978 3582 corrueret?
996 3533 1033 3582 ita
1052 3538 1149 3581 utnon
1166 3529 1268 3594 abhor.

72 3659 75 3665 ,
169 3611 243 3654 reret
262 3619 277 3654 a
295 3601 350 3654 ioci
368 3603 475 3654 nomine
494 3603 567 3670 regis
586 3604 613 3652 iu
626 3615 658 3652 eo
669 3604 805 3654 versatio:
822 3603 870 3655 scd
888 3601 1032 3665 homiuum,
1053 3603 1097 3669 qui
1116 3617 1187 3653 nunc
1207 3604 1268 3655 exi.

171 3682 259 3736 stunt,
288 3672 402 3739 simplex
427 3673 541 3726 stultitia
571 3681 597 3723 et
622 3674 739 3740 pravitas
773 3687 918 3741 eorumque
936 3673 964 3723 in
989 3675 1082 3741 specie
1101 3673 1163 3724 iidei
1180 3687 1267 3726 moret

170 3745 244 3796 infidi
263 3750 290 3794 et
305 3745 401 3796 incerti
421 3747 478 3796 sinc
498 3743 592 3795 dolore
611 3744 662 3794 hoc
681 3759 788 3822 quoque
810 3753 841 3794 et
859 3744 945 3797 studio
965 3759 1042 3812 pausa
1063 3752 1132 3796 eunt.
1155 3802 1158 3808 ¹

241 3841 405 3894 Procedebat
422 3843 505 3908 igitur
522 3857 571 3894 rex
590 3850 616 3893 et
635 3842 667 3892 ab
686 3841 790 3897 oriente
808 3841 915 3909 longius
934 3841 1164 3908 progrediebatur,
1183 3843 1268 3894 donee

92 3971 118 3982 ,1
170 3915 198 3964 in
218 3914 383 3981 provinciam
408 3928 477 3980 qnae
489 3912 635 3966 ,Anatolica
653 3913 768 3976 dicitur,
788 3913 895 3976 incidit,
916 3921 971 3964 tum
990 3915 1073 3981 magia
1095 3929 1172 3981 quarn
1191 3921 1270 3967 antea

96 4031 99 4036 .
170 3986 332 4052 parsimonia
351 3985 380 4034 in
403 3983 524 4034 omnihnr
545 3985 590 4051 qui
606 3985 675 4050 apud
695 3999 756 4034 eum
776 3992 852 4035 erant
870 3984 1039 4036 constrictus.
1075 4000 1169 4052 passus
1187 3985 1270 4052 igitur

149 4055 233 4110 ,illos
252 4056 369 4108 tentoria
393 4054 482 4106 iacere
502 4056 530 4106 in
553 4056 652 4120 campis
680 4055 806 4107 frumeuti
836 4054 925 4122 plenia
944 4057 989 4123 qui
1007 4055 1202 4109 circumflueuti
1220 4055 1271 4108 hot

171 4126 255 4181 fluvio
273 4125 444 4192 adiacebant,
473 4126 500 4176 in
520 4125 660 4193 praecipiti
686 4133 712 4176 ct
729 4126 825 4193 arp'ero
845 4128 907 4180 loco
927 4143 1001 4180 ruam
1018 4129 1182 4203 mancionem
1205 4127 1273 4181 feeit
