2875 4734
212 219 262 326 ὀε
423 321 426 324 .
494 248 713 329 nonina
744 204 1021 329 turtureus

211 417 446 505 σκεδάσθησαν.
496 419 552 486 καί
577 421 671 488 πάλιν
702 414 785 507 ἦσαν
806 421 835 488 οἱ
866 424 1027 508 βάρβαροι
1054 411 1313 506 τῆνῬοομαΐκῆν

209 517 322 604 χάραν
358 521 460 596 άδειδς
491 526 744 605 κατατρέχοντες.
807 515 876 588 εἶτα
909 526 1057 588 νεολαίαν
1087 522 1170 588 τινάι
1187 529 1312 608 μικροῖς

202 618 415 702 ,άναλιάμασιν
443 622 649 707 α’θροιλιοντες
679 621 709 688 οἱ
737 622 907 708 περί.του“ς
940 628 1083 706 βασιλεῖς
1106 621 1237 698 τούτους
1258 619 1313 706 ἐγ-

145 761 147 764 -
208 721 388 802 χειρίζουσι
409 722 452 810 τῷ
473 724 507 786 έν
528 723 704 812 Ἀντιοχειζι
728 720 959 807 ἡγεμονεύοντι·
1010 722 1044 789 οδ
1062 726 1179 811 δράσαι
1201 726 1261 806 μέν
1281 748 1312 790 τι

208 817 252 904 μὴ
276 823 461 907 δυνηθέντες
478 831 629 909 γενναῖον,
652 822 988 910 α’πειροπύλεμοίτινες
1011 825 1064 890 καί
1083 811 1234 890 δύοιπποι
1256 827 1313 890 καί
1320 840 1337 891 5

210 915 341 987 άνοπλοι
362 920 478 1007 σχεδὸν
499 926 705 1011 καθεστῶτες,
727 922 825 989 πολλὰ
849 927 885 989 δέ
908 929 1065 1002 παθόντες
1087 922 1244 1010 α’νήκεστα
1266 927 1312 1001 είς

210 1022 267 1108 τὴν
289 1027 380 1111 σφῶν
403 1026 561 1099 δυσκλεῶς
585 1024 792 1110 ὑπέστρεψαν
813 1027 890 1112 γῆν,
909 1029 966 1092 τού
988 1020 1226 1112 παραλαβόντος
1247 1028 1313 1092 ου’-

211 1121 284 1200 τούς
316 1123 428 1201 δουκδς
463 1119 517 1212 (ἦν
538 1127 574 1191 δέ
606 1123 815 1214 ὃμάγνστρος
835 1127 1019 1214 Νικηφόρος
1043 1128 1061 1192 δ
1082 1125 1312 1214 Βοτανειάτης)

210 1223 290 1310 μετά
318 1227 383 1291 τῶν
414 1223 594 1312 ἐπιχωρίαν
628 1231 684 1292 καί
712 1231 777 1294 τῶν
806 1230 897 1296 ἰδίαν
923 1229 1132 1295 ὑπασπιστῶν
1163 1227 1221 1313 τὴν
1251 1229 1314 1295 τῶν

211 1324 385 1412 βαρβάρων
408 1328 449 1391 δι’
471 1329 588 1404 οἰκείας
612 1331 730 1414 ἀρετῆς
752 1332 808 1396 καί
821 1328 1039 1414 γενναιότητος
1060 1328 1116 1395 καί
1127 1329 1312 1416 φρονήσεως
1324 1350 1357 1406 10

213 1426 443 1510 ἀνατρέποντος
474 1431 529 1494 καί
556 1430 809 1511 καταβάλλοντος
845 1427 974 1515 ἔφοδον.
1026 1431 1238 1499 κάκει’νου,δέ
1257 1431 1314 1514 τῆς

213 1529 316 1612 α’ρχῆς
337 1532 595 1612 παραλυθέντος,
628 1526 732 1596 έκτοτε
757 1528 798 1596 τά
831 1531 1085 1614 τῶνβαρβάρων
1119 1530 1314 1613 ἐθρασύνετο
1394 1544 1400 1553 “

213 1630 308 1692 πλέον
327 1631 382 1693 καί
401 1631 447 1704 είς
468 1627 577 1694 στενὸν
597 1631 713 1716 κομιδῇ
743 1628 782 1694 τά
805 1633 868 1707 τοῖν
888 1629 1011 1695 πύλεοον
1044 1631 1235 1715 περιίστατο,
1262 1655 1316 1695 οι-

214 1727 338 1804 τοδείας
361 1726 530 1814 πιεζούσης
551 1728 649 1806 αύτοὶς
671 1734 726 1796 καί
743 1733 804 1796 τάν
824 1725 928 1797 ἄλλων
950 1734 1139 1817 ἐπιτηδείων
1159 1735 1294 1807 ἐνδείας.

274 1829 360 1896 Ἀλλ’
375 1828 503 1913 ἐπείπερ
521 1827 585 1896 ἔδει
602 1835 760 1911 βασιλέως
774 1835 962 1899 έπιστασίαν
972 1836 1124 1916 γενέσθαι
1140 1831 1360 1915 decorticacio

215 1934 250 1996 ἐν
270 1930 426 2009 τοιούτοις
447 1942 570 2017 καιροῖς
594 1930 751 2016 διεξάγειν
771 1931 810 1997 τά
830 1933 1001 2018 πράγματα
1022 1935 1079 1997 καί
1100 1933 1317 2016 α’ντεπεξάγειν

168 2082 173 2090 ,
215 2030 332 2098 ἑαυτὸν
342 2039 408 2109 τοῖς
420 2035 575 2109 έναντίοις
584 2031 664 2115 μετά
675 2038 832 2119 καρτεροῦ
842 2036 900 2107 τοῦ
908 2029 1131 2117 συντάγματος,
1142 2034 1317 2119 ι’·ψηφιζετο

216 2137 274 2216 μέν
286 2133 533 2217 ἀξιολογώτατος
544 2133 560 2198 c‘
571 2132 682 2220 ῥηθείς
690 2131 903 2220 Βοτανειάτης
914 2129 957 2210 οἷς
966 2136 1131 2220 διαφέρων
1139 2132 1203 2199 τάν
1213 2127 1317 2201 uittas

217 2229 293 2300 ύσον
314 2233 459 2318 αότέρων
481 2229 584 2318 ἥλιος,
610 2235 625 2300 ὃ
652 2239 688 2302 δέ
706 2236 826 2322 φθόνος
847 2238 902 2301 καί
920 2235 938 2319 ἦ
955 2228 1063 2314 άδικος
1077 2237 1180 2323 κρίσις
1203 2232 1317 2318 α’νεβά·

116 2410 121 2416 ,
215 2342 284 2402 lero
295 2338 354 2417 μὲν
367 2339 439 2402 τότε
457 2331 492 2401 ιδ
510 2337 589 2418 δίον,
603 2338 709 2422 ἕτερον
721 2339 757 2402 δὲ
767 2339 921 2421 συγγενέα
943 2333 1055 2403 τούτου
1077 2334 1362 2423 α’ντεψηφίσοτοαο

215 2439 258 2502 δι’
281 2439 386 2514 αἰτίας
410 2437 487 2513 ἴσως
507 2437 705 2523 άπορρὴτοος
720 2434 913 2530 ἀνθρώποις,
935 2429 988 2503 οἶα
1009 2436 1048 2505 τά
1069 2440 1125 2504 τού
1143 2439 1224 2504 θεοῦ
1244 2441 1315 2520 κρί-

215 2563 314 2620 ματα.
366 2533 468 2604 tuine
495 2541 555 2620 μὲν
576 2535 638 2623 γάρ
668 2538 850 2626 ἧτοσαύτη
880 2565 942 2604 των
975 2546 1078 2606 εθνοον
1107 2563 1241 2625 επαρσις
1262 2539 1316 2604 καί

217 2637 378 2726 κατοκοπὴ
402 2643 466 2705 τάν
487 2636 549 2703 dud
567 2639 734 2723 Ῥωμαίων
750 2641 927 2706 τελούντων
943 2634 1021 2728 ύργίγ
1040 2638 1120 2706 κατά
1140 2642 1202 2706 τάν
1223 2636 1315 2726 αἱρε-

287 2819 330 2874 23.
346 2817 523 2893 ‘Populovc‘l

216 2971 269 3031 lucc
288 2981 315 3030 et
332 2993 465 3031 rumorem
492 2979 640 3033 excitantes
665 2980 796 3031 incertum
823 2978 855 3031 ad
880 2994 928 3032 sua
954 2977 1067 3045 dispersi
1087 2984 1158 3042 sunt,
1179 2981 1206 3028 et
1222 2987 1313 3028 rursus

215 3051 322 3104 barbari
352 3051 478 3106 Graecam
507 3059 603 3103 terram
628 3051 761 3118 intrepide
785 3049 983 3117 percursabant.
1027 3049 1123 3101 deinde
1148 3050 1314 3104 iuventutem

216 3124 306 3191 parvis
320 3123 448 3176 sumtibus
469 3131 597 3190 cogentes
615 3125 685 3191 regii
700 3122 749 3173 hos
763 3123 869 3174 tradunt
886 3122 947 3173 duci
956 3121 1144 3184 Antiochensi,
1165 3121 1209 3188 qui
1228 3134 1311 3187 agere

217 3211 275 3246 cum
294 3193 385 3244 nobile
406 3195 547 3262 quidquam
571 3209 626 3245 uon
644 3201 774 3260 possent,
794 3193 860 3245 helli
879 3193 996 3260 imperiti
1019 3201 1046 3244 et
1061 3191 1124 3243 mali
1144 3193 1266 3259 equites,
1287 3191 1316 3241 et'

216 3281 303 3332 paene
318 3266 450 3329 inermes,
480 3264 561 3315 multa
581 3273 667 3316 autem
686 3266 759 3331 passi
787 3264 985 3328 intolerabilia,
1006 3265 1038 3316 ad
1063 3278 1136 3315 suam
1164 3261 1313 3329 ingloriose

216 3336 321 3388 reversi
340 3343 401 3387 suut
418 3344 525 3400 terram,
547 3351 599 3404 quo
620 3336 690 3387 lacto
713 3336 766 3386 dux
790 3350 837 3388 eos
863 3336 1000 3403 accipiens
1027 3338 1100 3403 (erat
1118 3341 1205 3385 autem
1224 3332 1312 3399 magi.

217 3415 273 3460 ster
289 3405 457 3472 Nicephorus
473 3405 645 3476 botoniates)
670 3421 729 3457 cum
755 3406 852 3459 incolis
877 3413 904 3457 et
922 3407 977 3457 suis
1003 3407 1108 3457 armatis
1127 3405 1235 3471 propria
1253 3404 1312 3455 vir.

217 3485 274 3530 tute
299 3486 325 3529 et
352 3478 511 3530 strenuitate
532 3486 559 3529 et
576 3478 716 3544 prudentia
736 3477 907 3529 barbarorum
925 3478 1052 3543 impetum
1073 3478 1171 3528 evertit
1190 3483 1217 3526 et
1234 3474 1311 3526 deie-

217 3552 262 3602 cit.
301 3549 348 3602 sed
367 3565 424 3601 cum
443 3548 491 3601 ille
511 3565 617 3619 quoque
632 3549 745 3616 imperio
764 3548 867 3602 solutus
880 3556 961 3611 essct,
980 3549 1042 3600 iude
1060 3547 1165 3599 barbari
1180 3545 1312 3597 audacio-

216 3637 259 3674 res
279 3621 362 3690 magis
381 3621 497 3686 fiebant,
527 3628 553 3673 et
572 3621 600 3672 in
619 3627 759 3689 angustum
777 3634 886 3687 prorsus
912 3618 992 3670 urbes
1017 3617 1222 3686 redigebantur,
1253 3614 1312 3666 iru-

217 3694 299 3744 menti
319 3692 424 3745 deiectu
442 3701 581 3761 premente
601 3707 645 3744 cas
666 3699 692 3742 et
711 3699 870 3755 ceterorum,
891 3706 960 3758 quae
985 3705 1099 3743 necesse
1116 3695 1190 3752 suut,
1211 3687 1311 3753 inopia.

319 3761 370 3815 Sed
397 3764 520 3831 quonia'm
548 3779 615 3832 opus
631 3771 697 3816 ierat
722 3763 795 3830 regis
827 3762 1008 3814 dominatione
1038 3761 1085 3829 qui
1105 3767 1196 3827 posset
1214 3757 1312 3809 talibus

217 3831 381 3898 temporibus
408 3836 555 3900 perducere
580 3851 624 3887 res
651 3841 678 3885 et
703 3848 732 3886 se
752 3848 889 3900 opponere
908 3832 1030 3885 hostibus
1049 3831 1138 3884 valida
1157 3846 1215 3882 curn
1232 3829 1312 3893 acie,

218 3903 357 3955 creabatur
375 3905 480 3971 quidem
499 3907 668 3974 dignissimus
687 3906 772 3958 dictus
790 3902 839 3955 ille
859 3904 1023 3968 botoniates,
1050 3911 1079 3955 ut
1096 3904 1141 3972 qui
1165 3900 1315 3953 excelleret

218 3976 332 4039 ceteris,
364 3982 488 4044 quantum
518 3976 604 4029 stellis
630 3975 687 4029 sol:
707 3977 808 4027 invidia
826 3982 915 4028 autem
934 3983 961 4026 et
979 3976 1105 4028 iniustum
1123 3974 1250 4025 iudicium
1268 3971 1313 4022 di.

218 4045 294 4100 alulit
314 4045 419 4114 quidem
438 4053 493 4097 tum
511 4048 701 4111 necessarium,
722 4046 802 4099 aliurn
822 4054 908 4098 autem
927 4048 1104 4115 propinquum
1123 4045 1313 4096 huiusnontra

218 4119 321 4170 creavit
344 4125 454 4186 propter
479 4133 571 4170 causas
590 4120 656 4169 adeo
676 4119 796 4170 occultas
816 4117 986 4182 hominihus,
1011 4126 1041 4169 ut
1059 4117 1102 4169 dei
1120 4117 1228 4167 iudicia.
1267 4114 1313 4165 vi-

218 4190 328 4246 debatur
347 4191 416 4243 euim
435 4198 507 4244 tauta
532 4187 690 4259 populorum
710 4189 885 4259 congregotio
904 4197 931 4240 et
954 4189 1097 4243 trucidatio
1117 4187 1225 4240 Graecis
1246 4185 1313 4239 sub-
