2875 4734
568 266 776 338 mooun.
1053 348 1062 368 ι
1147 250 1242 361 νον,

123 440 161 507 τά
182 442 239 525 τῆς
259 444 425 522 βασιλείας
453 438 650 524 παράσημα,
680 437 713 503 οἵ
732 462 766 504 τι
794 443 885 505 ίπποι
912 435 995 521 μετά
1016 442 1079 505 τοδν
1098 434 1224 525 δίφρων

124 545 180 607 καί
193 540 234 607 τά
256 537 380 625 ἐρυθρά
405 538 461 605 καί
479 542 626 621 βασίλεια
656 543 780 607 πέδιλα.
834 543 888 605 καί
908 536 1225 626 κατασφαλισάμονος

123 642 242 717 πάντας
264 636 370 725 ὅρκοις
390 644 444 705 καί
465 641 639 725 συνθήκαις
664 650 817 726 συχναῖς,
837 640 882 725 μη
907 634 947 705 άν
969 642 1128 723 άθοτῆσαι
1149 640 1226 705 τοῦ·

122 764 176 807 τον
204 736 284 829 άχρι
315 739 371 804 καί
390 744 574 815 τελευταίας
602 745 716 828 πνοῆς,
749 736 833 806 σάτα
863 738 933 824 τὴν
953 736 1134 822 άλουρχίδο
1160 741 1227 817 μετ’

98 843 286 927 σεδφημίας
318 843 375 905 καί
395 841 589 926 δορυφορίας
616 839 789 927 ἀπειλήφει
811 844 937 926 πολλῆς,
958 838 1013 905 καί
1032 836 1105 927 ιοάς
1128 832 1228 913 πάδας

123 952 188 1018 τοῖς
213 944 364 1026 έρυθροῖς
383 945 587 1024 μεταμείψας
606 945 748 1018 πεδιλοις
768 941 825 1008 καί
838 944 883 1017 εἷς
903 942 1088 1025 αάτοβαφές
1107 939 1229 1005 έπαννι-
1250 940 1253 949 “

123 1041 186 1127 βάς
213 1033 320 1126 δχημα
349 1041 429 1122 μετά
455 1044 573 1125 πολλῆς
599 1046 777 1127 α’γερωχίας
802 1046 857 1107 καί
878 1040 1154 1129 ’φρονηματισμοά
1175 1040 1230 1103 καί

23 1191 26 1193 ψ
123 1146 182 1223 τῆς
205 1146 262 1207 τοῦ
291 1143 428 1227 στρατοῦ
457 1144 533 1227 βοῆς
565 1147 618 1207 καί
637 1144 719 1226 ἠχῆς
750 1145 796 1218 τίς
826 1137 1089 1226 Ἀδριανοάπσλιν
1117 1132 1228 1227 ᾤχετο,

123 1236 200 1325 άριι
220 1245 278 1307 τοά
310 1245 484 1325 νοεμβρίου
510 1243 610 1327 μηνὸς
645 1244 848 1331 ἐπιστάντος,
880 1238 931 1308 ὅτε
954 1231 1100 1327 κατηφής
1124 1235 1141 1303 ὅ
1165 1236 1228 1322 cipp

83 1346 160 1409 λῡέκ
183 1343 238 1426 τῆς
258 1346 315 1407 rori
335 1342 478 1425 μεγάλου
501 1349 670 1429 φωστῆρος
692 1344 936 1429 ὑποχωρήσεως,
957 1343 1037 1427 πρὸς
1059 1341 1093 1407 τὰ
1107 1362 1231 1421 ,ταυρε-

123 1441 182 1506 κάν
205 1439 319 1521 ζοάδιον
334 1436 491 1524 άπιάντος,
514 1443 570 1508 καί
589 1444 722 1527 στνχνδς
744 1451 985 1530 καταφαίνεται.
1029 1437 1231 1523 αἰχμάλωτος

124 1544 163 1605 δὲ
184 1541 354 1625 τηνικαάτα
376 1542 511 1629 ληφθείς
535 1538 552 1604 δ
579 1544 735 1627 πρόεδρος
755 1546 995 1617 Κωνοταντίνυς
1024 1540 1041 1606 ά
1063 1540 1231 1620 Θεοδοιρο·Ι

125 1637 231 1723 κάνος,
254 1640 336 1723 άνὴρ
366 1642 489 1721 ἔνδοξος
522 1642 577 1709 καί
605 1647 715 1728 γένους
746 1648 955 1729 ε’πισημάτητι
975 1646 1031 1707 καί
1052 1643 1124 1725 βίου
1149 1645 1232 1720 λαμ·

126 1740 261 1827 πράιητι
278 1741 462 1827 καταφανής
481 1742 799 1827 καταχινωσκάμενος,
822 1740 860 1808 σά
882 1747 985 1819 καλιάς
1003 1747 1063 1824 μὲν
1084 1740 1159 1806 οὐδὲ
1180 1741 1233 1804 δι-

85 1849 117 1905 15
127 1845 226 1917 καίως
243 1847 319 1926 παρ’
344 1843 445 1907 ου’τοά
464 1847 667 1928 προσεδέχδη
688 1845 744 1909 καί
764 1844 807 1919 ὥς
829 1838 875 1934 εἷς
895 1846 957 1909 τοῖν
979 1846 1098 1927 α’χενάν
1118 1864 1234 1923 παρω-

127 1941 227 2026 ράδη,
248 1941 286 2004 ori
308 1940 372 2025 μην
395 1943 430 2007 δέ
444 1942 626 2027 σωματικὴν
644 1948 803 2027 τιμωρίαν
823 1944 957 2029 ὑπέστη,
980 1944 1080 2009 καίτοι
1099 1964 1134 2025 χο
1154 1938 1234 2006 τοιά-

126 2067 182 2125 την
204 2039 391 2108 άποπτεάων
410 2042 464 2109 διά
486 2048 747 2129 προηγησαμένας
767 2034 891 2132 ἔχθρας
914 2048 970 2110 καί
995 2042 1104 2127 μάχας
1128 2066 1233 2129 κιφα-

104 2138 230 2229 ,λικάς
251 2221 255 2228 .
276 2144 494 2227 φυγαδευδείς
525 2148 560 2209 δέ
583 2145 662 2227 πρός
682 2170 753 2209 τινα
780 2147 841 2209 τῶν
863 2147 1094 2209 Μακεδονικῶν
1112 2141 1262 2215 polemi.
1279 2155 1330 2215 221
1340 2169 1365 2213 r.

128 2244 199 2322 μετ’
225 2243 263 2306 ori
286 2244 366 2307 πολὺ
385 2247 430 2331 cpi
450 2243 557 2335 χρεων
571 2242 834 2329 ’έλειτσάρχησεν·
879 2244 939 2310 εἴτε
959 2245 1085 2332 φυσικῷ
1103 2238 1231 2330 θανάτῳ
1299 2238 1309 2250 ‘

86 2340 187 2407 wri‘r'
207 2342 240 2421 έξ
263 2347 432 2429 ἐπιβουλῆς
453 2347 673 2430 κερασθέντος,
698 2347 804 2421 οὐδείς
826 2349 966 2430 duptam
988 2340 1165 2410 ἐπίσταται.

226 2443 275 2509 Ἐν
299 2444 335 2507 δὲ
357 2448 402 2536 τῷ
421 2450 550 2525 μέλλειν
573 2446 737 2511 εἰσελάσαι
757 2446 813 2512 τάν
833 2448 1011 2531 Βρυέννιον
1032 2428 1083 2519 οἷςι
1098 2442 1244 2527 ’Alpem

131 2542 280 2611 νοάπολιν
302 2545 390 2610 πάσα
409 2543 526 2628 σχεδάν
548 2545 567 2630 ἦ
589 2545 680 2621 πόλις
708 2545 766 2630 τήν
792 2548 1034 2637 προοκκειμένην
1050 2547 1237 2629 ’περίχωρον

132 2643 359 2731 κατελάμβανε,
380 2644 436 2711 καί
454 2640 492 2730 ἦν
512 2644 548 2710 τά
564 2650 685 2732 πλῆθος
706 2646 856 2733 άχοληδόν
878 2650 1110 2731 διακεχυμένον
1129 2647 1174 2721 εἰς
1196 2640 1232 2709 τά

136 2924 215 3002 etiam
233 2924 312 2992 regni
332 2925 464 2993 insignia,
490 2928 552 2995 equi
579 2944 639 2981 cum
666 2945 745 2980 curru
766 2936 791 2979 ct
808 2927 888 2977 rubra
905 2927 1035 2995 regiaque
1059 2923 1187 2977 sandalar
1211 2931 1239 2978 et

135 3003 276 3063 postquam
294 2997 461 3050 confirmavit
475 3013 567 3051 omnes
585 2999 758 3050 iureiurando
773 3006 800 3048 et
818 2996 986 3061 pactionibus
1000 2994 1100 3059 multis,
1119 3009 1156 3047 ue
1172 3004 1239 3061 pro-

135 3068 231 3125 derent
243 3082 301 3119 eum
314 3083 399 3138 usquc
414 3070 447 3121 ad
461 3069 582 3120 ultimum
597 3070 728 3133 spiritum,
748 3069 788 3118 sic
804 3080 946 3131 purpuram
965 3078 1024 3115 cnm
1036 3065 1200 3116 salutatione
1212 3074 1240 3118 st

136 3141 263 3191 comitata
282 3143 387 3207 accepit
404 3139 499 3202 multo,
519 3148 545 3188 et
561 3139 643 3203 perles
658 3137 745 3189 rubris
764 3138 928 3205 distinguens
947 3135 1064 3187 sandalis
1084 3140 1110 3187 et
1128 3136 1239 3187 tinctum

135 3212 283 3263 ascendens
295 3226 400 3263 currum
413 3224 473 3259 cum
486 3208 569 3259 multa
579 3208 705 3274 superbia
721 3217 747 3259 et
759 3209 911 3275 arrogantia
925 3214 952 3258 et
968 3208 1101 3260 exercitus
1121 3205 1238 3259 clamore
1331 3212 1338 3219 “

138 3291 165 3333 et
192 3282 387 3334 exclamatione
403 3278 597 3345 Adrianopolin
623 3280 760 3346 profectus
787 3288 842 3345 est,
871 3294 929 3331 cum
956 3278 1069 3330 maxime
1087 3278 1240 3331 November

137 3356 236 3406 mensis
259 3354 385 3415 instaret,
411 3352 516 3417 quando
539 3365 634 3404 caecus
660 3367 706 3403 aer
732 3359 842 3420 propter
865 3366 1000 3405 recessum
1024 3351 1112 3419 magni
1131 3350 1240 3402 luminis
1277 3370 1285 3389 ε

137 3426 170 3476 ad
187 3426 257 3475 tauri
286 3424 391 3488 signnm
418 3421 540 3474 abeuntis
570 3432 596 3475 et
620 3424 749 3477 obscurus
780 3430 898 3492 apparet.
937 3424 1059 3490 captivus
1078 3430 1166 3473 autem
1185 3428 1241 3472 turn

137 3496 224 3548 factus
241 3506 351 3564 praeses
362 3491 550 3547 Constantinus
561 3496 792 3562 Theodorocanus,
812 3496 855 3547 vir
866 3495 956 3546 clarus
969 3503 998 3547 et
1016 3494 1125 3561 generis
1145 3490 1240 3558 splen.

138 3568 204 3617 dore
223 3572 251 3614 et
268 3564 341 3615 vitae
360 3564 483 3616 claritate
501 3565 615 3618 illustris
633 3576 779 3635 spectatus,
798 3582 851 3619 non
863 3566 977 3635 pulchre
996 3564 1101 3631 quidem
1121 3569 1148 3614 et
1168 3562 1240 3614 iuste

71 3668 73 3674 .
138 3637 171 3688 ab
191 3650 223 3685 co
244 3642 371 3701 exceptus
388 3644 429 3687 est
448 3644 475 3687 et
493 3652 560 3690 uuus
580 3654 613 3688 cx
632 3640 797 3708 ignobilibus
817 3646 857 3690 cst
875 3636 1033 3705 neglectus,
1051 3636 1099 3685 se'd
1119 3633 1239 3703 corporis

138 3722 251 3775 poenam
270 3721 325 3757 non
344 3708 442 3772 subiit,
468 3708 534 3759 licet
553 3709 621 3760 banc
646 3712 795 3778 suspicatus
820 3716 930 3776 propter
951 3708 1056 3773 priores
1087 3694 1239 3757 inimicitias

139 3788 166 3831 et
185 3778 289 3849 pugnas
309 3778 452 3846 capitales,
480 3780 606 3847 expulsus
632 3790 719 3832 autem
744 3782 776 3833 ad
803 3782 930 3849 quandam
955 3778 1127 3831 Macedonum
1147 3775 1240 3828 arbem

72 3874 76 3876 Δ
137 3866 192 3902 non
210 3850 293 3901 multo
316 3852 378 3917 post
402 3854 592 3921 necessitatem
618 3853 759 3915 sustinuit,
785 3868 852 3919 quae
884 3866 945 3903 num
965 3856 1050 3901 morto
1068 3846 1185 3901 natarali
1203 3858 1236 3896 an

137 3922 243 3974 insidiis
263 3922 288 3971 ei
308 3930 400 3987 parata
420 3923 509 3987 luerit,
532 3938 610 3974 nemo
630 3933 704 3975 certo
727 3924 787 3975 scit.

238 4016 303 4072 ilum
321 4027 409 4069 autem
420 4020 590 4087 ingressurus
606 4027 677 4073 essct
691 4019 842 4084 Bryennius
855 4018 1057 4086 Adrianopolin‚
1078 4014 1163 4065 omnis
1182 4010 1240 4063 iere

138 4090 201 4142 urbs
225 4097 371 4143 exstantem
398 4091 562 4143 vicinitatem
595 4092 718 4159 excepit:
744 4097 825 4159 atquc
859 4098 915 4143 erat
939 4088 1079 4142 multitudo
1104 4082 1239 4153 gregatim

141 4160 223 4216 cirta
241 4177 290 4231 par
308 4176 441 4230 campum,
467 4177 590 4240 pompam
608 4164 666 4218 eius
691 4161 837 4232 excipiens.
885 4162 930 4214 ubi
955 4167 1042 4215 autem
1062 4160 1241 4227 apparuerint
