<?xml version="1.0" encoding="UTF-8"?>
<!DOCTYPE html PUBLIC "-//W3C//DTD XHTML 1.0 Transitional//EN"
    "http://www.w3.org/TR/xhtml1/DTD/xhtml1-transitional.dtd">
<html xmlns="http://www.w3.org/1999/xhtml" xml:lang="en" lang="en">
 <head>
  <title>
</title>
<meta http-equiv="Content-Type" content="text/html;charset=utf-8" />
  <meta name='ocr-system' content='tesseract 3.04.00' />
  <meta name='ocr-capabilities' content='ocr_page ocr_carea ocr_par ocr_line ocrx_word'/>
</head>
<body>
  <div class='ocr_page' id='page_1' title='image "./corpusscriptoru05theogoog/corpusscriptoru05theogoog_0137.png"; bbox 0 0 2875 4734; ppageno 0'>
   <div class='ocr_carea' id='block_1_1' title="bbox 578 356 1224 434">
    <p class='ocr_par' dir='ltr' id='par_1_1' title="bbox 578 356 1224 434">
     <span class='ocr_line' id='line_1_1' title="bbox 578 356 1224 434; baseline -0.002 -3"><span class='ocrx_word' id='word_1_1' title='bbox 578 366 786 434; x_wconf 72' lang='lat' dir='ltr'><strong>fltsnoltm.</strong></span> <span class='ocrx_word' id='word_1_2' title='bbox 1152 356 1224 431; x_wconf 72' lang='grc'><strong>107</strong></span> 
     </span>
    </p>
   </div>
   <div class='ocr_carea' id='block_1_2' title="bbox 1 519 1364 2839">
    <p class='ocr_par' dir='ltr' id='par_1_2' title="bbox 123 519 1330 924">
     <span class='ocr_line' id='line_1_2' title="bbox 222 519 1284 622; baseline -0.006 -22"><span class='ocrx_word' id='word_1_3' title='bbox 222 533 441 616; x_wconf 79' lang='grc' dir='ltr'><em>Ὑποστρέψας</em></span> <span class='ocrx_word' id='word_1_4' title='bbox 462 527 520 598; x_wconf 77' lang='grc' dir='ltr'><strong>οὖν</strong></span> <span class='ocrx_word' id='word_1_5' title='bbox 543 535 665 600; x_wconf 78' lang='grc' dir='ltr'><strong><em>ἐκεῖθεν</em></strong></span> <span class='ocrx_word' id='word_1_6' title='bbox 691 539 737 611; x_wconf 86' lang='grc' dir='ltr'><strong>είς</strong></span> <span class='ocrx_word' id='word_1_7' title='bbox 756 536 814 622; x_wconf 72' lang='grc' dir='ltr'><strong>τὴν</strong></span> <span class='ocrx_word' id='word_1_8' title='bbox 835 537 1044 622; x_wconf 67' lang='grc' dir='ltr'><em>Σεβαστηνῶν</em></span> <span class='ocrx_word' id='word_1_9' title='bbox 1064 531 1227 618; x_wconf 89' lang='grc' dir='ltr'><strong><em>μητρόπο-</em></strong></span> <span class='ocrx_word' id='word_1_10' title='bbox 1277 519 1284 526; x_wconf 54' lang='grc'>’</span> 
     </span>
     <span class='ocr_line' id='line_1_3' title="bbox 123 625 1330 722; baseline -0.006 -18"><span class='ocrx_word' id='word_1_11' title='bbox 123 629 311 722; x_wconf 78' lang='grc' dir='ltr'><strong><em>λινπρῶιην</em></strong></span> <span class='ocrx_word' id='word_1_12' title='bbox 327 629 453 718; x_wconf 84' lang='grc' dir='ltr'><strong><em>ἀγοντος</em></strong></span> <span class='ocrx_word' id='word_1_13' title='bbox 468 637 524 700; x_wconf 80' lang='grc' dir='ltr'><strong>τοῦ</strong></span> <span class='ocrx_word' id='word_1_14' title='bbox 544 633 719 719; x_wconf 77' lang='grc' dir='ltr'><strong><em>ότκωβρίου</em></strong></span> <span class='ocrx_word' id='word_1_15' title='bbox 733 636 841 722; x_wconf 85' lang='grc' dir='ltr'><strong><em>μηνός,</em></strong></span> <span class='ocrx_word' id='word_1_16' title='bbox 861 635 916 702; x_wconf 84' lang='grc' dir='ltr'><strong>καί</strong></span> <span class='ocrx_word' id='word_1_17' title='bbox 931 630 1153 710; x_wconf 72' lang='grc' dir='ltr'><strong><em>διαναπαύσας</em></strong></span> <span class='ocrx_word' id='word_1_18' title='bbox 1174 625 1228 697; x_wconf 86' lang='grc' dir='ltr'><strong>τόν</strong></span> <span class='ocrx_word' id='word_1_19' title='bbox 1326 707 1330 712; x_wconf 42' lang='grc'><em>,</em></span> 
     </span>
     <span class='ocr_line' id='line_1_4' title="bbox 123 730 1227 825; baseline -0.008 -21"><span class='ocrx_word' id='word_1_20' title='bbox 123 736 262 819; x_wconf 84' lang='grc' dir='ltr'><strong><em>στρατόν</em></strong></span> <span class='ocrx_word' id='word_1_21' title='bbox 291 733 325 800; x_wconf 79' lang='grc' dir='ltr'><strong>ἀν</strong></span> <span class='ocrx_word' id='word_1_22' title='bbox 352 736 466 818; x_wconf 80' lang='grc' dir='ltr'><strong><em>μόναις</em></strong></span> <span class='ocrx_word' id='word_1_23' title='bbox 493 735 627 822; x_wconf 76' lang='grc' dir='ltr'><strong><em>ἡμέραις</em></strong></span> <span class='ocrx_word' id='word_1_24' title='bbox 653 733 771 825; x_wconf 81' lang='grc' dir='ltr'><strong><em>τρισίν,</em></strong></span> <span class='ocrx_word' id='word_1_25' title='bbox 794 732 885 824; x_wconf 39' lang='grc' dir='ltr'><strong><em>’,ἀρας</em></strong></span> <span class='ocrx_word' id='word_1_26' title='bbox 920 735 1044 825; x_wconf 66' lang='grc' dir='ltr'><strong><em>ἐκεῖθεν</em></strong></span> <span class='ocrx_word' id='word_1_27' title='bbox 1071 737 1128 818; x_wconf 85' lang='grc' dir='ltr'><strong>τῆς</strong></span> <span class='ocrx_word' id='word_1_28' title='bbox 1149 730 1227 817; x_wconf 82' lang='grc' dir='ltr'><strong><em>πρὸς</em></strong></span> 
     </span>
     <span class='ocr_line' id='line_1_5' title="bbox 124 830 1281 924; baseline -0.005 -21"><span class='ocrx_word' id='word_1_29' title='bbox 124 842 248 923; x_wconf 78' lang='grc' dir='ltr'><strong><em>Συρίαν</em></strong></span> <span class='ocrx_word' id='word_1_30' title='bbox 268 830 407 920; x_wconf 87' lang='grc' dir='ltr'><strong><em>ἀγοόσης</em></strong></span> <span class='ocrx_word' id='word_1_31' title='bbox 427 834 539 920; x_wconf 85' lang='grc' dir='ltr'><strong><em>εἴχετο,</em></strong></span> <span class='ocrx_word' id='word_1_32' title='bbox 560 839 616 902; x_wconf 84' lang='grc' dir='ltr'><strong>καί</strong></span> <span class='ocrx_word' id='word_1_33' title='bbox 629 837 682 904; x_wconf 86' lang='grc' dir='ltr'><strong>διά</strong></span> <span class='ocrx_word' id='word_1_34' title='bbox 706 843 769 904; x_wconf 90' lang='grc' dir='ltr'><strong>τῶν</strong></span> <span class='ocrx_word' id='word_1_35' title='bbox 789 843 843 924; x_wconf 78' lang='grc' dir='ltr'><strong>τῆς</strong></span> <span class='ocrx_word' id='word_1_36' title='bbox 862 840 1052 905; x_wconf 82' lang='grc' dir='ltr'><strong><em>Κουκουσοό</em></strong></span> <span class='ocrx_word' id='word_1_37' title='bbox 1075 831 1227 900; x_wconf 76' lang='grc' dir='ltr'><strong><em>αὐλώνων</em></strong></span> <span class='ocrx_word' id='word_1_38' title='bbox 1277 847 1281 855; x_wconf 83' lang='grc'><em>“</em></span> 
     </span>
    </p>

    <p class='ocr_par' dir='ltr' id='par_1_3' title="bbox 43 929 1228 1228">
     <span class='ocr_line' id='line_1_6' title="bbox 43 929 1228 1034; baseline -0.007 -29"><span class='ocrx_word' id='word_1_39' title='bbox 43 929 45 932; x_wconf 39' lang='grc'>’</span> <span class='ocrx_word' id='word_1_40' title='bbox 97 943 180 1012; x_wconf 72' lang='lat' dir='ltr'><strong>{tuci</strong></span> <span class='ocrx_word' id='word_1_41' title='bbox 201 934 470 1016; x_wconf 83' lang='grc' dir='ltr'><strong><em>δυσδιεξοδεότων</em></strong></span> <span class='ocrx_word' id='word_1_42' title='bbox 502 938 654 1034; x_wconf 89' lang='grc' dir='ltr'><strong><em>ἀτραπῶν</em></strong></span> <span class='ocrx_word' id='word_1_43' title='bbox 675 943 720 1016; x_wconf 81' lang='grc' dir='ltr'><strong>εἰς</strong></span> <span class='ocrx_word' id='word_1_44' title='bbox 744 944 773 1005; x_wconf 91' lang='grc' dir='ltr'><strong><em>Γ</em></strong></span> <span class='ocrx_word' id='word_1_45' title='bbox 772 944 975 1032; x_wconf 82' lang='grc' dir='ltr'><strong><em>ερμανίκειαν</em></strong></span> <span class='ocrx_word' id='word_1_46' title='bbox 1000 931 1160 1010; x_wconf 90' lang='grc' dir='ltr'><strong><em>καταστάς</em></strong></span> <span class='ocrx_word' id='word_1_47' title='bbox 1182 935 1228 1008; x_wconf 82' lang='grc' dir='ltr'><strong>είς</strong></span> 
     </span>
     <span class='ocr_line' id='line_1_7' title="bbox 123 1033 1228 1126; baseline -0.006 -20"><span class='ocrx_word' id='word_1_48' title='bbox 123 1043 161 1106; x_wconf 86' lang='grc' dir='ltr'><strong>τὸ</strong></span> <span class='ocrx_word' id='word_1_49' title='bbox 185 1042 271 1121; x_wconf 78' lang='grc' dir='ltr'><strong><em>θόμα</em></strong></span> <span class='ocrx_word' id='word_1_50' title='bbox 292 1039 326 1103; x_wconf 86' lang='grc' dir='ltr'><strong>τὸ</strong></span> <span class='ocrx_word' id='word_1_51' title='bbox 351 1037 543 1118; x_wconf 80' lang='grc' dir='ltr'><strong><em>καλούμενον</em></strong></span> <span class='ocrx_word' id='word_1_52' title='bbox 562 1038 684 1123; x_wconf 86' lang='grc' dir='ltr'><strong><em>Τελοάχ</em></strong></span> <span class='ocrx_word' id='word_1_53' title='bbox 706 1044 793 1126; x_wconf 87' lang='grc' dir='ltr'><strong><em>παρά</em></strong></span> <span class='ocrx_word' id='word_1_54' title='bbox 813 1049 879 1118; x_wconf 76' lang='grc' dir='ltr'><strong><em>τοῖς</em></strong></span> <span class='ocrx_word' id='word_1_55' title='bbox 900 1043 1075 1123; x_wconf 77' lang='grc' dir='ltr'><strong><em>Ἀρμενίοις</em></strong></span> <span class='ocrx_word' id='word_1_56' title='bbox 1095 1033 1228 1119; x_wconf 77' lang='grc' dir='ltr'><strong><em>είσβάλ·</em></strong></span> 
     </span>
     <span class='ocr_line' id='line_1_8' title="bbox 124 1135 1227 1228; baseline -0.007 -22"><span class='ocrx_word' id='word_1_57' title='bbox 124 1150 184 1225; x_wconf 82' lang='grc' dir='ltr'><strong><em>λει,</em></strong></span> <span class='ocrx_word' id='word_1_58' title='bbox 205 1141 356 1222; x_wconf 89' lang='grc' dir='ltr'><strong><em>πρότερον</em></strong></span> <span class='ocrx_word' id='word_1_59' title='bbox 378 1137 436 1202; x_wconf 87' lang='grc' dir='ltr'><strong>οόκ</strong></span> <span class='ocrx_word' id='word_1_60' title='bbox 452 1139 559 1224; x_wconf 88' lang='grc' dir='ltr'><strong><em>ἀλίγην</em></strong></span> <span class='ocrx_word' id='word_1_61' title='bbox 581 1141 816 1222; x_wconf 69' lang='grc' dir='ltr'><strong><em>ἀποτεμόμενος</em></strong></span> <span class='ocrx_word' id='word_1_62' title='bbox 834 1136 981 1228; x_wconf 77' lang='grc' dir='ltr'><strong><em>φάλαγγα</em></strong></span> <span class='ocrx_word' id='word_1_63' title='bbox 1000 1135 1227 1225; x_wconf 79' lang='grc' dir='ltr'><strong><em>στρατιωτικὴν</em></strong></span> 
     </span>
    </p>

    <p class='ocr_par' dir='ltr' id='par_1_4' title="bbox 64 1234 1228 1429">
     <span class='ocr_line' id='line_1_9' title="bbox 64 1234 1228 1326; baseline -0.008 -20"><span class='ocrx_word' id='word_1_64' title='bbox 64 1299 67 1306; x_wconf 93' lang='grc'>.</span> <span class='ocrx_word' id='word_1_65' title='bbox 123 1241 204 1325; x_wconf 87' lang='grc' dir='ltr'><strong><em>μετά</em></strong></span> <span class='ocrx_word' id='word_1_66' title='bbox 228 1239 525 1322; x_wconf 87' lang='grc' dir='ltr'><strong><em>σονταγματάρχου,</em></strong></span> <span class='ocrx_word' id='word_1_67' title='bbox 552 1239 607 1304; x_wconf 82' lang='grc' dir='ltr'><strong>καί</strong></span> <span class='ocrx_word' id='word_1_68' title='bbox 627 1240 672 1316; x_wconf 78' lang='grc' dir='ltr'><strong>εἷς</strong></span> <span class='ocrx_word' id='word_1_69' title='bbox 693 1241 879 1326; x_wconf 77' lang='grc' dir='ltr'><strong><em>Μελιτηνὴν</em></strong></span> <span class='ocrx_word' id='word_1_70' title='bbox 899 1245 1065 1322; x_wconf 76' lang='grc' dir='ltr'><strong><em>ἐκπέμψας</em></strong></span> <span class='ocrx_word' id='word_1_71' title='bbox 1085 1234 1138 1301; x_wconf 78' lang='grc' dir='ltr'><strong><em>ε’πὶ</em></strong></span> <span class='ocrx_word' id='word_1_72' title='bbox 1159 1259 1228 1320; x_wconf 85' lang='grc' dir='ltr'><strong>φυ-</strong></span> 
     </span>
     <span class='ocr_line' id='line_1_10' title="bbox 124 1334 1228 1429; baseline -0.007 -22"><span class='ocrx_word' id='word_1_73' title='bbox 124 1345 205 1429; x_wconf 79' lang='grc' dir='ltr'><strong>λακῇ</strong></span> <span class='ocrx_word' id='word_1_74' title='bbox 226 1345 289 1406; x_wconf 90' lang='grc' dir='ltr'><strong>τῶν</strong></span> <span class='ocrx_word' id='word_1_75' title='bbox 309 1343 364 1422; x_wconf 79' lang='grc' dir='ltr'><strong>τῆς</strong></span> <span class='ocrx_word' id='word_1_76' title='bbox 386 1334 465 1414; x_wconf 77' lang='grc' dir='ltr'><strong><em>ἓῶας</em></strong></span> <span class='ocrx_word' id='word_1_77' title='bbox 500 1341 651 1423; x_wconf 70' lang='grc' dir='ltr'><strong><em>θεμάτων</em></strong></span> <span class='ocrx_word' id='word_1_78' title='bbox 672 1346 728 1406; x_wconf 89' lang='grc' dir='ltr'><strong>καί</strong></span> <span class='ocrx_word' id='word_1_79' title='bbox 746 1342 935 1408; x_wconf 86' lang='grc' dir='ltr'><strong><em>ἀντιπτῶσει</em></strong></span> <span class='ocrx_word' id='word_1_80' title='bbox 954 1343 1017 1406; x_wconf 89' lang='grc' dir='ltr'><strong>τῶν</strong></span> <span class='ocrx_word' id='word_1_81' title='bbox 1037 1335 1139 1404; x_wconf 74' lang='grc' dir='ltr'><strong><em>ἐκεῖσε</em></strong></span> <span class='ocrx_word' id='word_1_82' title='bbox 1161 1335 1228 1402; x_wconf 80' lang='grc' dir='ltr'><strong><em>τότε</em></strong></span> 
     </span>
    </p>

    <p class='ocr_par' dir='ltr' id='par_1_5' title="bbox 81 1432 1230 1528">
     <span class='ocr_line' id='line_1_11' title="bbox 81 1432 1230 1528; baseline -0.009 -19"><span class='ocrx_word' id='word_1_83' title='bbox 81 1438 446 1528; x_wconf 81' lang='grc' dir='ltr'><strong><em>1οπροσεφεδρευάντων</em></strong></span> <span class='ocrx_word' id='word_1_84' title='bbox 474 1444 619 1526; x_wconf 73' lang='grc' dir='ltr'><strong><em>ἐχθρῶν,</em></strong></span> <span class='ocrx_word' id='word_1_85' title='bbox 654 1432 698 1506; x_wconf 86' lang='grc' dir='ltr'><strong>ῶν</strong></span> <span class='ocrx_word' id='word_1_86' title='bbox 731 1436 829 1527; x_wconf 74' lang='grc' dir='ltr'><strong><em>ἦρχεν</em></strong></span> <span class='ocrx_word' id='word_1_87' title='bbox 864 1441 943 1526; x_wconf 70' lang='grc' dir='ltr'><strong><em>ἀνὴρ</em></strong></span> <span class='ocrx_word' id='word_1_88' title='bbox 976 1442 1155 1521; x_wconf 85' lang='grc' dir='ltr'><strong><em>πανοῦργος</em></strong></span> <span class='ocrx_word' id='word_1_89' title='bbox 1175 1435 1230 1500; x_wconf 88' lang='grc' dir='ltr'><strong>καί</strong></span> 
     </span>
    </p>

    <p class='ocr_par' dir='ltr' id='par_1_6' title="bbox 50 1532 1364 1834">
     <span class='ocr_line' id='line_1_12' title="bbox 50 1532 1364 1626; baseline -0.01 -19"><span class='ocrx_word' id='word_1_90' title='bbox 50 1533 54 1568; x_wconf 79' lang='grc'><strong>’</strong></span> <span class='ocrx_word' id='word_1_91' title='bbox 123 1543 267 1626; x_wconf 82' lang='grc' dir='ltr'><strong><em>μάχιμος</em></strong></span> <span class='ocrx_word' id='word_1_92' title='bbox 307 1541 438 1624; x_wconf 88' lang='grc' dir='ltr'><strong><em>ἀνόματι</em></strong></span> <span class='ocrx_word' id='word_1_93' title='bbox 473 1543 691 1623; x_wconf 86' lang='grc' dir='ltr'><strong><em>Αόσινάλιος,</em></strong></span> <span class='ocrx_word' id='word_1_94' title='bbox 725 1543 779 1607; x_wconf 80' lang='grc' dir='ltr'><strong>διὰ</strong></span> <span class='ocrx_word' id='word_1_95' title='bbox 814 1547 907 1608; x_wconf 78' lang='grc' dir='ltr'><strong><em>τοῦτο</em></strong></span> <span class='ocrx_word' id='word_1_96' title='bbox 937 1540 1040 1625; x_wconf 83' lang='grc' dir='ltr'><strong>γάρό</strong></span> <span class='ocrx_word' id='word_1_97' title='bbox 1076 1532 1257 1620; x_wconf 76' lang='grc' dir='ltr'><strong><em>βασιλεάςί.</em></strong></span> <span class='ocrx_word' id='word_1_98' title='bbox 1270 1544 1321 1598; x_wconf 86' lang='grc'><strong>188</strong></span> <span class='ocrx_word' id='word_1_99' title='bbox 1337 1558 1364 1596; x_wconf 86' lang='grc' dir='ltr'><strong>υ.</strong></span> 
     </span>
     <span class='ocr_line' id='line_1_13' title="bbox 124 1635 1229 1727; baseline 0.004 -19"><span class='ocrx_word' id='word_1_100' title='bbox 124 1645 205 1726; x_wconf 80' lang='grc' dir='ltr'><strong><em>μετὰ</em></strong></span> <span class='ocrx_word' id='word_1_101' title='bbox 228 1645 291 1707; x_wconf 86' lang='grc' dir='ltr'><strong>τῶν</strong></span> <span class='ocrx_word' id='word_1_102' title='bbox 312 1642 416 1726; x_wconf 91' lang='grc' dir='ltr'><strong><em>λόχων</em></strong></span> <span class='ocrx_word' id='word_1_103' title='bbox 446 1646 500 1707; x_wconf 89' lang='grc' dir='ltr'><strong>καί</strong></span> <span class='ocrx_word' id='word_1_104' title='bbox 530 1647 676 1727; x_wconf 78' lang='grc' dir='ltr'><strong><em>λοχαγῶν</em></strong></span> <span class='ocrx_word' id='word_1_105' title='bbox 699 1643 755 1708; x_wconf 81' lang='grc' dir='ltr'><strong>καί</strong></span> <span class='ocrx_word' id='word_1_106' title='bbox 776 1643 850 1719; x_wconf 83' lang='grc' dir='ltr'><strong><em>τοάς</em></strong></span> <span class='ocrx_word' id='word_1_107' title='bbox 881 1638 1024 1715; x_wconf 74' lang='grc' dir='ltr'><strong><em>ἅπαντας</em></strong></span> <span class='ocrx_word' id='word_1_108' title='bbox 1050 1635 1229 1723; x_wconf 68' lang='grc' dir='ltr'><strong><em>Φράγνθϋς,</em></strong></span> 
     </span>
     <span class='ocr_line' id='line_1_14' title="bbox 127 1729 1230 1834; baseline -0.005 -26"><span class='ocrx_word' id='word_1_109' title='bbox 127 1736 250 1826; x_wconf 85' lang='grc' dir='ltr'><strong><em>ἀνδρας</em></strong></span> <span class='ocrx_word' id='word_1_110' title='bbox 271 1741 457 1828; x_wconf 81' lang='grc' dir='ltr'><strong><em>αἱμοχαρεΐς</em></strong></span> <span class='ocrx_word' id='word_1_111' title='bbox 483 1746 537 1810; x_wconf 86' lang='grc' dir='ltr'><strong>καί</strong></span> <span class='ocrx_word' id='word_1_112' title='bbox 560 1729 769 1827; x_wconf 77' lang='grc' dir='ltr'><strong><em>πολεμικούς,</em></strong></span> <span class='ocrx_word' id='word_1_113' title='bbox 791 1749 835 1834; x_wconf 77' lang='lat' dir='ltr'><strong>aqi</strong></span> <span class='ocrx_word' id='word_1_114' title='bbox 854 1744 1017 1831; x_wconf 77' lang='grc' dir='ltr'><strong><em>στρατηγῷ</em></strong></span> <span class='ocrx_word' id='word_1_115' title='bbox 1031 1741 1150 1807; x_wconf 82' lang='grc' dir='ltr'><strong><em>τουτωῒ</em></strong></span> <span class='ocrx_word' id='word_1_116' title='bbox 1165 1761 1230 1802; x_wconf 86' lang='grc' dir='ltr'><strong>πα-</strong></span> 
     </span>
    </p>

    <p class='ocr_par' dir='ltr' id='par_1_7' title="bbox 52 1835 1230 1932">
     <span class='ocr_line' id='line_1_15' title="bbox 52 1835 1230 1932; baseline -0.005 -24"><span class='ocrx_word' id='word_1_117' title='bbox 52 1917 60 1924; x_wconf 41' lang='grc'><strong>,</strong></span> <span class='ocrx_word' id='word_1_118' title='bbox 127 1846 327 1929; x_wconf 83' lang='grc' dir='ltr'><strong><em>ραδόδωκεν,</em></strong></span> <span class='ocrx_word' id='word_1_119' title='bbox 350 1847 400 1929; x_wconf 80' lang='grc' dir='ltr'><strong>ἐφ’</strong></span> <span class='ocrx_word' id='word_1_120' title='bbox 424 1835 450 1932; x_wconf 72' lang='grc' dir='ltr'><em>ᾧ</em></span> <span class='ocrx_word' id='word_1_121' title='bbox 472 1846 510 1908; x_wconf 85' lang='grc' dir='ltr'><strong>δι’</strong></span> <span class='ocrx_word' id='word_1_122' title='bbox 534 1845 636 1928; x_wconf 86' lang='grc' dir='ltr'><strong><em>άδράς</em></strong></span> <span class='ocrx_word' id='word_1_123' title='bbox 658 1845 821 1927; x_wconf 89' lang='grc' dir='ltr'><strong><em>δυνάμεως</em></strong></span> <span class='ocrx_word' id='word_1_124' title='bbox 843 1848 1060 1930; x_wconf 76' lang='grc' dir='ltr'><strong><em>περιγίνεσθαι</em></strong></span> <span class='ocrx_word' id='word_1_125' title='bbox 1089 1845 1149 1907; x_wconf 76' lang='lat' dir='ltr'><strong>toti</strong></span> <span class='ocrx_word' id='word_1_126' title='bbox 1168 1861 1230 1904; x_wconf 85' lang='grc' dir='ltr'><strong><em>πο-</em></strong></span> 
     </span>
    </p>

    <p class='ocr_par' dir='ltr' id='par_1_8' title="bbox 82 1938 1232 2431">
     <span class='ocr_line' id='line_1_16' title="bbox 82 1938 1232 2030; baseline -0.003 -20"><span class='ocrx_word' id='word_1_127' title='bbox 82 1966 115 2018; x_wconf 87' lang='lat'><strong>15</strong></span> <span class='ocrx_word' id='word_1_128' title='bbox 127 1948 224 2026; x_wconf 88' lang='grc' dir='ltr'><strong><em>λε’μου</em></strong></span> <span class='ocrx_word' id='word_1_129' title='bbox 252 1941 432 2030; x_wconf 77' lang='grc' dir='ltr'><strong><em>ἀλλόφυλος</em></strong></span> <span class='ocrx_word' id='word_1_130' title='bbox 457 1948 638 2029; x_wconf 74' lang='grc' dir='ltr'><strong><em>ἐπιγένοιτο.</em></strong></span> <span class='ocrx_word' id='word_1_131' title='bbox 691 1946 759 2009; x_wconf 82' lang='grc' dir='ltr'><strong><em>ἀλλ’</em></strong></span> <span class='ocrx_word' id='word_1_132' title='bbox 791 1939 961 2021; x_wconf 82' lang='grc' dir='ltr'><strong><em>οάτοςόἀκ</em></strong></span> <span class='ocrx_word' id='word_1_133' title='bbox 994 1938 1162 2029; x_wconf 71' lang='grc' dir='ltr'><strong><em>εὐθαρσῶς</em></strong></span> <span class='ocrx_word' id='word_1_134' title='bbox 1186 1945 1232 2018; x_wconf 85' lang='grc' dir='ltr'><strong>είς</strong></span> 
     </span>
     <span class='ocr_line' id='line_1_17' title="bbox 131 2037 1232 2134; baseline -0.003 -25"><span class='ocrx_word' id='word_1_135' title='bbox 131 2037 215 2123; x_wconf 84' lang='grc' dir='ltr'><strong><em>άπαξ</em></strong></span> <span class='ocrx_word' id='word_1_136' title='bbox 247 2047 302 2107; x_wconf 81' lang='grc' dir='ltr'><strong>καί</strong></span> <span class='ocrx_word' id='word_1_137' title='bbox 324 2046 522 2130; x_wconf 82' lang='grc' dir='ltr'><strong><em>ἀφιλοτίμως</em></strong></span> <span class='ocrx_word' id='word_1_138' title='bbox 550 2043 752 2129; x_wconf 83' lang='grc' dir='ltr'><strong><em>χρησόμενος</em></strong></span> <span class='ocrx_word' id='word_1_139' title='bbox 773 2048 817 2134; x_wconf 74' lang='grc' dir='ltr'><strong>τῷ</strong></span> <span class='ocrx_word' id='word_1_140' title='bbox 847 2047 947 2132; x_wconf 76' lang='grc' dir='ltr'><strong><em>καιρῷ</em></strong></span> <span class='ocrx_word' id='word_1_141' title='bbox 968 2046 1022 2109; x_wconf 84' lang='grc' dir='ltr'><strong>καί</strong></span> <span class='ocrx_word' id='word_1_142' title='bbox 1042 2051 1106 2120; x_wconf 75' lang='grc' dir='ltr'><strong><em>τοῖς</em></strong></span> <span class='ocrx_word' id='word_1_143' title='bbox 1127 2038 1232 2127; x_wconf 87' lang='grc' dir='ltr'><strong><em>πράγ-</em></strong></span> 
     </span>
     <span class='ocr_line' id='line_1_18' title="bbox 126 2145 1231 2232; baseline -0.006 -21"><span class='ocrx_word' id='word_1_144' title='bbox 126 2169 226 2228; x_wconf 83' lang='grc' dir='ltr'><strong><em>μασι,</em></strong></span> <span class='ocrx_word' id='word_1_145' title='bbox 245 2146 363 2229; x_wconf 77' lang='grc' dir='ltr'><strong><em>μικροῦ</em></strong></span> <span class='ocrx_word' id='word_1_146' title='bbox 383 2149 425 2232; x_wconf 81' lang='lat' dir='ltr'><strong>rqi</strong></span> <span class='ocrx_word' id='word_1_147' title='bbox 445 2151 574 2229; x_wconf 77' lang='grc' dir='ltr'><strong><em>βασιλεῖ</em></strong></span> <span class='ocrx_word' id='word_1_148' title='bbox 594 2149 728 2212; x_wconf 82' lang='grc' dir='ltr'><strong><em>διπλοῦν</em></strong></span> <span class='ocrx_word' id='word_1_149' title='bbox 751 2149 896 2229; x_wconf 86' lang='grc' dir='ltr'><strong><em>πόλεμον,</em></strong></span> <span class='ocrx_word' id='word_1_150' title='bbox 917 2145 1140 2232; x_wconf 79' lang='grc' dir='ltr'><strong><em>ἀστερουμόνηι</em></strong></span> <span class='ocrx_word' id='word_1_151' title='bbox 1162 2165 1231 2208; x_wconf 83' lang='grc' dir='ltr'><strong><em>τοι-</em></strong></span> 
     </span>
     <span class='ocr_line' id='line_1_19' title="bbox 130 2243 1231 2338; baseline -0.004 -28"><span class='ocrx_word' id='word_1_152' title='bbox 130 2247 227 2331; x_wconf 88' lang='grc' dir='ltr'><strong><em>αάτης</em></strong></span> <span class='ocrx_word' id='word_1_153' title='bbox 251 2249 404 2330; x_wconf 84' lang='grc' dir='ltr'><strong><em>στρατιάς</em></strong></span> <span class='ocrx_word' id='word_1_154' title='bbox 425 2243 666 2331; x_wconf 78' lang='grc' dir='ltr'><strong><em>μαχιμωτάτης,</em></strong></span> <span class='ocrx_word' id='word_1_155' title='bbox 688 2250 760 2312; x_wconf 73' lang='grc' dir='ltr'><strong><em>ἀνθ’</em></strong></span> <span class='ocrx_word' id='word_1_156' title='bbox 784 2248 889 2338; x_wconf 74' lang='grc' dir='ltr'><strong><em>ἀπλοά</em></strong></span> <span class='ocrx_word' id='word_1_157' title='bbox 910 2248 1106 2331; x_wconf 82' lang='grc' dir='ltr'><strong><em>προεξίνησε.</em></strong></span> <span class='ocrx_word' id='word_1_158' title='bbox 1150 2248 1231 2306; x_wconf 88' lang='grc' dir='ltr'><strong><em>πολ-</em></strong></span> 
     </span>
     <span class='ocr_line' id='line_1_20' title="bbox 129 2339 1230 2431; baseline -0.005 -19"><span class='ocrx_word' id='word_1_159' title='bbox 129 2345 219 2422; x_wconf 88' lang='grc' dir='ltr'><strong><em>λάκις</em></strong></span> <span class='ocrx_word' id='word_1_160' title='bbox 238 2346 300 2430; x_wconf 91' lang='grc' dir='ltr'><strong>γάρ</strong></span> <span class='ocrx_word' id='word_1_161' title='bbox 316 2351 579 2430; x_wconf 76' lang='grc' dir='ltr'><strong><em>προκαλουμένων</em></strong></span> <span class='ocrx_word' id='word_1_162' title='bbox 602 2345 698 2413; x_wconf 85' lang='grc' dir='ltr'><strong><em>αόεὸν</em></strong></span> <span class='ocrx_word' id='word_1_163' title='bbox 714 2350 776 2413; x_wconf 91' lang='grc' dir='ltr'><strong>τῶν</strong></span> <span class='ocrx_word' id='word_1_164' title='bbox 795 2350 934 2431; x_wconf 69' lang='grc' dir='ltr'><strong><em>ἐχθρῶν,</em></strong></span> <span class='ocrx_word' id='word_1_165' title='bbox 957 2349 1012 2410; x_wconf 91' lang='grc' dir='ltr'><strong>καί</strong></span> <span class='ocrx_word' id='word_1_166' title='bbox 1031 2343 1077 2429; x_wconf 75' lang='grc' dir='ltr'><strong>μη</strong></span> <span class='ocrx_word' id='word_1_167' title='bbox 1099 2339 1230 2409; x_wconf 78' lang='grc' dir='ltr'><strong><em>ἀπαίσι-</em></strong></span> 
     </span>
    </p>

    <p class='ocr_par' dir='ltr' id='par_1_9' title="bbox 1 2439 1232 2839">
     <span class='ocr_line' id='line_1_21' title="bbox 1 2439 1232 2534; baseline -0.004 -20"><span class='ocrx_word' id='word_1_168' title='bbox 1 2487 2 2492; x_wconf 43' lang='lat'>1</span> <span class='ocrx_word' id='word_1_169' title='bbox 81 2461 180 2522; x_wconf 67' lang='lat' dir='ltr'><strong>edane</strong></span> <span class='ocrx_word' id='word_1_170' title='bbox 206 2450 321 2527; x_wconf 72' lang='grc' dir='ltr'><strong><em>ἐξιέναι</em></strong></span> <span class='ocrx_word' id='word_1_171' title='bbox 344 2449 402 2510; x_wconf 81' lang='grc' dir='ltr'><strong>τοῦ</strong></span> <span class='ocrx_word' id='word_1_172' title='bbox 423 2439 535 2525; x_wconf 84' lang='grc' dir='ltr'><strong><em>άστεος</em></strong></span> <span class='ocrx_word' id='word_1_173' title='bbox 572 2451 627 2534; x_wconf 82' lang='grc' dir='ltr'><strong>τῆς</strong></span> <span class='ocrx_word' id='word_1_174' title='bbox 650 2452 828 2534; x_wconf 78' lang='grc' dir='ltr'><strong><em>Μελιτηνῆς</em></strong></span> <span class='ocrx_word' id='word_1_175' title='bbox 853 2450 958 2512; x_wconf 91' lang='grc' dir='ltr'><strong><em>καίτοι</em></strong></span> <span class='ocrx_word' id='word_1_176' title='bbox 984 2448 1048 2511; x_wconf 83' lang='grc' dir='ltr'><strong>τῶν</strong></span> <span class='ocrx_word' id='word_1_177' title='bbox 1068 2465 1232 2529; x_wconf 85' lang='grc' dir='ltr'><strong><em>στρατιω-</em></strong></span> 
     </span>
     <span class='ocr_line' id='line_1_22' title="bbox 127 2540 1230 2633; baseline -0.003 -17"><span class='ocrx_word' id='word_1_178' title='bbox 127 2553 191 2616; x_wconf 88' lang='grc' dir='ltr'><strong>τῶν</strong></span> <span class='ocrx_word' id='word_1_179' title='bbox 215 2552 569 2633; x_wconf 76' lang='grc' dir='ltr'><strong><em>προθυμοποιουμίνων.</em></strong></span> <span class='ocrx_word' id='word_1_180' title='bbox 587 2550 693 2626; x_wconf 73' lang='grc' dir='ltr'><strong><em>αὐτοῖς</em></strong></span> <span class='ocrx_word' id='word_1_181' title='bbox 708 2554 958 2629; x_wconf 77' lang='grc' dir='ltr'><strong><em>ἀντεπεξελθείν,</em></strong></span> <span class='ocrx_word' id='word_1_182' title='bbox 977 2546 1021 2622; x_wconf 86' lang='grc' dir='ltr'><strong>ῶς</strong></span> <span class='ocrx_word' id='word_1_183' title='bbox 1039 2540 1125 2613; x_wconf 81' lang='grc' dir='ltr'><strong><em>εἶδαν</em></strong></span> <span class='ocrx_word' id='word_1_184' title='bbox 1146 2549 1230 2613; x_wconf 73' lang='lat' dir='ltr'><strong>sact-</strong></span> 
     </span>
     <span class='ocr_line' id='line_1_23' title="bbox 128 2643 1230 2738; baseline -0.004 -22"><span class='ocrx_word' id='word_1_185' title='bbox 128 2673 179 2717; x_wconf 91' lang='grc' dir='ltr'><strong>νοι</strong></span> <span class='ocrx_word' id='word_1_186' title='bbox 200 2647 233 2715; x_wconf 85' lang='grc' dir='ltr'><strong>τό</strong></span> <span class='ocrx_word' id='word_1_187' title='bbox 256 2649 523 2733; x_wconf 80' lang='grc' dir='ltr'><strong><em>γλίσχροναότοῶ</em></strong></span> <span class='ocrx_word' id='word_1_188' title='bbox 543 2651 599 2716; x_wconf 86' lang='grc' dir='ltr'>καί</span> <span class='ocrx_word' id='word_1_189' title='bbox 618 2655 764 2738; x_wconf 78' lang='grc' dir='ltr'><strong><em>περιδεὲς</em></strong></span> <span class='ocrx_word' id='word_1_190' title='bbox 785 2653 840 2715; x_wconf 85' lang='grc' dir='ltr'><strong>καί</strong></span> <span class='ocrx_word' id='word_1_191' title='bbox 860 2648 1031 2731; x_wconf 84' lang='grc' dir='ltr'><strong><em>ἀπόλεμον,</em></strong></span> <span class='ocrx_word' id='word_1_192' title='bbox 1051 2643 1106 2713; x_wconf 88' lang='grc' dir='ltr'><strong>διά</strong></span> <span class='ocrx_word' id='word_1_193' title='bbox 1126 2646 1230 2712; x_wconf 87' lang='grc' dir='ltr'><strong><em>τόπων</em></strong></span> 
     </span>
     <span class='ocr_line' id='line_1_24' title="bbox 129 2749 1228 2839; baseline -0.006 -19"><span class='ocrx_word' id='word_1_194' title='bbox 129 2750 258 2838; x_wconf 69' lang='grc' dir='ltr'><strong><em>ἀδήλων</em></strong></span> <span class='ocrx_word' id='word_1_195' title='bbox 289 2753 480 2834; x_wconf 76' lang='grc' dir='ltr'><strong><em>βαδίσαντες</em></strong></span> <span class='ocrx_word' id='word_1_196' title='bbox 516 2755 570 2838; x_wconf 81' lang='grc' dir='ltr'><strong>τῆς</strong></span> <span class='ocrx_word' id='word_1_197' title='bbox 596 2752 764 2838; x_wconf 74' lang='grc' dir='ltr'><strong><em>βασιλικῆς</em></strong></span> <span class='ocrx_word' id='word_1_198' title='bbox 796 2753 950 2838; x_wconf 83' lang='grc' dir='ltr'><strong><em>στρατιάς</em></strong></span> <span class='ocrx_word' id='word_1_199' title='bbox 973 2754 1073 2839; x_wconf 70' lang='grc' dir='ltr'><strong><em>μοίρᾳ</em></strong></span> <span class='ocrx_word' id='word_1_200' title='bbox 1100 2751 1166 2816; x_wconf 81' lang='grc' dir='ltr'><strong><em>τινί</em></strong></span> <span class='ocrx_word' id='word_1_201' title='bbox 1184 2749 1228 2813; x_wconf 84' lang='grc' dir='ltr'><strong>δι’</strong></span> 
     </span>
    </p>
   </div>
   <div class='ocr_carea' id='block_1_3' title="bbox 207 2899 832 2979">
    <p class='ocr_par' dir='ltr' id='par_1_10' title="bbox 207 2899 832 2979">
     <span class='ocr_line' id='line_1_25' title="bbox 207 2899 832 2979; baseline 0.005 -22"><span class='ocrx_word' id='word_1_202' title='bbox 207 2902 248 2960; x_wconf 77' lang='lat'><strong>14.</strong></span> <span class='ocrx_word' id='word_1_203' title='bbox 267 2909 483 2979; x_wconf 80' lang='grc' dir='ltr'><strong><em>παραγίνεσθαι</em></strong></span> <span class='ocrx_word' id='word_1_204' title='bbox 497 2907 534 2963; x_wconf 79' lang='lat' dir='ltr'><strong>Ga</strong></span> <span class='ocrx_word' id='word_1_205' title='bbox 553 2915 671 2962; x_wconf 81' lang='lat' dir='ltr'><strong>correxit</strong></span> <span class='ocrx_word' id='word_1_206' title='bbox 689 2899 832 2976; x_wconf 82' lang='lat' dir='ltr'><strong>in&#39;terpres.</strong></span> 
     </span>
    </p>
   </div>
   <div class='ocr_carea' id='block_1_4' title="bbox 131 3057 1250 4341">
    <p class='ocr_par' dir='ltr' id='par_1_11' title="bbox 131 3057 1250 4341">
     <span class='ocr_line' id='line_1_26' title="bbox 233 3057 1232 3133; baseline -0.002 -20"><span class='ocrx_word' id='word_1_207' title='bbox 233 3059 369 3116; x_wconf 82' lang='lat' dir='ltr'><strong>Reversus</strong></span> <span class='ocrx_word' id='word_1_208' title='bbox 390 3063 472 3133; x_wconf 82' lang='lat' dir='ltr'><strong>igitur</strong></span> <span class='ocrx_word' id='word_1_209' title='bbox 491 3063 552 3117; x_wconf 87' lang='lat' dir='ltr'><strong>inde</strong></span> <span class='ocrx_word' id='word_1_210' title='bbox 571 3066 598 3115; x_wconf 93' lang='lat' dir='ltr'><strong>in</strong></span> <span class='ocrx_word' id='word_1_211' title='bbox 618 3063 825 3118; x_wconf 77' lang='lat' dir='ltr'><strong>Sebastenorum</strong></span> <span class='ocrx_word' id='word_1_212' title='bbox 843 3061 936 3114; x_wconf 88' lang='lat' dir='ltr'><strong>urbem</strong></span> <span class='ocrx_word' id='word_1_213' title='bbox 954 3057 1096 3129; x_wconf 71' lang='lat' dir='ltr'><strong>capitalem</strong></span> <span class='ocrx_word' id='word_1_214' title='bbox 1120 3075 1232 3128; x_wconf 84' lang='lat' dir='ltr'><strong>primum</strong></span> 
     </span>
     <span class='ocr_line' id='line_1_27' title="bbox 133 3129 1232 3202; baseline -0.001 -16"><span class='ocrx_word' id='word_1_215' title='bbox 133 3139 231 3201; x_wconf 80' lang='lat' dir='ltr'><strong>agente</strong></span> <span class='ocrx_word' id='word_1_216' title='bbox 250 3147 341 3186; x_wconf 87' lang='lat' dir='ltr'><strong>mense</strong></span> <span class='ocrx_word' id='word_1_217' title='bbox 362 3135 471 3186; x_wconf 81' lang='lat' dir='ltr'>octobre</span> <span class='ocrx_word' id='word_1_218' title='bbox 491 3142 518 3185; x_wconf 89' lang='lat' dir='ltr'><strong>et</strong></span> <span class='ocrx_word' id='word_1_219' title='bbox 536 3136 652 3202; x_wconf 90' lang='lat' dir='ltr'><strong>quietem</strong></span> <span class='ocrx_word' id='word_1_220' title='bbox 672 3137 822 3188; x_wconf 75' lang='lat' dir='ltr'><strong>concedens</strong></span> <span class='ocrx_word' id='word_1_221' title='bbox 842 3135 972 3187; x_wconf 86' lang='lat' dir='ltr'><strong>exercitui</strong></span> <span class='ocrx_word' id='word_1_222' title='bbox 991 3131 1064 3185; x_wconf 87' lang='lat' dir='ltr'><strong>solos</strong></span> <span class='ocrx_word' id='word_1_223' title='bbox 1090 3137 1145 3184; x_wconf 87' lang='lat' dir='ltr'><strong>tres</strong></span> <span class='ocrx_word' id='word_1_224' title='bbox 1165 3129 1232 3197; x_wconf 88' lang='lat' dir='ltr'><strong>dies,</strong></span> 
     </span>
     <span class='ocr_line' id='line_1_28' title="bbox 133 3201 1234 3274; baseline 0.001 -19"><span class='ocrx_word' id='word_1_225' title='bbox 133 3204 269 3272; x_wconf 85' lang='lat' dir='ltr'><strong>proiectus</strong></span> <span class='ocrx_word' id='word_1_226' title='bbox 287 3206 349 3256; x_wconf 86' lang='lat' dir='ltr'><strong>iude</strong></span> <span class='ocrx_word' id='word_1_227' title='bbox 369 3207 439 3256; x_wconf 85' lang='lat' dir='ltr'><strong>viam</strong></span> <span class='ocrx_word' id='word_1_228' title='bbox 457 3205 519 3255; x_wconf 88' lang='lat' dir='ltr'><strong>iniit</strong></span> <span class='ocrx_word' id='word_1_229' title='bbox 536 3222 604 3272; x_wconf 89' lang='lat' dir='ltr'><strong>quae</strong></span> <span class='ocrx_word' id='word_1_230' title='bbox 623 3208 655 3257; x_wconf 87' lang='lat' dir='ltr'><strong>ad</strong></span> <span class='ocrx_word' id='word_1_231' title='bbox 674 3207 778 3274; x_wconf 82' lang='lat' dir='ltr'><strong>Syriam</strong></span> <span class='ocrx_word' id='word_1_232' title='bbox 796 3207 885 3271; x_wconf 92' lang='lat' dir='ltr'><strong>ducit,</strong></span> <span class='ocrx_word' id='word_1_233' title='bbox 905 3214 932 3258; x_wconf 91' lang='lat' dir='ltr'><strong>et</strong></span> <span class='ocrx_word' id='word_1_234' title='bbox 949 3221 998 3272; x_wconf 89' lang='lat' dir='ltr'><strong>per</strong></span> <span class='ocrx_word' id='word_1_235' title='bbox 1025 3201 1234 3256; x_wconf 75' lang='lat' dir='ltr'><strong>Caenei-valles</strong></span> 
     </span>
     <span class='ocr_line' id='line_1_29' title="bbox 133 3275 1233 3345; baseline 0 -19"><span class='ocrx_word' id='word_1_236' title='bbox 133 3283 162 3326; x_wconf 89' lang='lat' dir='ltr'><strong>et</strong></span> <span class='ocrx_word' id='word_1_237' title='bbox 181 3275 304 3328; x_wconf 77' lang='lat' dir='ltr'><strong>difficiles</strong></span> <span class='ocrx_word' id='word_1_238' title='bbox 324 3277 382 3326; x_wconf 82' lang='lat' dir='ltr'><strong>vias</strong></span> <span class='ocrx_word' id='word_1_239' title='bbox 404 3277 432 3325; x_wconf 88' lang='lat' dir='ltr'><strong>in</strong></span> <span class='ocrx_word' id='word_1_240' title='bbox 453 3275 608 3327; x_wconf 89' lang='lat' dir='ltr'><strong>Germanica</strong></span> <span class='ocrx_word' id='word_1_241' title='bbox 627 3293 655 3327; x_wconf 86' lang='lat' dir='ltr'><strong>se</strong></span> <span class='ocrx_word' id='word_1_242' title='bbox 676 3280 840 3331; x_wconf 87' lang='lat' dir='ltr'><strong>constituens</strong></span> <span class='ocrx_word' id='word_1_243' title='bbox 860 3279 886 3329; x_wconf 93' lang='lat' dir='ltr'><strong>in</strong></span> <span class='ocrx_word' id='word_1_244' title='bbox 905 3277 1070 3345; x_wconf 82' lang='lat' dir='ltr'><strong>provinciam</strong></span> <span class='ocrx_word' id='word_1_245' title='bbox 1095 3291 1162 3343; x_wconf 89' lang='lat' dir='ltr'><strong>quae</strong></span> <span class='ocrx_word' id='word_1_246' title='bbox 1181 3289 1233 3326; x_wconf 85' lang='lat' dir='ltr'><strong>vo-</strong></span> 
     </span>
     <span class='ocr_line' id='line_1_30' title="bbox 133 3345 1233 3417; baseline -0.002 -19"><span class='ocrx_word' id='word_1_247' title='bbox 133 3356 209 3398; x_wconf 90' lang='lat' dir='ltr'><strong>catur</strong></span> <span class='ocrx_word' id='word_1_248' title='bbox 227 3345 326 3399; x_wconf 79' lang='lat' dir='ltr'><strong>Teluoh</strong></span> <span class='ocrx_word' id='word_1_249' title='bbox 346 3346 415 3411; x_wconf 90' lang='lat' dir='ltr'><strong>apud</strong></span> <span class='ocrx_word' id='word_1_250' title='bbox 430 3345 580 3410; x_wconf 82' lang='lat' dir='ltr'><strong>Armenios,</strong></span> <span class='ocrx_word' id='word_1_251' title='bbox 602 3347 705 3411; x_wconf 77' lang='lat' dir='ltr'>incidit,</span> <span class='ocrx_word' id='word_1_252' title='bbox 729 3357 867 3417; x_wconf 84' lang='lat' dir='ltr'><strong>postquam</strong></span> <span class='ocrx_word' id='word_1_253' title='bbox 887 3358 965 3401; x_wconf 83' lang='lat' dir='ltr'><strong>antea</strong></span> <span class='ocrx_word' id='word_1_254' title='bbox 983 3363 1037 3400; x_wconf 89' lang='lat' dir='ltr'><strong>non</strong></span> <span class='ocrx_word' id='word_1_255' title='bbox 1057 3363 1166 3416; x_wconf 82' lang='lat' dir='ltr'><strong>parvam</strong></span> <span class='ocrx_word' id='word_1_256' title='bbox 1183 3345 1233 3398; x_wconf 87' lang='lat' dir='ltr'><strong>ah.</strong></span> 
     </span>
     <span class='ocr_line' id='line_1_31' title="bbox 132 3413 1235 3484; baseline -0.003 -13"><span class='ocrx_word' id='word_1_257' title='bbox 132 3419 212 3471; x_wconf 90' lang='lat' dir='ltr'><strong>scidit</strong></span> <span class='ocrx_word' id='word_1_258' title='bbox 238 3417 399 3483; x_wconf 87' lang='lat' dir='ltr'><strong>phalangem</strong></span> <span class='ocrx_word' id='word_1_259' title='bbox 430 3413 543 3465; x_wconf 91' lang='lat' dir='ltr'><strong>militum</strong></span> <span class='ocrx_word' id='word_1_260' title='bbox 571 3433 629 3466; x_wconf 88' lang='lat' dir='ltr'><strong>cum</strong></span> <span class='ocrx_word' id='word_1_261' title='bbox 665 3421 803 3484; x_wconf 86' lang='lat' dir='ltr'><strong>praelecto</strong></span> <span class='ocrx_word' id='word_1_262' title='bbox 831 3422 932 3472; x_wconf 86' lang='lat' dir='ltr'><strong>ordinis</strong></span> <span class='ocrx_word' id='word_1_263' title='bbox 967 3430 994 3472; x_wconf 92' lang='lat' dir='ltr'><strong>et</strong></span> <span class='ocrx_word' id='word_1_264' title='bbox 1021 3419 1053 3471; x_wconf 90' lang='lat' dir='ltr'><strong>ad</strong></span> <span class='ocrx_word' id='word_1_265' title='bbox 1080 3418 1235 3471; x_wconf 75' lang='lat' dir='ltr'><strong>Melitenam</strong></span> 
     </span>
     <span class='ocr_line' id='line_1_32' title="bbox 133 3485 1234 3552; baseline -0.002 -10"><span class='ocrx_word' id='word_1_266' title='bbox 133 3490 221 3542; x_wconf 80' lang='lat' dir='ltr'><strong>emisit</strong></span> <span class='ocrx_word' id='word_1_267' title='bbox 247 3489 280 3539; x_wconf 93' lang='lat' dir='ltr'><strong>ad</strong></span> <span class='ocrx_word' id='word_1_268' title='bbox 306 3485 467 3551; x_wconf 84' lang='lat' dir='ltr'><strong>praesidium</strong></span> <span class='ocrx_word' id='word_1_269' title='bbox 487 3488 683 3552; x_wconf 86' lang='lat' dir='ltr'><strong>provinciarum</strong></span> <span class='ocrx_word' id='word_1_270' title='bbox 704 3491 815 3542; x_wconf 86' lang='lat' dir='ltr'><strong>orientis</strong></span> <span class='ocrx_word' id='word_1_271' title='bbox 834 3499 862 3542; x_wconf 92' lang='lat' dir='ltr'><strong>et</strong></span> <span class='ocrx_word' id='word_1_272' title='bbox 876 3493 908 3543; x_wconf 92' lang='lat' dir='ltr'><strong>ad</strong></span> <span class='ocrx_word' id='word_1_273' title='bbox 924 3490 1101 3544; x_wconf 86' lang='lat' dir='ltr'><strong>resistendum</strong></span> <span class='ocrx_word' id='word_1_274' title='bbox 1113 3487 1234 3540; x_wconf 87' lang='lat' dir='ltr'><strong>hostibus</strong></span> 
     </span>
     <span class='ocr_line' id='line_1_33' title="bbox 131 3557 1236 3628; baseline -0.002 -16"><span class='ocrx_word' id='word_1_275' title='bbox 131 3562 176 3612; x_wconf 89' lang='lat' dir='ltr'><strong>ibi&#39;</strong></span> <span class='ocrx_word' id='word_1_276' title='bbox 190 3567 245 3609; x_wconf 90' lang='lat' dir='ltr'><strong>tum</strong></span> <span class='ocrx_word' id='word_1_277' title='bbox 264 3557 373 3608; x_wconf 84' lang='lat' dir='ltr'><strong>iusidias</strong></span> <span class='ocrx_word' id='word_1_278' title='bbox 396 3558 564 3623; x_wconf 88' lang='lat' dir='ltr'><strong>parantibus:</strong></span> <span class='ocrx_word' id='word_1_279' title='bbox 593 3557 688 3626; x_wconf 81' lang='lat' dir='ltr'><strong>quibus</strong></span> <span class='ocrx_word' id='word_1_280' title='bbox 713 3561 818 3626; x_wconf 90' lang='lat' dir='ltr'><strong>quidem</strong></span> <span class='ocrx_word' id='word_1_281' title='bbox 842 3564 985 3628; x_wconf 82' lang='lat' dir='ltr'><strong>imperavit</strong></span> <span class='ocrx_word' id='word_1_282' title='bbox 1008 3563 1051 3613; x_wconf 82' lang='lat' dir='ltr'><strong>vir</strong></span> <span class='ocrx_word' id='word_1_283' title='bbox 1076 3559 1188 3611; x_wconf 84' lang='lat' dir='ltr'><strong>callidus</strong></span> <span class='ocrx_word' id='word_1_284' title='bbox 1209 3567 1236 3611; x_wconf 88' lang='lat' dir='ltr'><strong>et</strong></span> 
     </span>
     <span class='ocr_line' id='line_1_34' title="bbox 132 3627 1235 3700; baseline -0.002 -20"><span class='ocrx_word' id='word_1_285' title='bbox 132 3644 251 3700; x_wconf 85' lang='lat' dir='ltr'><strong>pugnax,</strong></span> <span class='ocrx_word' id='word_1_286' title='bbox 270 3627 377 3678; x_wconf 86' lang='lat' dir='ltr'><strong>nomine</strong></span> <span class='ocrx_word' id='word_1_287' title='bbox 395 3629 559 3680; x_wconf 81' lang='lat' dir='ltr'><strong>Ausiualiue.</strong></span> <span class='ocrx_word' id='word_1_288' title='bbox 598 3636 741 3695; x_wconf 90' lang='lat' dir='ltr'><strong>propterea</strong></span> <span class='ocrx_word' id='word_1_289' title='bbox 760 3633 829 3681; x_wconf 89' lang='lat' dir='ltr'><strong>enim</strong></span> <span class='ocrx_word' id='word_1_290' title='bbox 846 3649 894 3684; x_wconf 84' lang='lat' dir='ltr'><strong>rex</strong></span> <span class='ocrx_word' id='word_1_291' title='bbox 913 3649 972 3684; x_wconf 89' lang='lat' dir='ltr'><strong>cum</strong></span> <span class='ocrx_word' id='word_1_292' title='bbox 986 3633 1114 3684; x_wconf 84' lang='lat' dir='ltr'><strong>centuriis</strong></span> <span class='ocrx_word' id='word_1_293' title='bbox 1131 3640 1157 3682; x_wconf 88' lang='lat' dir='ltr'><strong>et</strong></span> <span class='ocrx_word' id='word_1_294' title='bbox 1168 3647 1235 3682; x_wconf 91' lang='lat' dir='ltr'><strong>cen.</strong></span> 
     </span>
     <span class='ocr_line' id='line_1_35' title="bbox 132 3698 1235 3772; baseline -0.001 -18"><span class='ocrx_word' id='word_1_295' title='bbox 132 3698 283 3755; x_wconf 85' lang='lat' dir='ltr'><strong>turionilms</strong></span> <span class='ocrx_word' id='word_1_296' title='bbox 311 3699 388 3750; x_wconf 88' lang='lat' dir='ltr'><strong>etiam</strong></span> <span class='ocrx_word' id='word_1_297' title='bbox 415 3716 506 3752; x_wconf 90' lang='lat' dir='ltr'><strong>omnes</strong></span> <span class='ocrx_word' id='word_1_298' title='bbox 526 3701 652 3764; x_wconf 82' lang='lat' dir='ltr'><strong>Francos,</strong></span> <span class='ocrx_word' id='word_1_299' title='bbox 672 3700 793 3751; x_wconf 88' lang='lat' dir='ltr'><strong>homines</strong></span> <span class='ocrx_word' id='word_1_300' title='bbox 812 3706 942 3770; x_wconf 85' lang='lat' dir='ltr'><strong>sanguiue</strong></span> <span class='ocrx_word' id='word_1_301' title='bbox 961 3705 1108 3772; x_wconf 79' lang='lat' dir='ltr'><strong>gaudentes</strong></span> <span class='ocrx_word' id='word_1_302' title='bbox 1127 3711 1155 3754; x_wconf 89' lang='lat' dir='ltr'><strong>et</strong></span> <span class='ocrx_word' id='word_1_303' title='bbox 1173 3702 1235 3755; x_wconf 87' lang='lat' dir='ltr'><strong>bel-</strong></span> 
     </span>
     <span class='ocr_line' id='line_1_36' title="bbox 132 3770 1250 3842; baseline 0 -18"><span class='ocrx_word' id='word_1_304' title='bbox 132 3775 250 3832; x_wconf 89' lang='lat' dir='ltr'><strong>licoses,</strong></span> <span class='ocrx_word' id='word_1_305' title='bbox 277 3770 339 3820; x_wconf 88' lang='lat' dir='ltr'><strong>huie</strong></span> <span class='ocrx_word' id='word_1_306' title='bbox 358 3773 418 3822; x_wconf 92' lang='lat' dir='ltr'><strong>duci</strong></span> <span class='ocrx_word' id='word_1_307' title='bbox 444 3774 565 3838; x_wconf 85' lang='lat' dir='ltr'><strong>tradidit,</strong></span> <span class='ocrx_word' id='word_1_308' title='bbox 593 3780 623 3822; x_wconf 84' lang='lat' dir='ltr'><strong>ut</strong></span> <span class='ocrx_word' id='word_1_309' title='bbox 647 3771 737 3822; x_wconf 85' lang='lat' dir='ltr'><strong>valida</strong></span> <span class='ocrx_word' id='word_1_310' title='bbox 762 3773 788 3822; x_wconf 90' lang='lat' dir='ltr'><strong>vi</strong></span> <span class='ocrx_word' id='word_1_311' title='bbox 807 3776 952 3825; x_wconf 89' lang='lat' dir='ltr'><strong>sustineret</strong></span> <span class='ocrx_word' id='word_1_312' title='bbox 971 3776 1073 3827; x_wconf 87' lang='lat' dir='ltr'><strong>bellum</strong></span> <span class='ocrx_word' id='word_1_313' title='bbox 1094 3776 1121 3824; x_wconf 91' lang='lat' dir='ltr'><strong>in</strong></span> <span class='ocrx_word' id='word_1_314' title='bbox 1141 3773 1250 3842; x_wconf 64' lang='lat' dir='ltr'><strong>quibus,</strong></span> 
     </span>
     <span class='ocr_line' id='line_1_37' title="bbox 134 3835 1236 3907; baseline -0.001 -12"><span class='ocrx_word' id='word_1_315' title='bbox 134 3845 202 3896; x_wconf 88' lang='lat' dir='ltr'><strong>iocis</strong></span> <span class='ocrx_word' id='word_1_316' title='bbox 221 3841 264 3892; x_wconf 90' lang='lat' dir='ltr'><strong>illi</strong></span> <span class='ocrx_word' id='word_1_317' title='bbox 292 3843 395 3907; x_wconf 90' lang='lat' dir='ltr'><strong>quando</strong></span> <span class='ocrx_word' id='word_1_318' title='bbox 416 3843 517 3894; x_wconf 86' lang='lat' dir='ltr'><strong>bellum</strong></span> <span class='ocrx_word' id='word_1_319' title='bbox 537 3853 674 3896; x_wconf 87' lang='lat' dir='ltr'><strong>externum</strong></span> <span class='ocrx_word' id='word_1_320' title='bbox 692 3835 819 3894; x_wconf 79' lang='lat' dir='ltr'><strong>inslaret:</strong></span> <span class='ocrx_word' id='word_1_321' title='bbox 838 3845 885 3895; x_wconf 90' lang='lat' dir='ltr'><strong>sed</strong></span> <span class='ocrx_word' id='word_1_322' title='bbox 907 3845 952 3895; x_wconf 91' lang='lat' dir='ltr'><strong>hic</strong></span> <span class='ocrx_word' id='word_1_323' title='bbox 979 3862 1034 3897; x_wconf 89' lang='lat' dir='ltr'><strong>non</strong></span> <span class='ocrx_word' id='word_1_324' title='bbox 1059 3847 1164 3898; x_wconf 78' lang='lat' dir='ltr'><strong>fortiter</strong></span> <span class='ocrx_word' id='word_1_325' title='bbox 1183 3858 1236 3895; x_wconf 92' lang='lat' dir='ltr'><strong>uno</strong></span> 
     </span>
     <span class='ocr_line' id='line_1_38' title="bbox 135 3913 1236 3984; baseline 0 -20"><span class='ocrx_word' id='word_1_326' title='bbox 135 3918 191 3964; x_wconf 91' lang='lat' dir='ltr'><strong>ictu</strong></span> <span class='ocrx_word' id='word_1_327' title='bbox 212 3922 239 3962; x_wconf 89' lang='lat' dir='ltr'><strong>et</strong></span> <span class='ocrx_word' id='word_1_328' title='bbox 258 3914 316 3964; x_wconf 89' lang='lat' dir='ltr'><strong>sine</strong></span> <span class='ocrx_word' id='word_1_329' title='bbox 336 3913 445 3967; x_wconf 86' lang='lat' dir='ltr'><strong>honoris</strong></span> <span class='ocrx_word' id='word_1_330' title='bbox 461 3916 548 3967; x_wconf 85' lang='lat' dir='ltr'><strong>studio</strong></span> <span class='ocrx_word' id='word_1_331' title='bbox 561 3931 624 3966; x_wconf 86' lang='lat' dir='ltr'><strong>usus</strong></span> <span class='ocrx_word' id='word_1_332' title='bbox 639 3914 783 3964; x_wconf 85' lang='lat' dir='ltr'><strong>occasione</strong></span> <span class='ocrx_word' id='word_1_333' title='bbox 802 3921 829 3964; x_wconf 90' lang='lat' dir='ltr'><strong>et</strong></span> <span class='ocrx_word' id='word_1_334' title='bbox 847 3913 936 3978; x_wconf 87' lang='lat' dir='ltr'><strong>rebus,</strong></span> <span class='ocrx_word' id='word_1_335' title='bbox 955 3931 1041 3982; x_wconf 89' lang='lat' dir='ltr'><strong>paene</strong></span> <span class='ocrx_word' id='word_1_336' title='bbox 1059 3919 1118 3984; x_wconf 81' lang='lat' dir='ltr'><strong>regi</strong></span> <span class='ocrx_word' id='word_1_337' title='bbox 1138 3914 1236 3981; x_wconf 82' lang='lat' dir='ltr'><strong>duplex</strong></span> 
     </span>
     <span class='ocr_line' id='line_1_39' title="bbox 135 3984 1236 4054; baseline -0.002 -19"><span class='ocrx_word' id='word_1_338' title='bbox 135 3984 236 4036; x_wconf 89' lang='lat' dir='ltr'><strong>bellum</strong></span> <span class='ocrx_word' id='word_1_339' title='bbox 256 3986 354 4034; x_wconf 88' lang='lat' dir='ltr'><strong>nudato</strong></span> <span class='ocrx_word' id='word_1_340' title='bbox 372 3985 419 4036; x_wconf 89' lang='lat' dir='ltr'><strong>tali</strong></span> <span class='ocrx_word' id='word_1_341' title='bbox 438 3988 634 4054; x_wconf 83' lang='lat' dir='ltr'><strong>pugnacissime</strong></span> <span class='ocrx_word' id='word_1_342' title='bbox 656 3986 776 4034; x_wconf 89' lang='lat' dir='ltr'><strong>exercitu</strong></span> <span class='ocrx_word' id='word_1_343' title='bbox 796 3999 844 4049; x_wconf 95' lang='lat' dir='ltr'><strong>pro</strong></span> <span class='ocrx_word' id='word_1_344' title='bbox 864 3986 987 4051; x_wconf 88' lang='lat' dir='ltr'><strong>simplice</strong></span> <span class='ocrx_word' id='word_1_345' title='bbox 1003 3990 1138 4039; x_wconf 85' lang='lat' dir='ltr'><strong>excitavit.</strong></span> <span class='ocrx_word' id='word_1_346' title='bbox 1177 4000 1236 4034; x_wconf 90' lang='lat' dir='ltr'><strong>cum</strong></span> 
     </span>
     <span class='ocr_line' id='line_1_40' title="bbox 137 4056 1237 4129; baseline -0.002 -24"><span class='ocrx_word' id='word_1_347' title='bbox 137 4057 206 4105; x_wconf 87' lang='lat' dir='ltr'><strong>enim</strong></span> <span class='ocrx_word' id='word_1_348' title='bbox 233 4071 426 4120; x_wconf 82' lang='lat' dir='ltr'><strong>saepenumero</strong></span> <span class='ocrx_word' id='word_1_349' title='bbox 452 4065 630 4123; x_wconf 84' lang='lat' dir='ltr'><strong>provocarent</strong></span> <span class='ocrx_word' id='word_1_350' title='bbox 650 4071 709 4105; x_wconf 90' lang='lat' dir='ltr'><strong>eum</strong></span> <span class='ocrx_word' id='word_1_351' title='bbox 737 4056 827 4107; x_wconf 87' lang='lat' dir='ltr'><strong>hostes</strong></span> <span class='ocrx_word' id='word_1_352' title='bbox 848 4071 937 4123; x_wconf 87' lang='lat' dir='ltr'><strong>neque</strong></span> <span class='ocrx_word' id='word_1_353' title='bbox 961 4057 1010 4126; x_wconf 82' lang='lat' dir='ltr'><strong>ille</strong></span> <span class='ocrx_word' id='word_1_354' title='bbox 1034 4064 1190 4129; x_wconf 82' lang='lat' dir='ltr'><strong>sequeretur</strong></span> <span class='ocrx_word' id='word_1_355' title='bbox 1208 4063 1237 4104; x_wconf 90' lang='lat' dir='ltr'><strong>ut</strong></span> 
     </span>
     <span class='ocr_line' id='line_1_41' title="bbox 139 4126 1237 4196; baseline -0.001 -20"><span class='ocrx_word' id='word_1_356' title='bbox 139 4127 281 4178; x_wconf 86' lang='lat' dir='ltr'><strong>excederet</strong></span> <span class='ocrx_word' id='word_1_357' title='bbox 301 4127 366 4177; x_wconf 86' lang='lat' dir='ltr'><strong>urbe</strong></span> <span class='ocrx_word' id='word_1_358' title='bbox 390 4128 528 4192; x_wconf 81' lang='lat' dir='ltr'><strong>Melitene,</strong></span> <span class='ocrx_word' id='word_1_359' title='bbox 549 4142 695 4196; x_wconf 87' lang='lat' dir='ltr'><strong>quanquam</strong></span> <span class='ocrx_word' id='word_1_360' title='bbox 715 4126 823 4189; x_wconf 70' lang='lat' dir='ltr'><strong>milites⁴</strong></span> <span class='ocrx_word' id='word_1_361' title='bbox 841 4129 926 4193; x_wconf 90' lang='lat' dir='ltr'><strong>parati</strong></span> <span class='ocrx_word' id='word_1_362' title='bbox 946 4137 1021 4180; x_wconf 89' lang='lat' dir='ltr'><strong>erant</strong></span> <span class='ocrx_word' id='word_1_363' title='bbox 1039 4145 1098 4179; x_wconf 91' lang='lat' dir='ltr'><strong>cum</strong></span> <span class='ocrx_word' id='word_1_364' title='bbox 1116 4129 1150 4178; x_wconf 90' lang='lat' dir='ltr'><strong>iis</strong></span> <span class='ocrx_word' id='word_1_365' title='bbox 1169 4138 1237 4175; x_wconf 90' lang='lat' dir='ltr'><strong>con-</strong></span> 
     </span>
     <span class='ocr_line' id='line_1_42' title="bbox 139 4198 1238 4268; baseline 0 -22"><span class='ocrx_word' id='word_1_366' title='bbox 139 4199 224 4264; x_wconf 81' lang='lat' dir='ltr'><strong>gredi,</strong></span> <span class='ocrx_word' id='word_1_367' title='bbox 244 4207 385 4266; x_wconf 86' lang='lat' dir='ltr'><strong>postquam</strong></span> <span class='ocrx_word' id='word_1_368' title='bbox 405 4198 445 4250; x_wconf 90' lang='lat' dir='ltr'><strong>illi</strong></span> <span class='ocrx_word' id='word_1_369' title='bbox 465 4201 591 4252; x_wconf 88' lang='lat' dir='ltr'><strong>viderunt</strong></span> <span class='ocrx_word' id='word_1_370' title='bbox 609 4207 715 4250; x_wconf 82' lang='lat' dir='ltr'><strong>tenuem</strong></span> <span class='ocrx_word' id='word_1_371' title='bbox 737 4201 910 4251; x_wconf 88' lang='lat' dir='ltr'><strong>constantiam</strong></span> <span class='ocrx_word' id='word_1_372' title='bbox 930 4202 1113 4268; x_wconf 87' lang='lat' dir='ltr'><strong>(tenuitatem)</strong></span> <span class='ocrx_word' id='word_1_373' title='bbox 1134 4199 1192 4248; x_wconf 90' lang='lat' dir='ltr'><strong>cius</strong></span> <span class='ocrx_word' id='word_1_374' title='bbox 1212 4202 1238 4246; x_wconf 89' lang='lat' dir='ltr'><strong>ct</strong></span> 
     </span>
     <span class='ocr_line' id='line_1_43' title="bbox 139 4262 1237 4341; baseline 0.004 -21"><span class='ocrx_word' id='word_1_375' title='bbox 139 4268 307 4321; x_wconf 84' lang='lat' dir='ltr'><strong>timiditatem</strong></span> <span class='ocrx_word' id='word_1_376' title='bbox 323 4277 349 4321; x_wconf 91' lang='lat' dir='ltr'><strong>et</strong></span> <span class='ocrx_word' id='word_1_377' title='bbox 361 4269 427 4322; x_wconf 88' lang='lat' dir='ltr'><strong>belli</strong></span> <span class='ocrx_word' id='word_1_378' title='bbox 442 4271 609 4338; x_wconf 80' lang='lat' dir='ltr'><strong>imperitiam,</strong></span> <span class='ocrx_word' id='word_1_379' title='bbox 627 4285 675 4338; x_wconf 94' lang='lat' dir='ltr'><strong>per</strong></span> <span class='ocrx_word' id='word_1_380' title='bbox 695 4269 756 4322; x_wconf 89' lang='lat' dir='ltr'><strong>loca</strong></span> <span class='ocrx_word' id='word_1_381' title='bbox 770 4272 863 4341; x_wconf 74' lang='lat' dir='ltr'><strong>ignota</strong></span> <span class='ocrx_word' id='word_1_382' title='bbox 881 4269 997 4336; x_wconf 69' lang='lat' dir='ltr'><strong>ingressi</strong></span> <span class='ocrx_word' id='word_1_383' title='bbox 1015 4262 1084 4339; x_wconf 74' lang='lat' dir='ltr'><strong>r&#39;egii</strong></span> <span class='ocrx_word' id='word_1_384' title='bbox 1105 4269 1237 4324; x_wconf 81' lang='lat' dir='ltr'><strong>exercitus</strong></span> 
     </span>
    </p>
   </div>
   <div class='ocr_carea' id='block_1_5' title="bbox 0 0 1465 4734">
    <p class='ocr_par' dir='ltr' id='par_1_12' title="bbox 0 0 1465 4734">
     <span class='ocr_line' id='line_1_44' title="bbox 0 0 1465 4734; baseline 0 0"><span class='ocrx_word' id='word_1_385' title='bbox 0 0 1465 4734; x_wconf 95' lang='lat' dir='ltr'><strong> </strong></span> 
     </span>
    </p>
   </div>
  </div>
 </body>
</html>
