2875 4734
593 227 801 300 armonia.
1171 227 1244 302 168

147 391 252 456 ἳππων
266 390 553 474 ε’ποινοιστρέφουτες
567 391 611 474 μή
626 394 705 456 ἰδεῖν
727 390 783 457 τόν
792 393 938 474 βασιλέα,
951 394 985 456 τί
1005 394 1140 475 γέγονεν,
1161 394 1246 476 ἔροι-

145 490 280 571 τιόμενοι
299 490 517 571 ἀπεκρίναντο.
564 497 620 556 καί
651 484 690 576 ἧν
714 489 842 574 σεισμός
872 483 936 566 οἷος
958 492 1014 556 κατ’
1034 490 1173 577 ὀδυρμὸς
1191 494 1248 556 καί
1311 518 1314 523 ’

147 587 240 667 πόνος
262 593 317 656 καί
338 589 438 676 φόβος
460 591 623 678 οἷκίχητος,
647 591 701 656 καί
724 592 743 675 ή
764 590 849 668 κόνις
865 593 1019 676 αἰθέριος,
1041 592 1096 658 καί
1107 597 1195 668 τέλος
1216 589 1246 656 οῖ

150 694 286 775 Τοῦρκοι
316 689 517 774 πανταχόθεν
539 688 615 776 ήμΐν
638 698 867 778 περιρρέοντες.
920 687 997 758 όθεν
1025 696 1080 758 καί
1100 689 1144 766 ὥς
1163 684 1247 773 εἶχεν

120 792 275 867 5ἓκαοτος
296 790 396 875 όρμής
411 785 432 874 ή
453 795 594 876 σπουδῆς
610 786 631 876 ή
646 798 770 889 ἰσχύος,
791 797 878 880 φυγῇ
888 795 946 878 τήν
959 789 1074 860 ἑαυτοῦ
1086 791 1246 876 σωτηρίαν

147 894 340 957 ἐπίστευσεν.
384 887 414 954 οἱ
429 893 457 956 δ’
475 895 610 958 ἐναντίοι
632 895 766 960 κατόπιν
786 893 953 970 διώκοντες
968 891 1024 970 οδς
1040 896 1099 976 μὲν
1122 895 1247 957 α’νεῖλον

147 988 205 1068 σός
233 993 267 1054 δὲ
297 994 417 1080 ζωγρίᾳ
447 985 551 1076 εἶλον,
586 989 713 1080 ἑτέρους
741 998 776 1060 δὲ
812 994 1022 1061 συνεπάτουν.
1072 992 1128 1060 καί
1152 985 1191 1074 ήν
1212 990 1249 1058 τό

146 1093 279 1175 πρᾶγμα
301 1089 372 1156 λίαν
393 1093 554 1160 ἐπώδυνον
575 1094 630 1160 καί
649 1095 752 1160 πάντα
765 1100 884 1179 θρῆνον
902 1092 1102 1180 όπερβόλλον
1123 1092 1178 1157 καί
1192 1117 1248 1157 κο-

146 1187 251 1257 πετόν.
295 1196 328 1256 τί
345 1192 405 1276 χόρ
430 1193 638 1278 ἐλεεινότερον
667 1199 726 1261 τοῦ
745 1194 958 1277 στρατόπεδον
981 1191 1066 1261 όπαν
1085 1193 1248 1278 βασιλικόν

103 1296 235 1378 1θφυγῇ
260 1297 316 1357 καί
337 1289 412 1382 ήττη
433 1294 518 1377 παρὰ
549 1296 724 1379 βαρβάρων
747 1293 973 1381 α’πανθροόπων
1003 1301 1058 1362 καί
1077 1295 1248 1378 α’πατόμων
1287 1374 1291 1382 ‚

36 1473 41 1490 x
132 1391 358 1475 ε’λαόντοθαι,
381 1398 436 1458 καί
460 1393 512 1460 τόν
540 1401 675 1478 βασιλέα
697 1401 906 1482 βαρβαρικοῖς
935 1391 1043 1472 ὅπλοις
1070 1397 1249 1482 ἀβοήθητον

149 1493 435 1577 περιεστοιχίσθσι,
456 1499 511 1562 καί
529 1495 587 1572 τός
607 1503 792 1580 βασιλείους
814 1497 931 1584 σκηνοὶς
952 1501 1007 1561 καί
1023 1497 1080 1574 τοὶς
1100 1495 1249 1582 ήχεμονι-

148 1595 206 1669 τὰς
230 1591 297 1674 ἅμα
315 1597 369 1660 καί
388 1596 618 1683 στρατιωτικός
633 1597 696 1662 sirici
719 1596 868 1664 τοιοότοον
883 1599 1009 1683 α’νδρῶν
1029 1598 1249 1683 κυριεόεοθαι,

149 1696 204 1760 καί
225 1687 310 1760 ἅπαν
333 1695 507 1762 οἶνόστατον
520 1697 556 1763 τό
576 1695 754 1781 Ῥωμαϊκόν
775 1703 989 1784 καθορᾶσθαι,
1013 1698 1069 1764 καί
1081 1703 1249 1783 βασιλείαν

104 1797 183 1862 15όν
204 1799 323 1880 οἶκαρεῖ
345 1807 506 1868 κατανοεῖν
527 1802 765 1881 συμπεσοῦσαν.

248 1900 321 1962 Καί
337 1897 376 1962 τὰ
396 1901 456 1980 μὲν
482 1903 542 1963 τοῦ
571 1903 684 1964 λοιποῦ
714 1898 856 1983 πλήθους
886 1906 920 1974 ἒν
947 1901 1091 1978 τούτοις·
1122 1904 1188 1968 τὸν
1212 1906 1248 1968 δέ

147 2001 283 2080 βασιλέα
303 2002 595 2083 περιστοιχίσαντος
625 1997 654 2064 οἱ
688 2005 834 2082 πολέμιοι
865 2002 921 2066 ουίι
943 2003 1132 2086 εόχείρωτον
1153 2000 1249 2085 ἔσχον

148 2097 258 2186 εδθός,
282 2099 351 2164 ἀλλ’
373 2091 431 2164 ότι
451 2098 649 2185 στρατιώτης
665 2105 721 2165 κατ’
733 2105 904 2187 πολεμικῆς
923 2102 1087 2186 ἐμπειρίας
1110 2090 1257 2186 εἰδήμοον

149 2201 205 2262 καί
227 2199 383 2276 κινδύνοις
406 2203 642 2284 προσομιλήσας
665 2207 805 2283 πολλοῖς,
829 2204 988 2286 καρτεροῖς
1009 2199 1153 2284 η’μόνατο
1173 2201 1248 2277 τοός

102 2299 422 2384 acsemminster,
453 2302 508 2366 καί
532 2301 668 2377 πολλοός
698 2301 818 2368 α’νελοόν
841 2306 928 2377 τέλος
956 2303 1074 2387 ἐπλήγη
1095 2289 1262 2392 φασγόνρν

147 2401 204 2486 τήν
221 2410 337 2486 χεῖρα,
370 2406 430 2466 τοῦ
453 2427 488 2468 τε
515 2401 612 2467 ἵππου
642 2408 750 2485 βέλεσι
768 2408 1066 2478 κατακοντισθέντος
1097 2406 1132 2468 ἐκ
1154 2402 1250 2480 ποδός

146 2502 331 2588 μαχόμενος
359 2502 479 2571 ἵστατο.
523 2503 634 2586 καμοόν
657 2507 688 2570 δ’
713 2500 799 2587 ὅμως
819 2502 910 2589 ’πρός
932 2501 1070 2590 ἑσπέραν
1088 2503 1250 2586 ἁλώσιμος

148 2606 204 2669 καί
223 2602 429 2690 ὑπόσπονδος,
450 2609 515 2695 φεῦ
536 2611 595 2701 τοῦ
616 2605 749 2689 πόθους,
771 2608 902 2690 ἐγένετο.
945 2611 1001 2672 καί
1023 2611 1061 2694 τῇ
1082 2608 1142 2689 μὲν
1161 2603 1252 2674 νυκτί

151 2908 330 2976 sponderent:
360 2915 438 2976 atque
464 2919 521 2964 erat
544 2911 708 2978 perturbatio
736 2919 860 2977 tanquam
887 2919 913 2961 et
936 2909 1054 2961 ululatus
1081 2918 1107 2960 et
1125 2909 1202 2960 labor
1224 2915 1251 2959 et

152 2979 216 3048 luga
243 2980 348 3046 rapida:
374 2980 463 3048 pulvis
489 2985 520 3035 ad
557 2982 661 3033 coelum
689 2981 852 3043 tollebatur,
880 2987 960 3046 atquc
989 2987 1123 3045 postremo
1150 2979 1251 3029 Turcae

150 3052 268 3119 undique
287 3051 364 3104 uobis
384 3051 618 3104 circumfluebant:
648 3049 819 3118 quamobrem
844 3050 922 3099 etiam
947 3051 1060 3116 quisque
1079 3064 1126 3113 pro
1149 3048 1251 3102 viribus
1321 3071 1327 3080 ·

150 3122 196 3174 vel
217 3122 356 3176 celeritate
374 3124 420 3177 vel
440 3124 533 3188 opibus
557 3123 637 3188 lugae
657 3120 769 3172 salutem
789 3119 991 3170 commendavit.
1038 3119 1128 3169 hostcs
1148 3133 1213 3169 veru
1234 3135 1252 3170 α

150 3201 228 3262 tergo
246 3197 419 3262 insequentes
437 3193 505 3244 alios
530 3191 734 3253 interfecerunt,
754 3189 821 3239 alios
847 3190 926 3242 vivos
948 3197 1086 3255 ceperunt,
1104 3188 1173 3240 alius
1192 3190 1251 3240 cal.

151 3273 261 3318 carnut:
282 3274 362 3333 atque
381 3271 438 3314 erat
454 3277 498 3312 res
517 3261 595 3312 nimis
613 3261 697 3312 tristis
727 3261 851 3327 omnique
876 3260 950 3323 luctu
978 3276 1008 3312 ac
1028 3259 1136 3328 planctu
1157 3263 1249 3314 maior.

91 3381 94 3389 ,
151 3336 214 3403 quid
233 3339 302 3387 enim
321 3335 445 3386 miserius
465 3346 541 3400 quam
572 3333 719 3383 exercitum
738 3345 841 3383 omnem
865 3333 968 3400 regium
991 3334 1018 3384 iu
1036 3333 1125 3400 lugam
1145 3340 1172 3383 ct
1192 3335 1250 3386 cla.

150 3407 208 3458 dem
228 3423 244 3456 a
262 3405 382 3458 barbaris
401 3401 549 3455 inhumanis
570 3411 596 3454 ct
615 3402 767 3456 crudelibus
789 3402 856 3470 pelli
877 3413 903 3455 et
921 3419 1013 3472 regem
1031 3405 1150 3456 barbaris
1170 3407 1250 3456 armis

150 3477 251 3544 absque
271 3475 380 3528 auxiliis
400 3474 588 3527 circumdatum
609 3491 667 3527 esse
686 3484 712 3526 ct
730 3476 803 3543 regis
822 3476 971 3543 ducumque
992 3477 1107 3527 tentoria
1125 3474 1204 3525 simul
1219 3482 1251 3526 ct

148 3545 264 3597 militum
282 3545 381 3597 talibus
400 3546 432 3597 ab
452 3545 602 3600 bominibus
615 3550 766 3616 expugnata
785 3562 854 3612 esse,
868 3564 945 3616 quam
960 3549 1046 3597 emnia
1065 3546 1165 3598 Graeca
1184 3561 1250 3610 per.

150 3615 255 3668 turbata
273 3632 438 3686 regnumque
456 3617 534 3671 brevi
552 3617 686 3686 lapsurum
705 3621 817 3672 videre:
837 3627 916 3688 atquc
937 3617 1056 3684 reliquus
1074 3615 1180 3683 quidem
1200 3631 1250 3669 ex.

150 3688 249 3740 ercitus
269 3689 306 3738 ita
320 3704 353 3740 se
372 3687 495 3742 babebat.

249 3777 349 3844 Regem
370 3794 436 3830 rere
456 3780 698 3832 circumvenientes
725 3779 816 3832 hostes
833 3793 887 3830 nun
906 3775 1072 3828 tractabilem
1090 3778 1252 3832 invenerunt

148 3849 242 3902 illices
261 3849 309 3902 sed
327 3857 356 3900 ut
373 3850 451 3904 miles
472 3859 499 3902 et
517 3851 700 3918 experientiae
724 3850 842 3902 bellicae
860 3849 962 3915 peritus
988 3848 1168 3919 periculisque
1186 3864 1250 3903 usus

147 3919 239 3973 multis
269 3922 458 3988 aggredientes
494 3930 604 3974 strenue
627 3923 726 3973 arcuit:
760 3919 905 3986 multisque
930 3920 1079 3974 interfectis
1115 3930 1250 3989 postremo

150 3993 218 4044 ictus
240 4000 281 4046 est
299 3991 389 4060 gladio
408 3995 436 4044 iu
454 4009 531 4046 manu
552 4002 579 4046 et
598 4008 667 4059 equo
687 3992 750 4043 telis
769 3992 874 4043 deiectu
893 3992 975 4058 pedes
993 3995 1131 4061 pugnavit.
1169 3991 1248 4042 dela.

149 4064 246 4132 ligatus
265 4071 352 4115 tamen
371 4065 403 4116 ad
421 4079 563 4132 vesperum
589 4063 759 4132 (miserabile
787 4063 890 4132 dictul]
909 4062 958 4116 sub
982 4062 1178 4118 conditionibus
1197 4064 1247 4118 de-

150 4136 255 4189 diticius
284 4135 370 4190 lactus
399 4145 448 4192 est.
470 4175 473 4182 .
495 4143 574 4205 atque
599 4143 679 4188 noete
705 4135 811 4204 quidem
829 4134 878 4186 illa
896 4143 925 4187 ut
951 4135 1026 4202 vulgi
1043 4132 1140 4199 aliquis
1158 4142 1248 4190 terrae
