2875 4734
204 326 206 330 .
228 250 253 321 8
511 245 729 321 attendatis
767 246 1025 318 ambulotlltt

230 414 376 502 ἔφαμεν,
401 409 624 498 εἰσενηνοχότα
654 409 709 495 την
731 412 968 496 χρησιμότητα,
1000 412 1189 478 διδασκαλία
1217 411 1329 498 σαφὴς

229 519 467 602 χρηματίζοντα
491 514 546 576 καί
567 510 696 599 ῥυθμός
718 517 781 578 τῶν
801 517 982 595 μετέπειτα,
1003 512 1081 597 πρὸς
1100 513 1234 599 μίμησιν
1256 514 1334 579 ότι-

228 617 315 700 χνιός
336 617 465 680 ἕλκοντα
488 617 550 677 τῶν
573 605 609 677 eei
619 613 622 619 ’
634 617 878 696 διακεκριμένων
897 611 951 677 καέ
961 611 1334 698 α’ποτροπῂντῶνυέσυμ-
1421 670 1423 697 ,

228 713 351 799 βοόλως
372 717 612 792 καλ-δυσκλεῶς
638 719 867 798 πεπραγμένων
889 713 922 778 ἐν
943 719 1093 795 πολέμοις
1122 713 1177 778 aaa*
1209 713 1335 799 μόχαις

229 821 284 881 καί
303 811 706 899 λοιποῖςέναγκαιοτότοις
730 816 956 898 ἐπιχειρήμασι
978 814 1035 877 καί
1049 813 1262 898 προβλήμασι.
1285 813 1360 881 dado
1421 870 1422 881 ,

229 914 268 1002 δὴ
293 915 379 994 ἔδοξε
404 918 520 998 κιέμοέ,
552 917 655 980 καίτοι
684 920 817 998 μυρίαις
850 917 1017 998 α’σχολέαις
1042 914 1173 980 α’λόοντι
1195 917 1269 998 περὶ
1293 909 1330 980 τό

229 1014 446 1099 στρατόπεδον
469 1016 523 1080 καί
543 1021 736 1090 δικαστικοῖς
760 1012 920 1100 διαλόγοις
941 1015 993 1080 α’τί
1012 1017 1335 1104 περιδονουμένῳκαί
1410 1009 1415 1014 ’

230 1110 303 1180 ὅσαι
327 1107 410 1199 ὧραι
433 1127 497 1192 τοῖς
521 1122 553 1196 ἐξ
572 1117 679 1182 αέτοῖν
702 1115 932 1198 συγγράμμασι
957 1115 1129 1196 κάμνοντι,
1148 1113 1332 1200 προσθήκην

229 1220 403 1302 ἐμποιῆσαι
425 1226 488 1292 τοῖς
511 1214 616 1291 πόνοις
640 1221 694 1280 καί
711 1213 811 1299 μικροὶ
834 1207 915 1281 ἅττα
938 1219 1101 1299 διαλαβεῖν
1128 1221 1250 1301 βραχεῖ
1267 1241 1330 1281 τινι

230 1312 351 1402 ῥήματι
373 1318 428 1380 καί
450 1311 610 1404 ἁπλοῖκρλ,
642 1315 727 1382 καθα
750 1317 901 1398 προσήκει
925 1326 991 1391 τοῖς
1015 1315 1155 1400 ἱστορίας
1187 1313 1331 1398 συγγροὶ-
1340 1330 1373 1383 10

231 1439 370 1501 φουσιυ,
402 1412 450 1481 ὅτι
471 1415 515 1500 μη
544 1411 750 1500 υἷγωνιστικός
773 1415 790 1478 ό
811 1414 902 1500 λόγος
924 1420 979 1481 καί
999 1414 1052 1480 διό
1072 1418 1164 1481 τοῦτο
1184 1415 1329 1496 μεθόδου

232 1515 463 1599 προσδεόμενος
487 1522 657 1599 τεχνικῆς,
689 1517 757 1579 ἀλλ’
789 1512 944 1599 ἱστορικός
976 1521 1030 1581 καί
1053 1515 1184 1602 διπλόης
1207 1515 1345 1598 ἐπέδης’
1421 1574 1422 1593 ,

230 1614 285 1679 καί
306 1617 529 1700 υἷκαιρολογιάς
552 1610 733 1698 α’νοότερος,
764 1620 839 1700 περὶ
868 1607 913 1681 ὧν
944 1618 1001 1682 onix
1032 1618 1111 1704 ἀκοῇ
1132 1615 1187 1680 καί
1211 1619 1331 1696 μόδοις
1421 1606 1422 1625 ³

121 1770 126 1782 .
229 1712 342 1798 ἐτέρων
367 1721 557 1799 παρέλαβον,
571 1717 639 1782 αλλ’
662 1710 706 1782 τόν
729 1715 828 1792 ου’τός
851 1716 1011 1801 αὐτόπτης
1023 1721 1078 1781 καί
1099 1716 1218 1800 θεατὴς
1233 1719 1334 1800 ἐχρη-

228 1814 361 1899 petraea,
384 1816 437 1880 ἵνα
457 1819 502 1902 μή
526 1812 627 1904 λη’δης
646 1815 824 1902 βυθοῖςδιοὶ
851 1820 906 1901 τῆς
927 1821 985 1883 τοῦ
1003 1818 1122 1901 χρόνου
1147 1818 1332 1900 παραρροῆς
1342 1831 1374 1883 15

225 1913 268 1982 τό
291 1917 385 2000 λόγου
408 1921 463 1982 καί
486 1913 560 1999 ἄξια
584 1925 813 2004 συγχωσθεϊεν,
834 1917 915 1984 α’λλόι
938 1917 994 2002 την
1015 1916 1143 2003 μνήμην
1167 1916 1330 1981 deotmot»
1421 1907 1423 1977 J

228 2016 359 2102 ἔχωσιν.
1119 2101 1123 2107 .

108 2156 133 2197 ῃ,
155 2140 223 2199 1034
322 2112 416 2203 ²‘Apu
440 2119 479 2186 τό
492 2119 658 2203 Ῥωμαίων
675 2124 819 2205 σκῆπτρα
841 2124 1002 2195 διέποντος
1023 2123 1082 2184 τοῦ
1099 2123 1155 2203 τῆς
1177 2119 1331 2200 ου’σιβοός

92 2214 134 2267 ¹¹·
144 2214 222 2285 Allil
232 2217 347 2305 λήξεως
367 2225 523 2303 βασιλέως
550 2222 696 2307 Μιχαὴλ,
719 2213 745 2310 ᾧ
768 2222 881 2305 πατρίς
904 2222 1003 2305 ἦταῖν
1028 2215 1256 2306 Παφλαγόνων
1277 2222 1333 2303 ἐγ·
1421 2236 1422 2239 ’

176 2371 178 2380 ,
229 2327 381 2407 νωρέζετο
409 2322 574 2408 ἐπαρχία,
609 2311 850 2410 devindemia,
872 2322 906 2390 τό
937 2327 999 2388 τῶν
1027 2323 1209 2406 Ἀγαρηνῶκ
1231 2321 1372 2408 φῦλονγρ

231 2421 310 2506 πρός
331 2421 469 2508 ἑσπέραν
491 2429 523 2489 ἐν
543 2429 670 2512 Σικελίᾳ
693 2434 854 2500 ναυτικαῖς
877 2447 908 2488 τε
933 2427 989 2490 καί
1009 2425 1152 2502 πεζικαῖς
1162 2423 1330 2503 Ῥωμαίων
1418 2465 1423 2520 η

300 2609 326 2733 {⁸
347 2608 426 2732 έλκην
444 2609 474 2663 0.
599 2609 625 2659 8.
644 2604 791 2681 τέμνοντα
810 2607 840 2662 0.
965 2607 998 2663 14
1015 2609 1136 2679 ἑταίραν
1154 2603 1192 2660 Ga
1211 2598 1349 2659 corraxlt'

324 2696 390 2733 tune
403 2696 444 2734 ns.

229 2835 413 2888 victorialem
426 2834 550 2886 arridere
569 2842 661 2888 coacta
681 2845 754 2888 esset
770 2838 814 2902 iis,
835 2838 987 2891 deleverint
1013 2836 1140 2889 meliores
1166 2849 1247 2903 spes,
1273 2851 1328 2890 nou

231 2907 375 2974 prudenter
393 2905 434 2956 usi
454 2905 568 2958 casibus.
607 2905 673 2959 haec
698 2909 781 2976 igitur
799 2925 850 2977 per
869 2909 1006 2962 historiam
1023 2909 1146 2971 detecta,
1172 2923 1231 2959 cum
1255 2908 1328 2960 mul.
1421 2944 1422 2961 ι

230 2985 291 3039 tam,
312 2985 342 3027 nt
361 2977 484 3039 diximus,
504 2977 644 3030 attulerint
662 2978 822 3043 utilitatem,
841 2981 973 3032 institutio
993 2980 1141 3047 sapientiae
1167 2987 1209 3030 est
1233 2979 1257 3029 ei
1281 2981 1328 3047 qui
1421 3020 1422 3051 η

230 3047 309 3100 rebus
328 3049 436 3098 summis
460 3057 583 3113 praeest,
610 3058 636 3101 et
661 3051 809 3103 moderatio
832 3052 948 3119 posteris
975 3052 1150 3103 imitationem
1172 3051 1327 3102 necessario
1421 3060 1422 3063 ’

231 3120 350 3170 excitans
369 3119 438 3169 bene
457 3118 660 3172 diiudicatorum
681 3129 707 3172 et
729 3124 899 3174 aversionem
919 3137 1026 3186 eorum,
1051 3136 1120 3190 quae
1146 3120 1327 3188 imprudenter
1421 3166 1422 3183 ,

230 3197 257 3242 et
275 3190 333 3241 sine
352 3189 440 3258 gloria
459 3199 535 3258 gesta
555 3193 616 3242 shut
633 3193 660 3242 in
679 3191 760 3244 hellis
775 3201 802 3244 et
820 3192 931 3260 proeliis
952 3199 978 3244 et
993 3194 1091 3245 ceteris
1104 3193 1217 3243 maxime
1229 3207 1328 3245 neces«.
1421 3192 1423 3253 fi

228 3260 430 3326 sariisinceptis
446 3267 472 3312 et
480 3261 688 3314 difficultatibus.
709 3272 853 3330 propterea
866 3265 947 3332 igitur
966 3265 1052 3315 visum
1073 3271 1113 3314 est
1131 3262 1195 3313 mihi
1210 3276 1327 3330 quoque,
1421 3316 1422 3333 χ

228 3330 294 3382 licet
312 3330 550 3383 innumerabilibus
568 3334 685 3402 negotiis
704 3335 809 3386 turbato
828 3335 869 3386 rei
884 3333 1004 3386 militaris
1016 3343 1043 3386 et
1061 3334 1207 3386 iudiciariis
1215 3341 1327 3385 contro.

229 3402 326 3453 remiis
346 3403 461 3453 excitato
474 3410 501 3453 et
518 3402 627 3455 multum
646 3413 750 3472 tempus
764 3407 863 3473 scripta
876 3403 967 3456 talium
977 3420 1064 3457 reram
1079 3403 1221 3468 laboranti,
1231 3419 1327 3456 acces.
1421 3470 1422 3473 Ἴ

230 3473 331 3524 sionem
352 3472 442 3524 iacere
461 3473 598 3525 laboribus
618 3484 645 3526 et
663 3490 749 3542 pauca
768 3477 896 3544 quaedam
915 3476 1143 3542 comprehendere
1162 3475 1238 3527 brevi
1256 3489 1326 3542 quo.

230 3543 287 3595 dam
308 3544 436 3595 orationis
455 3561 556 3614 genere
576 3555 602 3597 ct
620 3547 736 3613 simplici
757 3549 810 3615 (uti
829 3547 910 3598 decet
928 3547 1098 3598 historiarum
1118 3548 1263 3613 scriptores
1272 3547 1326 3596 nisi
1421 3558 1422 3607 l

230 3615 315 3665 oratio
335 3615 369 3666 sit
389 3630 404 3664 e
423 3631 524 3684 genere
545 3618 752 3684 disputationum
772 3625 798 3668 et
817 3625 959 3684 propterea
977 3617 1094 3668 methodi
1113 3625 1242 3684 appetens
1259 3617 1327 3667 arti.

229 3686 357 3748 liciosaa,
377 3687 423 3738 sed
443 3687 570 3739 historica
597 3696 624 3739 et
644 3687 804 3739 abundantia
832 3688 902 3739 omni
930 3696 956 3739 et
979 3688 1144 3754 loquacitate
1170 3687 1326 3756 superior),
1421 3716 1422 3719 =

229 3757 262 3808 de
280 3757 324 3821 iis,
345 3773 413 3826 quae
432 3772 485 3808 non
506 3759 584 3811 lando
604 3766 650 3810 aut
669 3759 835 3810 sermonibus
854 3758 967 3811 aliorum
985 3759 1146 3825 acceperim,
1165 3760 1213 3812 sed
1231 3759 1326 3827 qulbus
1421 3768 1422 3777 ¹

229 3828 287 3894 ipse
305 3830 381 3880 testis
405 3836 432 3878 et
450 3821 584 3894 spectlmr
603 3829 787 3894 interfuerim,
806 3845 840 3880 ne
866 3829 1011 3882 oblivionis
1035 3830 1208 3898 voraginibus
1236 3829 1326 3881 llucti.

228 3898 277 3950 bus
296 3901 423 3966 temporis
443 3914 511 3966 quae
529 3902 681 3953 narratione
699 3902 778 3953 etiam
799 3903 878 3969 digna
896 3902 958 3964 sint,
978 3900 1181 3972 confundantur,
1201 3901 1248 3952 sed
1266 3917 1326 3952 me.

135 4022 138 4029 ,
227 3971 338 4021 moriam
357 3968 531 4021 immortalem
549 3973 747 4024 nanciscantur.

327 4053 417 4122 Nuper
436 4057 575 4122 imperium
594 4057 754 4111 Graecorum
772 4069 884 4128 gerente
902 4076 968 4130 rege
987 4057 1259 4126 piamortedefuucto
1273 4061 1326 4112 lli.

231 4122 336 4194 chaale,
356 4128 399 4178 cui
418 4128 503 4196 patria
522 4125 722 4200 Paphlagonum
740 4133 881 4200 provincia
899 4129 1100 4196 nobilitabatur,
1118 4127 1220 4184 bellum
1236 4129 1329 4185 intulit
