2875 4734
47 285 51 294 =
226 221 355 323 τιν’
515 242 734 317 ntentans
766 234 1029 313 ιτιλιισιλιι

226 441 283 504 ρον
306 418 363 499 δέ,
389 410 472 499 μετὰ
493 410 528 478 τό
554 412 741 477 ἐπανελθεῖν
762 407 817 474 τόν
835 408 1035 489 Ῥουσέλιον,
1059 408 1181 478 ποιναίς
1202 403 1336 487 περιπί-

225 543 352 598 πτουσι,
372 515 431 599 τῆς
454 516 540 600 δίκης
560 508 776 595 μετελθούσης
804 506 933 584 αύτούς.

297 614 367 683 Οἱ
390 616 453 681 δ”
438 639 472 680 εν
491 640 528 701 τη
515 606 756 698 βασιλευούσῃ
778 606 963 737 poicadg’
942 608 1137 693 αμφοτέροις
1151 605 1251 681 τοϊς’
1231 629 1332 669 ανακ-

226 717 327 806 τόροις
352 712 596 802 ἐπιστήσαντες,
624 712 667 787 οός
693 714 904 798 προείρηται,
934 710 1125 795 προσέμενον
1143 732 1188 825 τιρ1
1172 690 1332 793 μεγόλιρ

225 824 371 902 τεμένει,
393 842 446 882 και
441 814 635 890 ἐπιστολαῖς
658 817 701 900 aqi
722 809 919 900 Βοτανειότη
942 806 1128 893 δουλικην’
1112 806 1249 925 εχούσας
1271 803 1356 890 crito

226 920 321 1008 ῥῆσιν
339 918 530 1001 ἀνέπεμπον,
551 918 605 981 καί
624 941 683 1000 την
707 908 925 1038 έπιδημιμαν
899 936 943 989 ως
963 914 1043 977 θεοῦ
1063 914 1106 1001 τῷ
1127 901 1196 976 όντι
1216 914 1331 975 ποθει-

225 1025 288 1097 νοός
308 1016 514 1103 έπετοόχυνον.
558 1033 621 1081 και
635 1008 718 1101 ἦσαν
741 1017 794 1079 ε’πί
813 1016 918 1137 rprqt'v
936 1012 1085 1097 ’ἡμέραις
1123 1010 1331 1093 α’βασιλευτον

225 1124 391 1208 τηρούνιες
411 1117 469 1204 την
484 1115 577 1183 πόλιν
597 1142 650 1181 και
673 1108 804 1239 ασυλρν,
827 1117 880 1179 καί
902 1115 998 1178 τούτο
1013 1116 1185 1195 μονονουχὶ
1205 1109 1332 1198 ἐπιφω-

230 1224 356 1296 νούντες
378 1220 513 1309 συχνούς
527 1211 604 1301 όπερ
636 1242 689 1281 και
713 1213 767 1282 έπι
798 1217 856 1280 τού
868 1215 961 1339 εέμού
986 1214 1128 1301 Χριστοῦ
1159 1212 1189 1277 oi
1219 1214 1332 1287 παῖδές

226 1345 299 1387 ποτε
324 1317 406 1402 μετό
436 1317 560 1385 κλύδων
592 1314 768 1404 εύφημουν,
801 1314 837 1381 τό
864 1296 1132 1438 “εύλογημένοςό
1163 1308 1373 1398 έρχόμενοςιθ

226 1448 260 1489 ν
281 1426 409 1505 ονοματι
429 1426 542 1506 κυριου
562 1418 718 1502 βασιλεύς
740 1418 852 1499 εύσεβέ
854 1414 992 1491 στατος”.
1037 1409 1054 1477 ό
1079 1439 1131 1479 και
1127 1408 1333 1534 Ινγαραδοξό

145 1531 149 1536 ‘
227 1547 322 1590 τατον
345 1533 409 1598 τοῖς
432 1517 518 1596 ὅλοις
540 1515 772 1643 διεγινώσκετο,
796 1542 849 1581 και
845 1508 982 1581 ου’δενι
1014 1518 1076 1580 τῶν
1099 1512 1247 1579 ἁπάντων
1285 1512 1330 1587 εἰς

226 1627 342 1709 γνιόσιν
362 1619 559 1738 όλήλυθεν’
539 1648 556 1703 η
581 1618 707 1702 ἱστορία
729 1615 1002 1703 παραδέδωκα*
987 1642 1039 1681 ινα
1062 1613 1247 1735 χηρεύουσα
1269 1617 1333 1695 βα-

227 1720 402 1789 σιλεύουσα
429 1717 520 1797 πόλις
540 1722 713 1841 μηδένα
675 1744 730 1804 της
753 1720 857 1804 ἀρχῆς
878 1722 1038 1803 λογίσηται
1060 1710 1190 1795 ditos*
1168 1743 1186 1798 η
1209 1713 1264 1779 τόν
1279 1717 1335 1799 έρ-

226 1823 360 1905 χόμενον
383 1819 501 1902 ἔξωθεν
529 1844 580 1885 και
611 1818 847 1939 προερχόμενον
876 1817 954 1902 μετὰ
986 1822 1153 1901 βασιλικῆς
1181 1809 1333 1899 πεποιθη.
1343 1821 1376 1873 15

229 1947 321 1999 σεως.
367 1919 443 1988 όθεν
463 1921 519 1988 καί
540 1920 554 1985 ό
576 1916 728 1999 στόλος“
706 1945 802 2002 απας,
824 1915 901 2004 όχρι
925 1922 1112 2004 Πραινέτου
1143 1914 1225 1998 μετοὶ
1254 1940 1334 1980 συν-

229 2025 344 2102 τάξεως
366 2024 588 2103 α’ποπλεύσας,
610 2022 787 2109 εύφημίαις
809 2025 919 2086 τούτου
942 2021 1197 2106 ούρανοβόμοσιν
1219 2017 1334 2099 ἐμεγά-

231 2132 313 2191 λυνε.
357 2127 413 2190 καί
435 2125 548 2192 πολλοὶ
568 2125 633 2187 τῶν
657 2125 690 2187 έν
711 2125 870 2201 ἐξουσίαις
891 2125 1037 2203 πολιτῶν,
1062 2111 1108 2195 οἷς
1131 2122 1162 2185 τό
1187 2120 1333 2201 βαδίζειν

233 2230 288 2292 καί
322 2223 469 2291 δποστόδ
488 2273 497 2291 .
519 2273 527 2290 .
550 2222 708 2316 α’σύνηθες
735 2216 793 2307 η’ν,
831 2227 1057 2308 προτρέχοντες
1085 2212 1162 2306 όιχρι
1194 2222 1334 2291 Νικαίας

232 2323 323 2406 πεζοί
341 2329 394 2416 'aqi
428 2332 558 2410 βασιλεῖ
585 2325 637 2391 τὰ.
654 2328 824 2409 εύαγγέλια
854 2327 982 2410 θερμαῖς
1013 2321 1094 2405 μετὰ
1131 2322 1248 2386 πολλοῦ
1278 2320 1378 2386 sotto

232 2421 398 2510 ἄσθματος
419 2427 643 2515 προηγόρευον,
657 2429 785 2512 μηδένα
807 2426 905 2513 φόβον
925 2430 987 2490 τοῖν
1020 2420 1168 2509 Τούρκοον
1190 2422 1234 2496 εἷς
1260 2422 1334 2485 νούν

231 2527 468 2617 λαμβάνοντες,
498 2528 529 2593 οδ
557 2525 614 2593 τόν
642 2525 676 2592 όν
705 2530 794 2614 μέσῳ
824 2531 930 2609 χούρον
952 2520 1105 2611 σἰγεληδόν
1125 2525 1335 2607 περιέτρεχον.

233 2630 267 2692 έν
289 2630 324 2692 δέ
344 2632 381 2715 τῇ
401 2633 572 2718 Πραινέτιρ
596 2629 895 2713 διαναπαυσόμενος
918 2622 934 2689 ό
957 2624 1110 2710 βασιλεύς
1132 2620 1227 2710 (πρός
1238 2624 1335 2688 έσπέ-

232 2853 365 2908 cidentem
383 2855 575 2923 processerunt
603 2865 630 2910 et
647 2846 790 2911 inveniunt
807 2856 961 2921 Raudium,
982 2857 1028 2924 qui
1052 2851 1201 2907 Heracleae
1218 2856 1270 2905 iam
1288 2853 1334 2905 vi.

234 2928 336 2979 ctoriae
355 2928 388 2979 de
406 2928 567 2981 adversariis
579 2937 732 2997 reportatae
749 2928 848 2997 gratias
860 2928 1036 2982 sacrificaret:
1055 2935 1228 2995 posteaquam
1247 2932 1333 2977 autem

231 2997 358 3084 iiuselius
375 2999 465 3065 rediit,
481 3001 629 3068 inpoenas
648 3001 768 3053 incidunt
789 3000 908 3051 iustitiae
928 3014 974 3052 eos
993 2999 1189 3067 persequentia.

338 3086 390 3150 Qui
409 3094 497 3139 antem
515 3089 542 3138 in
561 3088 627 3141 urbe
647 3096 738 3153 erant,
758 3087 890 3155 praesidia
915 3088 1021 3155 utrique
1039 3088 1132 3156 regiae
1151 3087 1333 3151 imponentes,

231 3165 262 3208 ut
280 3158 378 3209 dictum
397 3166 439 3209 eat
457 3166 548 3224 antea,
566 3160 708 3212 manebant
727 3161 796 3227 apud
815 3174 938 3228 magnum
958 3159 1045 3210 ianum
1073 3166 1099 3210 ct
1125 3156 1251 3223 epistolas
1276 3156 1333 3207 Bo-

232 3230 349 3279 taniatae
367 3228 494 3280 servilem
513 3230 642 3283 babentes
663 3232 806 3283 dictionem
831 3231 981 3293 mittebant,
1002 3237 1029 3280 et
1046 3229 1187 3281 adventum
1210 3236 1333 3294 tanquam

232 3298 277 3349 dei
295 3313 391 3350 revera
412 3302 508 3372 cupido
527 3302 729 3355 accelerabant.
761 3311 787 3353 et
805 3318 853 3369 per
872 3310 926 3353 tres
952 3266 1009 3353 dies
1029 3302 1087 3353 aine
1107 3316 1172 3367 rege
1190 3297 1333 3351 servabant

232 3368 325 3421 urbem
344 3378 371 3421 et
389 3366 559 3438 incolumem,
580 3383 607 3426 ct
625 3373 677 3425 boc
703 3389 790 3440 paene
810 3372 1017 3439 pronuntiabant
1035 3372 1144 3434 crebro,
1164 3369 1235 3435 quod
1255 3371 1333 3420 etiam

231 3456 291 3493 meo
310 3450 431 3508 tempore
452 3443 551 3497 Christi
570 3445 620 3498 filii
639 3461 699 3497 cum
716 3445 796 3495 ramis
823 3443 1008 3495 celebrabant·
1030 3407 1174 3509 „salutaiua
1194 3441 1246 3507 qni
1259 3440 1334 3491 venit

231 3514 340 3565 nomine
357 3502 463 3565 δοιιιὶιιι
480 3532 528 3569 rex
548 3517 715 3584 piissimum:
742 3516 769 3567 id
797 3516 867 3583 quod
888 3516 966 3565 etiam
991 3516 1104 3566 maxime
1122 3515 1333 3578 inexspectatum

231 3586 366 3637 universis
392 3587 604 3655 cognoscebatur
621 3602 710 3654 neque
731 3587 852 3653 cuiquam
878 3586 992 3637 omnium
1012 3587 1039 3637 in
1058 3586 1178 3636 notitiam
1196 3583 1271 3634 venit
1290 3587 1334 3631 aut

232 3657 345 3709 historia
368 3658 490 3724 tradidit,
521 3659 612 3711 orbam
641 3657 734 3710 urbem
760 3673 909 3724 quenquam
932 3658 1044 3723 imperio
1074 3655 1199 3708 babuisse
1225 3653 1333 3721 dignum

232 3728 285 3778 nisi
314 3729 468 3781 venientem
496 3732 662 3782 extrinsecus
698 3736 725 3778 et
752 3729 940 3795 procedentem
967 3744 1025 3778 cunr
1049 3728 1126 3794 regia
1159 3724 1333 3776 confidentia:

233 3812 316 3866 quare
336 3801 414 3850 etiam
434 3799 529 3855 classis
551 3803 635 3863 omnia
652 3815 738 3867 usque
762 3800 794 3850 ad
812 3797 969 3851 Praenctum
998 3799 1090 3849 ordine
1108 3799 1239 3865 navigans
1258 3793 1334 3846 salu-

231 3869 378 3921 tationibus
399 3871 471 3923 hunc
490 3871 653 3925 coelestibus
672 3870 786 3922 tollebat
805 3868 924 3921 etmulti
944 3870 1017 3921 cives
1037 3868 1234 3937 magistratibus
1255 3878 1335 3932 prae-

232 3942 291 4005 diti,
311 3942 358 4009 qui
377 3941 484 4025 longius
511 3943 585 3994 abire
599 3958 661 3994 non
679 3941 818 4006 solebant,
842 3948 1032 4008 procurrentes
1052 3956 1135 4009 usque
1161 3940 1194 3991 ad
1211 3937 1338 3991 Nicaeam

233 4014 338 4079 pedites
360 4014 419 4080 regi
437 4015 558 4064 nuntium
577 4014 675 4066 bonum
699 4012 786 4064 calide
812 4028 869 4063 cum
889 4011 972 4063 multo
998 4012 1095 4063 sudore
1120 4008 1337 4095 pronuntiabant,

234 4082 337 4135 nullum
357 4091 455 4135 metum
480 4082 622 4137 'furcarum
649 4085 735 4136 animo
762 4084 963 4151 concipientes,
990 4085 1035 4149 qui
1062 4084 1231 4135 interiectum
1247 4079 1339 4131 locum

235 4157 367 4224 gregatim
380 4154 580 4225 percursabant
618 4156 743 4239 Praeneti
758 4164 847 4210 autem
860 4156 1003 4226 quiescens
1021 4170 1070 4209 rex
1080 4158 1154 4225 (nam
1170 4151 1340 4207 occidentem
