2875 4734
208 294 280 371 180
500 294 723 370 ntcnautts
751 297 1009 367 intererat

204 461 322 547 πολλήν
351 469 415 538 τοῖς
444 464 683 546 πειραζομένοις
715 462 913 546 παρηγορίαν
944 451 1105 537 tutotuto
1133 448 1213 544 (dep
1246 479 1307 541 γαρ

206 554 245 628 ῦν
268 587 316 638 τις
348 567 403 628 καί
426 562 631 647 πειρασθειή,
654 562 712 626 οὐκ
736 558 776 627 άν
798 570 864 635 τοῖς
896 556 1007 625 τοῦτον
1028 564 1135 633 κακοῖς
1159 580 1308 639 παρισω-

172 665 176 672 ’
203 670 276 751 θείη
308 669 425 750 nord)-
479 663 496 728 ά
523 662 648 747 δὲτὴν
680 667 845 745 βασιλείαν
870 657 1111 744 διαδεξάμενος,
1142 656 1158 721 o‘
1190 660 1306 750 τοῦτου

203 765 530 850 προγονὸςΜιχαήλ,
562 767 620 849 τὴν
654 761 898 844 τοῑνῬοιμαίων
919 761 1025 844 άρχὴν
1056 762 1307 844 περιεζωσμένος

203 864 342 951 ε’πιεικάς
363 890 412 941 τις
446 863 569 947 ε’ὐόκει,
597 890 650 929 και
678 868 780 949 γέρων
811 867 844 929 ἐν
865 865 947 937 νέοις
976 860 1087 927 διὰτὸ
1115 863 1333 945 παρειμένονδ

203 994 257 1033 και
283 964 407 1032 άπαλάν
441 968 608 1051 ἐλογίζετο.
659 968 872 1049 προσελάβετο
893 960 953 1047 γάρ
986 966 1048 1027 τῶν
1072 963 1184 1026 κοινοῦν
1205 982 1308 1061 πραγ-
1354 1008 1359 1017 ,

107 1073 110 1076 ‘
203 1070 312 1149 μάτων
334 1066 495 1153 διοικητὴν
516 1061 617 1151 ῦνύρα
648 1068 729 1155 λόγῳ
751 1092 803 1131 και
801 1065 938 1149 πράξει
960 1064 1022 1129 τιῦν
1043 1066 1168 1129 πολλονν
1192 1050 1308 1166 διαφέ-

141 1158 144 1163 ’
204 1193 312 1254 ροντα,
335 1170 389 1233 κατ’
407 1164 533 1252 γνάμιγς
555 1170 749 1253 περιχαροῦς
773 1193 825 1233 και
858 1168 972 1251 άρετῆς
998 1154 1112 1239 ἱκανοῦς
1133 1163 1308 1245 ὐντεχάμε-

205 1293 279 1346 νον,
301 1296 354 1335 και
381 1273 479 1334 πάσιν
500 1267 618 1355 ἱλαροῖς
641 1269 918 1355 προσφερόμενον,
941 1262 1092 1350 ἀρχιερέα
1119 1266 1179 1345 μὲν
1200 1264 1254 1347 τῆς
1275 1265 1308 1327 ἐν

203 1363 282 1458 Σιλλῃ
296 1373 466 1456 καθολικῆς
475 1372 640 1455 ἐκκλησίας
652 1368 847 1455 ὑπάρχοντα,
860 1366 918 1452 τὴν
931 1366 1059 1451 πρώτην
1069 1368 1237 1453 προεδρίαν
1247 1366 1308 1429 τοῦν
1319 1379 1352 1434 10

204 1473 490 1554 πρωτοσνγκέλλων
514 1474 691 1554 ἐπέχοντα,
725 1470 870 1555 Ἰωάννην
899 1460 1059 1551 τοῦνομα,
1097 1468 1248 1549 εὐνοῦχον
1271 1468 1326 1544 δὲ,

203 1571 262 1655 τὴν
291 1573 504 1655 κατάστασιν,
535 1573 615 1655 ὑπὲρ
645 1569 799 1654 εὐνοῦχον
819 1573 865 1637 -ὐὲ
886 1567 942 1651 τήν
964 1569 1148 1653 άγαύὀτνμα
1171 1568 1227 1631 καί
1248 1564 1306 1649 τὴν

203 1672 379 1741 πολιτείαν,
395 1677 452 1738 καί
470 1670 504 1738 τά
536 1674 694 1755 μειλίχιον
718 1670 774 1745 καί
801 1668 957 1737 σωστικὸν
985 1670 1040 1736 καὶ
1061 1666 1094 1733 οὐ
1121 1665 1306 1753 εὐπρόσιτον

134 1835 137 1842 ,
202 1770 472 1854 declarandorum?
518 1767 594 1839 ὅθεν
613 1780 669 1839 κατ’
693 1777 733 1861 τῇ
756 1776 813 1838 τοῦ
834 1767 1059 1855 βασιλεύοντος
1082 1768 1231 1855 ἁπλότητι
1251 1772 1307 1835 καί

110 1884 123 1900 ”
203 1870 337 1963 ἀφελείᾳ
357 1871 412 1949 τοὶς
433 1876 549 1952 οἰκείας
569 1872 722 1959 προσθεὶς
741 1868 856 1958 άρετάς
876 1868 1066 1957 εὐχάριστον
1080 1874 1189 1936 τοῦτον
1206 1872 1304 1935 ε’ποιέι
1315 1886 1349 1940 15

203 1971 259 2039 καὶ
282 1984 348 2048 τοῖς
384 1974 648 2058 ὑποτεταγμένοις
666 1974 856 2059 εὐάρεστον,
878 1967 951 2039 ὅσον
972 1996 1007 2055 γε
1035 1968 1105 2057 ἥκει
1125 1968 1205 2042 κατά
1231 1968 1306 2046 τούς

203 2071 273 2140 τότε
303 2074 445 2158 καιρούς.
502 2077 571 2140 ἀλλ’
605 2073 717 2157 ἔμελλε
750 2074 873 2151 πάντως
901 2077 945 2162 τρῖ
976 2074 1101 2157 εὐγενεῖ
1127 2076 1186 2137 τοῦ
1214 2076 1304 2137 σι’τον

203 2175 472 2260 παραμιγῆναίτι
504 2181 559 2243 καί
580 2174 734 2259 ζιζάνιον,
764 2171 783 2261 ἢ
815 2179 855 2263 τῇ
883 2177 937 2259 τῆς
971 2174 1080 2249 νυκτὸς
1107 2170 1306 2259 ἐπιφοιτήσει

194 2274 259 2358 ’τῆν
289 2277 413 2360 ἡμέραν
441 2277 620 2360 ἀναγκαίως
647 2278 866 2363 ὑποχωρῆσαι.
920 2268 958 2361 ἦν
986 2272 1045 2359 γάρ
1077 2276 1124 2351 τίς
1153 2268 1306 2356 εὐνοῦχος

203 2373 337 2458 ὐνόματι
361 2378 598 2503 Νικηρόρος,’
583 2406 617 2443 εκ
637 2382 884 2463 Βοοκελλαρίων
907 2375 1007 2443 ἕλκων
1028 2401 1062 2441 το
1085 2380 1183 2459 γένος,
1204 2372 1351 2448 ὐεινόςλῡ

202 2479 367 2561 ἐπινοῆσαι
397 2482 452 2544 και
477 2475 583 2565 ῥάψαι
617 2479 788 2598 πράγματα
816 2504 870 2544 και
898 2478 1015 2565 πολλὴν
1041 2478 1081 2567 τῇ
1117 2473 1307 2543 καταστάσει

201 2576 256 2660 τὴν
269 2578 439 2661 τρικομύαν
459 2576 683 2663 ἐπενεγκεῖν,
671 2573 705 2655 άς
727 2584 771 2654 εἰς
793 2582 880 2661 τάξιν
894 2584 956 2647 τῶν
976 2580 1164 2663 σεκρετικῦν
1184 2566 1335 2647 duoet-

196 2699 282 2743 σεων
302 2681 346 2765 τῷ
367 2684 466 2767 πατρι
486 2684 544 2745 τοῦ
565 2679 744 2767 Μιχαὴλ
725 2683 1000 2769 νπηρετησάμενος
1016 2682 1243 2767 Κωνοταντύνιρ
1264 2677 1307 2765 τῷ

105 3006 112 3009 -
204 2972 239 3031 iis
257 2979 303 3047 qni
323 2986 459 3032 tentantur
478 2978 602 3031 solatium
620 2979 734 3033 inludit:
753 2982 922 3049 quantumvis
942 2980 1010 3032 enim
1030 2982 1088 3049 quis
1106 2986 1232 3043 tentetur,
1251 2991 1306 3030 non

198 3058 290 3108 tamma
310 3050 389 3104 huius
407 3051 478 3103 mala
496 3060 593 3119 aequet
611 3068 734 3137 unquam.
773 3054 817 3121 qui
845 3059 933 3105 autem
951 3068 1062 3120 regnum
1081 3051 1207 3119 suscepit,
1227 3048 1306 3101 buius

202 3138 269 3175 auus
287 3123 412 3187 Michael,
434 3123 596 3175 Graecorum
621 3124 734 3191 imperio
754 3126 867 3189 cinctus,
886 3124 998 3177 idoneus
1018 3123 1158 3175 videbatur
1177 3130 1204 3173 et
1222 3137 1306 3175 senex

201 3194 273 3246 inter
292 3194 404 3246 iuvenes
424 3204 534 3261 propter
551 3212 640 3247 mores
667 3196 793 3248 remissos
819 3204 846 3247 et
873 3193 970 3247 molles
993 3195 1147 3247 habebatur
1186 3192 1306 3243 adhibuit

203 3266 274 3314 enim
290 3281 379 3316 rerum
399 3268 575 3319 communium
596 3268 850 3331 administratorem,
871 3270 957 3319 virum
986 3267 1068 3319 verbo
1089 3274 1115 3317 et
1134 3281 1164 3317 re
1182 3264 1304 3317 multitu-

160 3336 168 3349 ’
201 3334 257 3385 dini
278 3336 466 3403 excellentem,
486 3347 514 3389 et
529 3338 623 3389 iudicii
643 3340 712 3406 grati
733 3347 759 3389 et
777 3340 883 3391 uirtutis
903 3340 967 3390 satis
986 3339 1152 3405 participem,
1170 3345 1197 3387 et
1215 3336 1304 3387 omni.

192 3404 252 3456 =bns
282 3410 393 3460 comiter
410 3417 545 3473 utentem,
564 3410 717 3476 pontificem
737 3412 876 3461 maximum
903 3410 1034 3461 communi
1053 3408 1153 3462 Sid.
1174 3406 1304 3458 .eccle-

201 3478 258 3529 siae
277 3481 474 3547 praepositum,
502 3482 678 3547 principatum
702 3479 967 3547 Protosyncellorum
997 3482 1031 3549 (i
1061 3496 1084 3531 e.
1106 3444 1305 3533 concellaneo-

194 3555 272 3620 rum)
295 3550 477 3616 obtinentem,
496 3552 622 3603 loannem
640 3552 748 3602 nomine
766 3553 878 3615 dictum,
899 3550 1049 3602 eunuchum
1068 3550 1178 3625 habitu,
1195 3550 1242 3619 qui
1261 3558 1304 3600 ta.

202 3637 264 3675 men
284 3633 427 3688 praeterea
446 3617 544 3675 bonirm
571 3631 597 3674 et
627 3640 713 3676 rerum
740 3622 859 3675 civilium
885 3624 999 3689 peritum
1028 3630 1055 3674 et
1073 3638 1182 3675 suarem
1200 3630 1227 3672 et
1244 3636 1305 3673 ser-

206 3703 328 3745 vatorem
348 3703 374 3746 et
394 3710 558 3747 communem
576 3712 606 3748 se
625 3695 779 3761 praebebat,
799 3710 882 3763 quare
902 3695 980 3745 etiam
1001 3694 1074 3762 regis
1094 3692 1257 3761 simplicitati
1279 3698 1306 3741 et

204 3766 385 3816 communitati
411 3782 475 3818 suae
494 3766 593 3819 addens
612 3768 748 3831 uirtutes,
772 3774 874 3833 gratum
896 3764 967 3817 hunc
986 3765 1113 3818 reddebat
1133 3774 1160 3817 et
1178 3762 1306 3816 subiectis

201 3834 355 3917 iucundum,
375 3846 501 3903 quantum
520 3838 626 3905 quidem
651 3846 705 3889 tum
724 3840 873 3908 temporis
878 3836 1010 3889 decebat.
1036 3838 1083 3890 sed
1104 3836 1219 3888 futurum
1238 3841 1304 3897 erat

205 3913 235 3958 ut
258 3906 367 3958 omniuo
394 3907 481 3958 nobili
510 3909 643 3961 frumento
670 3902 873 3961 admisceretur
888 3908 966 3959 etiam
995 3908 1078 3960 herba
1096 3923 1193 3975 prava,
1212 3905 1257 3960 vel
1275 3912 1306 3955 ut

204 3978 293 4030 noetis
312 3978 439 4029 adventui
458 3979 517 4030 dies
536 3981 690 4032 necessario
711 3982 829 4033 cederet.
867 3987 923 4031 erat
943 3982 1012 4031 euim
1032 3979 1169 4032 eunuchus
1190 3977 1305 4047 quidam,

199 4051 307 4101 nominc
326 4049 411 4101 dictus
430 4046 616 4115 Nicephorus,
642 4067 657 4102 a
680 4050 842 4103 Bucellariis
870 4050 969 4103 ducens
999 4067 1099 4119 genus,
1125 4052 1171 4120 qui
1197 4048 1307 4103 valebat

147 4125 152 4141 ³
200 4133 366 4188 cognoscere
387 4127 413 4171 et
431 4120 565 4171 iustruere
583 4136 638 4185 res,
658 4129 685 4172 et
702 4121 810 4174 multam
830 4122 911 4175 firmis
926 4121 1103 4174 turbationem
1122 4123 1239 4174 inferre:
1258 4120 1307 4189 qni

200 4191 332 4256 quidem
324 4207 352 4241 m
370 4191 463 4243 ordine
483 4190 591 4245 consilii
609 4192 707 4245 secreti
735 4194 804 4259 patri
820 4190 958 4248 lliehaelis
987 4195 1110 4247 serviens
1129 4192 1304 4247 Constantino
