2875 4734
187 218 238 296 90
478 219 695 296 mtcuduuts
724 218 987 294 amiciorem

188 386 298 468 έεστός
320 413 354 456 τε
386 392 471 478 φημί
499 391 555 454 κατ’
577 387 702 454 Πόντον
722 385 777 452 καί
804 385 882 452 erizo*
910 382 1145 472 Μοριόφετον,
1171 383 1216 462 εἰς
1234 387 1290 452 καί

187 496 269 576 μέρη
291 487 388 574 τυχὸν
412 495 445 568 dl}
479 491 578 574 αότῆς
601 485 792 573 όποβάθρσς
822 490 1044 572 ἀνατραπῆναι
1064 485 1120 552 καί
1138 488 1289 562 πλείστας

191 595 300 672 οίκιάς,
321 594 377 657 καί
391 591 489 679 φόνον
507 588 710 675 ἐπιγενέσθαι
724 594 860 663 πολλοῖς.
905 590 939 652 έν
961 590 996 652 δέ
1018 589 1060 675 τῷ
1072 585 1287 676 Ἑλλησπόντῳ

187 688 207 777 ἦ
232 691 383 773 Κύζικος,
406 689 501 756 όπότε
523 689 578 756 καί
597 687 630 755 τὸ
650 690 683 752 έν
696 683 781 775 αότῇ
797 687 975 774 Ἑλληνικόν
996 686 1082 770 ἱερὸν
1097 689 1289 770 κατεσείσθη

183 795 243 859 καί
263 795 307 883 τῷ
321 789 457 881 πλείστῳ
472 795 564 876 μέρει
581 791 742 869 κατέπεσε,
758 792 908 873 μέγιστον
922 779 958 853 όν
975 793 1089 874 χρῆμα
1108 783 1188 870 πρός
1208 787 1316 851 θέαν5

187 891 432 978 δι’-ὀχυρότητα
454 893 510 957 καί
531 893 624 956 λίθου
650 891 708 955 τοῦ
730 893 899 955 καλλίστου
918 912 953 954 τε
971 887 1027 954 καί
1042 891 1192 972 μεγίστου
1211 911 1288 974 τεχ-

188 993 360 1079 νικωτάτην
390 991 546 1078 ἁρμονίαν
576 1014 610 1057 τε
636 989 691 1056 καί
719 989 931 1077 άνοικοόομίγν
949 989 1005 1054 καί
1025 981 1134 1073 ὕψους
1153 990 1208 1053 καί
1227 1010 1289 1069 με..

190 1099 305 1182 γέθυνς
329 1093 505 1180 έιάριιειαν.
1130 1164 1137 1169 ,

282 1195 360 1262 Ἀπὸ
384 1193 452 1261 τότε
474 1198 512 1260 δέ
531 1199 587 1261 καί
605 1197 719 1280 μέχρις
734 1197 887 1260 ένιαοτιόν
908 1190 968 1258 όόο
982 1189 1141 1278 σποράδες
1155 1193 1290 1278 έπεφοί-

186 1321 249 1367 τιον
269 1295 395 1379 σεισμοί
423 1295 709 1384 κατά-όιαφοροός
740 1294 877 1381 κατροός.
930 1296 985 1359 καί
1010 1289 1047 1359 τό
1080 1295 1207 1376 θάμβος
1227 1297 1332 1374 pat-ro

162 1421 293 1492 ,γιστον
314 1391 389 1463 όσον
409 1403 598 1486 περιεγίνετο
614 1405 677 1476 τοίς
694 1403 832 1485 βροτοῖς.
875 1389 957 1482 ἦσαν
975 1395 1034 1481 γάρ
1060 1417 1143 1470 τινες
1165 1391 1287 1480 ἔξωροι,

186 1503 218 1569 οἳ
239 1497 444 1584 παρεοιιιότας
472 1500 624 1582 σεισμοός
653 1505 698 1590 :gi
729 1493 864 1589 μεγίστην
894 1495 1153 1585 όόοάνέφερον,
1177 1493 1208 1562 οἱ
1228 1500 1288 1580 μέν

184 1603 296 1688 τοότον
315 1598 345 1665 οἱ
364 1603 394 1664 δ’
416 1601 553 1676 ἐκείνους
573 1599 651 1666 κατά
672 1603 838 1685 σύγκρισιν
861 1597 1098 1684 όπεραίροντες.
1143 1597 1199 1664 καί
1222 1623 1287 1663 πα-

185 1703 460 1788 ρηκολονθακένοιι
483 1699 553 1766 τότε
574 1702 617 1765 δι’
635 1701 766 1787 ἥμερόν
789 1697 1024 1785 τεσσαράκοντα
1047 1703 1103 1766 καί
1122 1698 1166 1784 μὴ
1188 1703 1287 1765 πλείω

184 1808 319 1887 βραχείς
340 1801 706 1891 τινάςπροσεπίφερον·
730 1803 767 1867 τό
791 1804 826 1867 δέ
846 1800 901 1867 oct
923 1803 1049 1876 διετοῦς
1071 1798 1191 1885 χρόνου
1212 1807 1287 1865 κλο-
1297 1811 1330 1866 15

187 1909 313 1988 νεῖσθαι
340 1903 398 1988 την
430 1908 487 1990 γῆν
516 1907 613 1971 πόσιν
640 1899 880 1988 ἀμνημόνευτον
908 1897 948 1987 ἧν
979 1901 1034 1968 καί
1058 1903 1133 1986 μηθ’
1156 1905 1288 1992 νίστορίρ

189 2003 389 2091 περιληπτόν.
441 2005 597 2090 Ἀγαθίας
630 2004 690 2090 γάρ
721 2009 797 2088 περί
822 2009 879 2070 τοῦ
906 2003 940 2071 έν
968 2014 1039 2080 ταῖς
1065 1999 1200 2087 ἡμέραις
1228 2005 1287 2067 τοῦ

189 2109 411 2172 Ἰονστινιανσῦ
432 2107 669 2192 συμβεβηκότος
689 2110 824 2189 σεισμοῦ
844 2105 1022 2192 γεγραφώς,
1052 2107 1107 2169 καί
1126 2109 1288 2189 καταπλη-

191 2206 297 2273 κτικόν
324 2210 434 2274 τοῦτον
465 2209 520 2275 καί
552 2212 697 2292 μέγιστον
725 2206 1006 2292 συγγραψάμενος·
1028 2206 1071 2281 τός
1100 2209 1156 2270 καί
1184 2203 1290 2278 κίονας

184 2308 487 2396 όποσφενδονάσθαι
514 2313 608 2376 :odda
639 2311 698 2376 τοῦ
728 2307 820 2374 οἴκου
848 2307 927 2392 πρός
954 2305 1083 2392 ἕτερον,
1113 2305 1187 2381 τοός
1206 2304 1286 2387 μετά
1296 2311 1335 2366 20

184 2412 286 2474 ταῦτα
314 2410 453 2495 τρόμους
487 2409 654 2484 ἐλάττονας
683 2403 762 2494 άχρι
791 2411 1130 2494 τεσσαρακονθημέροο
1159 2409 1214 2470 καί
1239 2405 1283 2490 μη

184 2511 360 2592 περαιτέρω
376 2511 533 2595 προβῆναι
547 2507 701 2593 ἱστόρηκε.
723 2506 803 2594 μετά
821 2510 858 2574 δέ
871 2506 929 2593 τὴν
940 2510 1068 2592 διετίαν,
1083 2509 1218 2592 σεισμοῦ
1230 2514 1316 2592 γε-»“

160 2666 196 2746 J
256 2688 282 2776 θη
300 2689 390 2814 :togis
416 2686 448 2754 G,
466 2687 557 2748 πολύν
574 2687 715 2757 interpres.
837 2688 873 2741 6!
890 2687 1063 2759 ὀχυρότητος
1084 2685 1115 2742 0.
1189 2716 1194 2722 -
1240 2685 1283 2738 tn

257 2775 323 2815 οσοι
365 2794 373 2811 .
668 2813 673 2820 ,
1004 2808 1006 2812 ,

185 2913 215 2959 ιιι
233 2907 311 2958 etiem
330 2913 420 2974 partes
439 2923 472 2960 err
491 2907 556 2975 ipris
576 2908 753 2961 fundamentis
774 2912 960 2960 everterentur
972 2913 1006 2958 et
1024 2904 1157 2973 plurimae
1173 2904 1284 2968 domus,

186 2987 213 3032 et
238 2980 334 3032 caedes
364 2978 447 3032 multa
473 2981 597 3034 oriretur.
647 2981 675 3031 in
702 2979 881 3047 Hellesponto
909 2986 997 3030 autem
1024 2978 1160 3043 Cymenes
1178 2977 1284 3044 quando

186 3051 266 3103 etiarn
286 3050 416 3104 Graecum
431 3047 462 3105 'in
482 3069 514 3104 ea
532 3052 658 3120 templum
679 3067 838 3105 concussum
857 3059 898 3103 est
918 3059 944 3102 et
961 3048 1113 3101 maximam·
1125 3056 1207 3100 artem
1233 3047 1285 3098 de.

185 3123 265 3175 cidit:
286 3125 425 3175 maximum
444 3125 599 3192 spectaculo
625 3133 735 3192 propter
759 3125 909 3176 firmitatem
936 3129 964 3172 et
987 3120 1083 3187 lapidis
1109 3119 1284 3187 pulcherrimi

185 3201 212 3244 et
229 3195 335 3244 maximi
359 3195 438 3247 valde
458 3198 629 3249 artificiosam
649 3197 876 3249 constructionem
896 3202 923 3246 et
942 3193 1156 3245 aedificationemv
1172 3199 1200 3242 et
1217 3190 1284 3242 alti-

183 3265 283 3316 tudinis
304 3266 548 3333 magnitudinisque
568 3268 765 3319 sufficientiam.
1018 3264 1024 3275 '

290 3351 354 3402 lude
380 3359 467 3401 autem
500 3361 527 3403 et
551 3369 599 3420 per
627 3371 709 3406 anuos
729 3357 780 3408 duo
805 3355 903 3421 passim
921 3352 1074 3404 incidebant
1091 3358 1180 3411 terrae
1197 3357 1285 3402 motus

184 3422 298 3493 diversis
318 3422 497 3487 temporibus:
518 3432 545 3475 et
565 3432 657 3491 stupor
677 3441 755 3494 quam
774 3427 902 3478 maximus
922 3425 1031 3476 obortus
1053 3430 1095 3475 est
1111 3420 1284 3474 mortalibus:

184 3501 259 3545 erant
284 3494 353 3544 enim
379 3495 484 3562 quidam
503 3497 665 3564 pergrandes
686 3504 750 3548 natu
771 3499 816 3566 qni
839 3496 940 3549 similes
958 3495 1071 3546 maximo
1090 3501 1178 3545 terrae
1197 3501 1285 3543 motus

182 3566 249 3617 duos
268 3565 437 3630 referebant,
462 3567 509 3618 alii
529 3567 608 3631 bunc,
631 3567 678 3618 alii
697 3569 761 3621 illos
781 3569 979 3634 comparatione
999 3566 1160 3626 efferentes,
1190 3571 1284 3614 etse.

184 3645 258 3687 cotos
286 3652 346 3688 esse
368 3647 423 3690 tum
448 3653 496 3706 per
514 3640 571 3692 dies
596 3639 770 3708 quadraginta
794 3655 882 3708 neque
907 3638 1019 3704 amplius
1038 3636 1137 3688 breves
1158 3635 1285 3702 quosdam

183 3707 362 3759 adiiciebant:
389 3712 460 3778 quod
483 3720 569 3763 autem
592 3727 640 3778 per
658 3710 794 3762 biennium
814 3711 965 3762 turbaretur
983 3717 1072 3772 terra,
1093 3706 1213 3758 omnibus
1231 3707 1285 3756 im.

182 3785 354 3828 memoratum
374 3789 444 3842 erat,
464 3797 515 3833 nec
533 3783 645 3836 historia
663 3785 768 3851 quidem
794 3781 1020 3849 comprehensum.
1059 3779 1188 3848 Agatbias
1214 3776 1285 3828 enirn

183 3850 229 3915 qui
251 3847 284 3898 de
311 3855 490 3903 terraemotu
518 3854 681 3922 temporibus
700 3855 841 3906 Iustiniani
866 3854 937 3905 iacto
956 3853 1064 3917 scripsit
1089 3859 1116 3901 et
1134 3848 1283 3900 terribilem

182 3919 252 3971 hunc
272 3926 299 3969 et
317 3922 455 3971 maximum
476 3924 560 3975 luisse
578 3926 700 3989 tradidit,
720 3935 749 3976 ut
769 3927 848 3976 etiam
874 3923 1015 3973 columnae
1030 3921 1063 3973 ab
1085 3922 1138 3972 alia
1156 3921 1189 3970 ad
1204 3920 1285 3970 aliam

182 3991 286 4042 domum
309 3991 511 4056 disiicercntur,
538 3999 659 4050 tremitus
678 4005 774 4065 postea
793 3997 877 4047 iactos
899 3994 1039 4044 breviores
1060 4007 1145 4060 usque
1164 3991 1195 4041 ad
1215 4005 1285 4057 qun-

83 4095 87 4100 ·
182 4062 303 4131 draginta
330 4064 387 4116 dies
411 4075 499 4132 neque
525 4066 638 4133 amplius
665 4083 824 4136 progressos
843 4082 903 4119 esse
920 4067 1046 4117 narravit.
1068 4070 1130 4132 poet
1147 4062 1285 4113 biennium

182 4141 269 4214 autern
295 4142 383 4190 terret
406 4144 478 4198 motn
505 4135 575 4188 iacto
600 4139 700 4191 maiore
726 4139 840 4208 posteris
861 4137 1054 4208 frequentibus,
1074 4137 1177 4187 minore
1195 4141 1285 4184 auteur
