2875 4734
161 223 171 238 .
202 160 250 232 68
458 155 711 237 ‘urcfllutts
743 154 1001 233 nuntronio

200 328 265 391 τοδν
288 315 528 410 παρόντων,τῷ
549 322 634 408 κρδει
662 328 717 390 καί
736 329 779 411 τῷ
803 317 914 412 όμβρηι
936 330 1069 405 συνεχεῖ
1083 323 1139 385 καί
1162 319 1300 385 άνυποί-

200 447 263 511 στρ
284 421 433 507 μήκιστον
454 423 568 509 χρόνον
594 424 912 512 ταλαιπωρούμενοι,
933 421 968 515 τό
995 426 1051 507 ζῆν
1072 421 1300 507 έναπέρρηξαν,

200 527 255 588 καί
275 524 312 589 τά
337 525 501 610 ἐπιτήδεια
535 535 609 609 παρ’
633 523 746 590 ἐλπίδα
776 536 843 601 τοῖς
866 527 1125 609 στρατευομένοις
1160 525 1300 605 έπέλιπε,

200 629 359 705 ποταμίου
381 622 540 712 ῥεύματος
573 625 628 692 καί
653 629 809 709 χειμῶνος
830 623 983 706 γενόμενα
1013 622 1180 710 πάρεργον.
1224 628 1300 689 α’να-

200 727 310 810 στολής
333 730 369 792 δέ
389 731 556 813 γενομένης
576 725 660 817 έξήει
681 730 804 812 πρωίας
833 725 850 790 δ
872 722 1033 807 βασιλεύς,
1052 731 1106 790 καί
1123 724 1179 791 τὸν
1200 735 1326 790 ποτα-5

199 824 386 910 μόν.άγχοῦ
406 832 630 913 καταρρέοντα,
652 832 813 913 τραφέντα
841 830 882 916 τῇ
902 830 1071 915 έπομβρίρ,
1091 826 1301 910 διαπεραιοδ-

200 951 294 1009 μενος
310 926 446 1002 πολλοός
477 929 541 993 τῶν
563 933 728 1015 σφετέρων
757 931 909 1009 α’πέβαλε.
950 925 1047 1009 λήξας
1077 929 1113 991 δέ
1144 923 1225 1010 πρός
1245 953 1301 1008 μι-

201 1027 273 1111 κρὸν
293 1028 347 1111 τῆς
368 1024 551 1112 ὁδοιπορίας
573 1025 634 1092 διιό
661 1027 753 1094 σκιάν
775 1026 851 1112 ἔστη
873 1030 1008 1111 δένδρου
1038 1026 1122 1100 τινὸς
1145 1023 1214 1108 ἅμα
1235 1026 1303 1092 τισί

200 1129 265 1196 τάν
295 1129 533 1213 ὑπερεχόντων,
564 1132 619 1193 ιιαί
639 1138 706 1211 μετ’
734 1127 840 1212 ὀλίγον
868 1127 949 1212 η’χῆς
982 1132 1148 1212 γενομένης
1177 1129 1211 1191 έιι
1244 1129 1301 1209 τῆς

202 1228 298 1318 δρυός
326 1230 436 1316 προῄει
467 1228 582 1311 μικρόν
611 1227 813 1311 όβααιλεάς,
843 1225 919 1295 όσον
938 1226 983 1312 μή
1007 1231 1051 1317 τῷ
1070 1224 1163 1312 μήκει
1182 1225 1346 1310 ταδτηςλθ

201 1329 522 1412 καταλαμβάνεσθαι·
567 1327 695 1415 ῥιζόθεν
719 1334 749 1395 δ’
778 1324 862 1415 αότη
883 1333 1039 1415 τμηθεῖσιτ
1059 1327 1121 1394 σάν
1145 1330 1245 1414 πολλῇ
1263 1330 1302 1415 τῇ

200 1431 260 1518 βοῇ
280 1425 376 1496 ducib
399 1434 438 1518 τῇ
460 1431 500 1519 γῇ
520 1430 722 1516 προσήρεισε.
764 1437 889 1515 μέμονεν
922 1427 1112 1512 δβασιλεός
1136 1427 1223 1504 ένεὸς
1244 1434 1323 1495 ιτα·’
1430 1458 1432 1479 ·

200 1519 356 1615 ταμαθοόν
376 1535 444 1607 οἵας
474 1533 590 1616 μικροῦ
618 1533 683 1595 δεῖν
707 1535 854 1614 τελευτῆς
883 1529 993 1614 ἔμελλε
1022 1540 1147 1615 τυχεῖν,
1179 1533 1236 1596 ιιαί
1262 1523 1302 1615 ἧν

122 1693 128 1708 ,
199 1636 368 1719 ,προοίμιον
390 1630 447 1696 οδτι
472 1630 594 1713 sysois
618 1629 653 1697 τὸ
680 1631 881 1717 συγκύρημα.

302 1729 522 1818 Πρσβιβάζων
541 1735 577 1798 δέ
598 1732 653 1816 τήν
668 1730 822 1817 στρατιάν
842 1731 1052 1817 ἐπεπορεύετο
1074 1731 1184 1822 ταδτη.
1228 1736 1346 1824 ἐπε-ιζ)
1431 1758 1432 1779 ι

202 1837 320 1918 τάχυνε
341 1834 370 1897 δ’
389 1826 498 1898 ἀδτόν
532 1835 586 1898 καί
609 1857 655 1910 τις
688 1832 779 1920 φήμη
808 1831 933 1920 ψευδής
960 1838 1015 1899 καί
1035 1827 1092 1898 oria
1113 1833 1301 1918 έμπριιιιτος,

202 1935 389 2020 τυραννίδος
410 1931 616 2018 α’πάρχεσθαι
638 1936 774 2018 λέγουσα
796 1934 851 1999 τόν
871 1936 947 2020 πρὸς
981 1928 1064 2000 έοόαν
1083 1936 1302 2000 α’ποσταλέντα

203 2036 279 2119 παρ’
304 2035 406 2098 αδτοῦ
427 2032 589 2100 πολιτικόν
621 2028 726 2117 άνδρα
750 2030 803 2099 διά
826 2033 885 2118 τήν
917 2037 981 2098 ταῖν
1003 2034 1162 2119 δημοσίων
1182 2033 1303 2119 κτημά-

204 2157 269 2200 των
292 2131 448 2212 itabens.
498 2133 552 2199 καί
571 2138 670 2219 μέχρι
692 2139 748 2218 τῆς
778 2133 943 2217 βασιλίδος
963 2135 1129 2219 γενόμενος
1149 2137 1205 2201 καί
1225 2131 1302 2218 πρὸς

185 2235 240 2318 ιτό
262 2234 388 2319 οἰκτρόν
408 2239 467 2301 τοῦ
486 2233 665 2316 συμβάντος
688 2234 816 2311 εἰκότως
836 2236 991 2318 δνιαθείς,
1013 2235 1069 2300 καί
1087 2233 1146 2317 τήν
1168 2244 1347 2318 κατηγο-20
1432 2232 1433 2235 '

133 2357 136 2363 '
206 2340 280 2423 ρίαν
299 2339 359 2401 τοῦ
385 2327 540 2420 άρχοντος
570 2339 762 2402 ἐπίπλαστον
796 2334 949 2419 έγνωιιάς,
976 2335 1195 2418 ἀνελάμβανεν
1216 2330 1301 2416 ὅμως

204 2441 261 2519 τής
282 2431 426 2518 άθυμίας
447 2431 571 2522 ἔαυτόν,
590 2436 648 2501 καί
666 2434 741 2520 περί
760 2438 814 2502 τόν
841 2434 923 2503 κατά
945 2437 1113 2520 πρόσωπον
1133 2439 1189 2519 τῆς
1208 2441 1300 2517 βασι·

126 2565 131 2569 ·
204 2539 291 2614 λίδος
326 2540 566 2623 προεκοείμενον
599 2535 747 2621 πορθμόν
778 2535 879 2603 οἷνιάν
912 2541 1108 2624 ένησχολείτο
1139 2540 1178 2625 τῇ
1207 2532 1302 2628 θήρη,

208 2850 235 2894 et
254 2840 419 2894 intolerabili
440 2855 488 2910 per
506 2840 691 2910 longissimum
709 2849 813 2909 tempus
833 2841 951 2893 conlecti
969 2843 1050 2894 vitam
1068 2843 1304 2909 deposueruntret

205 2914 358 2966 necessaria
377 2922 468 2966 contra
494 2914 719 2979 exspectationem
743 2912 841 2965 milites
859 2913 1027 2977 deiecerunt,
1045 2912 1177 2965 fluctuum
1191 2923 1218 2966 et
1234 2917 1303 2965 tern-

207 2987 318 3052 pestntis
342 2985 411 3036 lacta
430 2987 641 3039 additamentum.
679 2985 856 3050 respiratione
875 2984 945 3035 iacta
964 2985 1099 3052 egreditur
1116 3000 1193 3037 mane
1210 3001 1259 3036 rex
1278 2993 1305 3035 et

207 3058 317 3110 durium
341 3071 426 3124 prope
446 3056 614 3120 defluentem,
635 3064 740 3108 anctum
759 3056 843 3107 imbre
861 3056 1060 3124 transgrediens
1080 3056 1178 3108 multos
1197 3071 1304 3108 suorum

206 3130 302 3181 amisit.
353 3129 483 3181 desistens
508 3136 596 3179 autem
627 3127 734 3194 paulum
765 3128 798 3179 ab
825 3129 923 3178 itinere
950 3129 978 3178 in
1003 3127 1093 3179 umbra
1117 3129 1191 3179 stetit
1222 3127 1304 3179 arbo.

206 3202 242 3252 ris
269 3199 383 3252 alicuius
409 3215 467 3250 cum
500 3198 655 3266 quibusdam
679 3199 857 3266 primoribus,
885 3206 913 3249 et
930 3198 1011 3265 paulo
1036 3208 1098 3266 post
1118 3199 1247 3267 clangore
1272 3214 1305 3249 ex

206 3285 307 3339 quercu
325 3269 406 3334 lacto,
425 3270 594 3336 progreditur
607 3269 713 3335 paulum
727 3286 784 3334 rer,
798 3273 825 3321 iu
844 3278 969 3336 quantum
987 3283 1040 3321 uon
1058 3269 1227 3338 longitudine
1246 3271 1304 3321 eius

207 3343 266 3408 capi
290 3349 396 3407 possete
423 3340 546 3391 radicitus
569 3348 656 3390 autem
679 3341 747 3393 haec
765 3343 849 3393 scissa
868 3357 927 3392 cum
946 3341 1029 3392 multo
1044 3342 1160 3392 clamore
1179 3341 1305 3407 resupina

207 3413 235 3463 iu
263 3415 359 3464 t'errum
386 3411 493 3464 decidit.
525 3411 611 3464 iactus
642 3422 682 3464 est
705 3429 754 3464 rex
784 3421 889 3477 mutus,
916 3427 974 3462 cum
1002 3421 1196 3480 cognosceret,
1233 3412 1305 3479 quali

208 3498 293 3551 paene
326 3483 404 3535 morti
434 3481 637 3536 succubuisset:
677 3493 704 3536 et
736 3491 793 3535 erat
825 3484 996 3551 proverbium
1028 3499 1082 3535 non
1115 3483 1212 3557 bouum
1246 3498 1305 3533 esse

207 3570 305 3609 casnm.

306 3643 470 3697 Promovens
481 3652 568 3697 autem
580 3644 726 3695 exercitum
736 3643 773 3696 ibi
783 3644 1020 3710 proficiscebatur:
1041 3642 1209 3694 accelerabat
1218 3649 1306 3692 autem

209 3730 270 3767 eum
290 3715 369 3765 etiam
388 3716 455 3768 lama
481 3716 550 3768 falsa
568 3731 657 3784 neque
677 3715 781 3780 allecta,
801 3716 965 3782 tyrannidem
984 3715 1132 3766 instituisse
1149 3714 1242 3767 diceus
1260 3712 1306 3762 ri-

206 3801 264 3836 rum
283 3785 315 3835 ad
333 3789 462 3838 orientem
480 3805 495 3839 a
516 3803 545 3839 se
564 3789 681 3851 missum,
702 3787 821 3840 civilium
839 3802 926 3837 rerum
940 3786 1069 3850 peritum,
1088 3793 1197 3853 propter
1215 3781 1306 3851 publi.

208 3871 252 3908 css
280 3858 464 3922 possessiones
484 3855 652 3927 aequandas,
680 3868 707 3909 et
731 3874 816 3926 usque
840 3861 873 3910 ad
895 3866 1007 3923 reguum
1034 3858 1146 3908 veniens
1167 3863 1194 3906 et
1210 3855 1307 3905 misera

206 3929 313 3979 ratione
323 3930 460 3995 congressi
480 3939 591 3983 vexatus
612 3939 638 3982 et
656 3931 855 3982 accusationem
874 3927 1003 3996 principis
1021 3927 1169 3980 simulatam
1188 3939 1306 3992 coguos-

208 4014 272 4051 cens
291 4014 321 4052 se
340 3997 483 4065 recollegit
500 4009 587 4052 tamen
608 4017 641 4050 ex
659 4005 740 4053 animi
758 4001 921 4062 delectione,
941 4005 968 4049 et
987 3999 1164 4051 circavndum
1179 3998 1207 4049 iu
1218 3997 1307 4048 lronte

207 4071 283 4142 regia
302 4071 380 4124 situm
399 4071 545 4124 ascendens
564 4074 672 4126 vacavit
690 4074 878 4141 venationi-se
895 4070 1033 4124 delectans
1052 4071 1157 4125 assidua
1170 4068 1305 4122 exercita-
