2875 4734
546 224 754 313 ntsronta.
1086 251 1091 261 ·
1150 243 1197 315 ei

100 432 149 485 τες
171 405 339 491 ἀλλήλοις,
370 409 447 470 κατά
468 428 536 470 τινα
563 411 645 490 μέρη
669 409 794 471 διδοῦσι
821 407 906 473 νῶτα
935 404 965 470 οἱ
988 407 1115 471 Σκύθαι
1145 409 1202 470 καὶ
1226 431 1229 436 ·

100 505 257 574 πεσόντων
279 509 370 572 τινοῖν
394 505 423 570 οἱ
440 511 544 571 λοιποί
565 509 638 588 περί
658 506 696 572 τοὶ
719 510 859 591 σφέτερα
879 507 1098 585 διασώζονται.

214 601 377 688 Ἧσχαλλε
415 602 520 670 τοίνυν
561 606 577 668 d
609 604 782 687 βασιλεύς,
815 604 869 670 καί
910 604 1059 689 μηχανὴν
1096 603 1206 697 ἐζήτει,

101 699 190 773 δι’
171 731 208 792 ης
228 701 268 770 dv
302 704 566 791 ἀποκρούσασθαι
598 703 770 790 δυνήσοιτο
797 705 829 770 τό
864 709 1048 771 destitutor·
1076 703 1201 781 αύτός

76 813 162 892 ὁμὲν
183 807 244 890 χοὶρ
271 803 346 870 δι’
334 809 452 870 εαυτοῦ
473 805 541 889 τη“ν
546 806 734 900 ἡγεμονίαν.
743 807 960 882 ἀναδέξασθαι
979 807 1039 868 τοῦ
1060 807 1200 924 κιρλέμου

101 909 157 974 καί
176 907 368 989 βουλόμενος
397 907 454 970 ουκ
476 909 629 987 η’δύνοιτο,
662 905 746 995 νόσῳ
767 907 942 1025 ηοδιφρικῇ
968 907 1044 988 περὶ
1059 903 1097 970 τό
1119 898 1201 987 όκρα
1294 897 1299 904 ’

103 1011 205 1082 κακούς
226 1011 421 1088 διακείμενος
446 1032 497 1071 και
520 1006 722 1079 παντελῶς’
702 1003 852 1090 αντρόϊτος
873 999 919 1069 τόν
939 1028 994 1068 και
1015 1005 1085 1070 dost
1108 1002 1202 1077 ποδός

104 1110 295 1192 κεχρημένος
316 1110 361 1196 τῷ
384 1110 508 1196 δίφρῳ·
531 1107 594 1171 ταῖν
615 1109 651 1172 δὲ
670 1109 854 1191 στρατηγῶν
876 1105 1050 1189 οἷνανδρίαν
1071 1127 1203 1187 καταμι-

102 1205 230 1273 νοόσκων
257 1209 312 1271 καί
341 1210 416 1290 περὶ
447 1207 504 1290 την
533 1209 596 1272 τοῖν
626 1205 761 1272 δεόντων
793 1205 938 1284 διάταξιν
961 1197 1094 1285 iactas,
1124 1207 1203 1286 μίαν

59 1321 93 1374 10
103 1300 161 1372 ούν
181 1303 325 1392 εὕρισκεν,
340 1306 520 1391 διαστολὴν
547 1309 603 1392 τῆς
622 1310 776 1390 συνεχοῦς
796 1309 859 1372 τοῦν
877 1304 1051 1390 βαρβδρων
1072 1309 1203 1387 ἐπιδρο-

102 1410 164 1491 μῆς
185 1407 243 1490 τὴν
263 1404 296 1472 ἐν
326 1415 389 1483 τοῖς
411 1409 581 1493 φρουρίοις
612 1406 768 1490 διανομὴν
798 1410 860 1471 τῶν
888 1407 1098 1489 στρατιωτῶν.
1149 1401 1205 1467 καί

103 1502 186 1572 ούτω
208 1512 545 1594 καστρυφυλακούντας
567 1510 738 1627 ρι’νιοδείξας
769 1503 902 1588 αύτούς,
925 1511 981 1570 καί
1001 1531 1079 1594 τινα,
1097 1513 1203 1572 Λατῖ-

101 1631 166 1689 ναν,
185 1601 287 1691 ανδρα
316 1617 457 1689 γενναιον
479 1613 513 1684 ες
540 1609 578 1674 τοὶ
609 1605 751 1690 μάλιστα
779 1608 859 1672 κατὰ
881 1615 996 1690 χεῖρα,
1017 1608 1073 1671 καί
1091 1608 1203 1690 νοῆσαι

100 1703 138 1772 τό
163 1709 234 1774 δέον
251 1703 416 1784 ου’δενός”
396 1731 520 1790 ηττονα,
541 1709 664 1784 τούτοις
684 1705 824 1791 ύρχηχόν
845 1706 1028 1827 ἐρωτήσας,
1049 1715 1118 1781 ταῖς
1138 1709 1202 1769 τῶν

58 1809 118 1870 15
101 1833 254 1874 εναντιων
275 1805 401 1892 ἐφόδοις
421 1810 606 1892 ἐφεδρεύειν
627 1811 804 1890 πετουᾛηκεν
861 1804 1080 1890 ότιιτηρουντες
1099 1809 1203 1870 τοίνυν

34 1949 41 1961 ,
102 1904 222 1984 αύτους
240 1911 274 1972 ἐν
287 1914 355 1982 ταῖς
372 1907 539 1992 ἐκδρομαῖς
557 1934 608 1974 και
630 1916 701 1983 ταῖς
720 1910 911 1992 διαρποηαῖς
931 1911 996 1971 τῶν
1010 1907 1203 1989 ἐπιχωρίων,

102 2004 187 2074 κατὰ,
205 2016 323 2091 μοῖραν
343 2008 476 2084 ε’ξίοντες
498 2007 618 2092 α’θρόον
640 2011 702 2072 τοῖν
726 2003 863 2093 πόλεων,
898 2009 954 2070 κατ’
969 2003 1102 2081 τούτους
1122 2026 1203 2069 στω-

101 2105 206 2193 ρύδας
226 2108 542 2191 καταλαμβάνοντες,
575 2107 632 2192 τήν
651 2131 683 2174 τε
713 2115 802 2174 λείαν
826 2097 974 2195 α’φῄροον
996 2110 1051 2170 κατ’
1067 2107 1203 2180 πολλούς

106 2205 246 2295 ἀνῄρουν
269 2209 324 2272 καί
356 2210 489 2297 ζωχρείρι
515 2208 703 2291 ἐλάμβανον.
757 2209 870 2272 τούτου
892 2211 927 2272 δὲ
948 2211 1129 2290 γενομένου,
1151 2207 1214 2293 καίΙ

57 2307 208 2394 νοφόβου
230 2308 445 2391 κατασχόντος
465 2308 538 2385 τούς
558 2312 740 2389 ἐναντίους,
761 2305 938 2389 διαστολὴν
959 2305 1053 2387 ἔλαβε
1075 2302 1110 2370 τό
1136 2307 1204 2368 δει-

101 2407 159 2474 νόν
176 2413 232 2492 τῆς
248 2411 421 2494 ἐπιδρομῆς
433 2461 442 2492 ,
467 2413 522 2474 καί
540 2408 569 2475 οἱ
591 2407 676 2484 ε’ντός
702 2411 759 2492 τῆς
779 2410 919 2494 Σιδηροῖς
939 2411 1106 2491 λεγομένης
1129 2398 1204 2469 αἴνει

104 2531 159 2572 σιν
183 2511 237 2592 τῆς
257 2512 413 2591 συνεχοῦς
433 2512 634 2595 καταδρομῆς
655 2512 862 2592 εἰσεδόχοντο.

203 2607 250 2672 Ἐν
269 2607 407 2698 τοσούτῳ
429 2611 464 2675 δὲ
480 2613 537 2676 τού
552 2613 695 2694 θύραθεν
710 2607 917 2695 λωφήσαντος
933 2608 1110 2692 μοχησμού
1128 2605 1203 2673 αἰνε-

103 2918 215 2978 postero
237 2919 325 2963 autem
350 2911 393 2962 die
415 2911 554 2981 congressi
573 2912 643 2963 inter
660 2927 689 2964 se
707 2909 846 2962 nonnullis
864 2911 984 2975 partibus
1001 2919 1079 2980 targa
1096 2917 1204 2965 vertunt

104 2981 241 3048 Scythae·
265 2989 291 3032 at
310 2997 371 3034 eum
381 2983 542 3036 cecidissent
558 2981 691 3045 nonnulli,
711 2982 795 3032 ceteri
813 2981 840 3031 in
859 2982 914 3032 suis
933 2984 1026 3034 castris
1045 2990 1193 3053 servantur.

209 3065 325 3120 Dolcbat
349 3071 430 3138 igitur
455 3085 504 3122 rex
529 3077 556 3120 et
579 3069 802 3120 machinationem
827 3069 975 3134 quaesivit,
999 3084 1051 3137 qua
1069 3069 1205 3136 repellere

103 3145 196 3206 posset
209 3138 317 3190 hostes:
330 3142 389 3208 ipse
409 3143 478 3192 enim
492 3157 540 3224 per
554 3155 584 3193 se
597 3140 735 3206 imperium
748 3139 871 3204 recipere
885 3137 951 3189 belli
970 3137 1035 3191 licet
1053 3139 1139 3192 vellet
1150 3153 1205 3192 nou
1257 3188 1264 3194 .

103 3217 219 3276 poterat,
238 3210 330 3262 morbo
344 3212 488 3279 podagrico
510 3214 581 3263 eirca
595 3211 776 3262 extremitates
792 3209 861 3260 male
879 3217 1000 3276 vexatus,
1015 3219 1045 3262 ut
1057 3212 1164 3264 omniuo
1177 3211 1205 3263 ln

104 3279 241 3364 publicum
257 3283 364 3348 prodire
383 3297 436 3333 non
450 3291 542 3349 posset
557 3291 584 3334 et
602 3297 650 3350 pro
665 3281 734 3366 pede
752 3287 873 3332 uteretur
892 3297 979 3332 curru.
1004 3283 1098 3335 dueum
1118 3292 1206 3336 autern

103 3353 239 3420 ignaviam
261 3367 426 3420 cognoscens
440 3357 480 3404 et
507 3354 533 3404 in
565 3353 777 3406 necessariorum
798 3354 1024 3405 administratione
1051 3357 1205 3424 impruden-

103 3425 184 3485 tiant,
203 3433 283 3474 anani
306 3423 456 3490 reperiebat
482 3425 664 3491 repulsionem
686 3424 805 3475 continui
828 3425 999 3476 barbarorum
1023 3428 1152 3493 impetus,
1177 3427 1206 3476 iu

103 3494 247 3561 praesidiis
272 3495 485 3547 distributionem
512 3496 632 3548 militum.
677 3503 757 3563 atque
782 3497 822 3546 sie
853 3497 881 3547 in
909 3498 1002 3548 castris
1028 3513 1058 3548 se
1082 3504 1205 3548 tenentes

103 3564 219 3616 reddens
245 3580 291 3618 eos
320 3574 346 3617 et
369 3566 484 3634 aliquem
509 3566 628 3617 Latinum
656 3569 741 3618 virum
759 3566 878 3617 nobilem
897 3569 1009 3618 maxime
1028 3575 1158 3633 promtum
1179 3573 1206 3616 et

104 3637 132 3685 ln
152 3637 340 3702 cognoscendo
354 3639 534 3690 necessarium
553 3637 658 3687 nemine
677 3639 806 3687 minorem
825 3636 866 3687 lris
885 3638 978 3688 ducem
996 3639 1134 3703 imponens
1153 3637 1205 3689 ho.

104 3708 183 3760 stium
208 3707 375 3759 incursiones
396 3717 552 3775 exspectare
571 3709 656 3759 iussit.
695 3707 868 3759 observantes
888 3709 971 3774 igitur
989 3723 1036 3759 eos
1060 3709 1088 3758 in
1108 3723 1205 3761 excnr.

104 3777 226 3829 sionibus
245 3787 271 3828 et
289 3779 406 3845 raptibus
426 3783 567 3847 regionum
580 3779 672 3829 ordine
692 3781 795 3845 egressi
815 3778 891 3830 simul
911 3778 1020 3830 urbibus
1040 3788 1067 3830 et
1085 3779 1134 3831 hos
1146 3781 1204 3832 dis·
1212 3791 1228 3810 ·

8 3859 11 3868 '
104 3861 200 3914 pensos
227 3849 457 3915 deprehendentes
484 3849 572 3916 spolia
597 3848 763 3914 abripiebaat
789 3857 816 3900 et
840 3848 937 3900 multos
963 3851 1159 3901 interficiebant
1178 3859 1205 3900 et

104 3921 185 3971 vivos
205 3919 353 3985 capiebant.
393 3937 444 3988 quo
465 3921 537 3972 lacto
557 3934 616 3971 cum
630 3928 714 3969 metus
736 3920 870 3970 obtineret
889 3920 995 3983 hostes,
1023 3922 1205 3988 repulsionem

105 3989 221 4041 babebat
238 3990 409 4056 periculam
402 3992 562 4044 incursionis
575 3998 601 4040 et
619 3991 664 4056 qui
668 3980 748 4042 intus
765 3993 860 4041 erant¹
853 4007 880 4041 tn
891 3991 989 4043 Ferrea
1002 3991 1051 4043 illa
1069 3994 1139 4044 dieta
1156 4006 1204 4040 re.
1256 3990 1262 3995 ’

104 4062 258 4113 missionem
278 4063 397 4114 continui
419 4065 531 4129 impetus
552 4059 728 4128 accipiebant.

203 4147 309 4234 litteren
333 4166 391 4201 cum
419 4159 558 4202 arternum
580 4157 712 4202 cessasset
738 4148 880 4216 proelium,
905 4152 1019 4202 animum
1043 4155 1204 4215 receperunt
