2875 4734
575 291 782 364 HISTORIA.
908 320 915 330 ‘
1156 287 1225 362 165

128 456 244 542 σκηνὴν
266 455 506 538 οἷποτουχθῆναι
527 455 587 520 καί
604 456 780 539 θεραπείαν
805 451 1019 537 ἁρμόζουσαν,
1040 455 1229 522 σύνδειπνον

86 611 90 620 .
128 555 226 622 αύτόν
261 555 374 621 αύτίιιοι
396 558 451 620 καί
479 555 662 635 ὁμοδίαιτον
695 557 928 639 α’πειργύσατο,
953 557 999 640 μὴ
1021 556 1109 643 παραὶ
1131 559 1229 638 μέρος

127 661 262 731 καθίσας
284 656 392 738 αύτόν,
405 654 495 734 Ια’λλιὶ
516 656 690 741 σύνθρονον
706 659 741 721 ἐν
758 655 908 741 εύθύτητι
924 661 981 740 τῆς
1002 658 1145 742 ἐκκρίτου
1168 655 1229 720 τύ-

127 763 202 836 ξεως
224 758 279 821 καί
299 752 452 835 ὁμόδοξον
478 756 559 820 κατὰ
588 757 645 839 τὴν
676 756 1023 841 τιμὴνζποιησύμενος.
1074 749 1157 818 οὕτω
1179 759 1228 831 δίς
1272 825 1275 828 ,

97 859 323 944 ὁτῆςῆμίρας
344 859 573 940 συνερχόμενος
591 854 691 946 τούτῳ
714 864 770 924 καί
789 862 965 938 συλλαλαῖν,
989 858 1044 922 καί
1064 858 1144 939 πρός
1163 883 1228 920 πα-

125 953 279 1043 ρύκλησιν
302 953 521 1037 ἀνακτώμενος
543 955 595 1022 διό
618 963 744 1023 πολλῶν
765 958 956 1048 ε’πφσμύτων
979 957 1159 1042 ἀναγόντων
1180 961 1228 1034 εἰς

122 1057 181 1139 τόν
203 1054 355 1138 βιωτικήν
381 1061 596 1143 περιπέτειαν,
618 1063 733 1141 μέχρις
754 1059 891 1141 ι’ἦμεραόν
914 1056 996 1122 ύκταό
1024 1062 1086 1122 τοῖν
1107 1057 1226 1138 ὁμοίιον
1263 1074 1265 1079 “

125 1156 213 1242 αύτῷ
234 1152 390 1221 ἐκοινώνει
412 1158 467 1218 καί
488 1155 589 1236 λύγων
613 1159 668 1220 καί
690 1157 786 1238 ἁλῶν,
808 1159 890 1238 μηδὲ
910 1159 1007 1239 μέχρι
1028 1159 1083 1221 καί
1099 1161 1227 1240 βραχυ-

123 1255 221 1322 τοίτου
245 1255 340 1339 λόγον
363 1253 443 1337 πρός
471 1258 581 1320 τοῦτον
604 1256 893 1345 ἐμπεπαρφνηκαός,
917 1252 937 1341 ἢ
958 1251 1030 1322 ὅσοι
1051 1258 1227 1322 δοκούντων
1275 1295 1278 1300 -

79 1373 113 1426 10
126 1359 220 1424 τιναδν
256 1355 455 1438 σφαλμάτων
492 1359 525 1420 ἐν
559 1359 598 1445 τῇ
634 1357 737 1445 ἐλάσει
766 1362 823 1439 τῆς
850 1362 1005 1441 στρατιᾶς
1034 1357 1227 1442 ὑπομνήσας,

123 1457 219 1522 όπύτε
241 1455 296 1520 καί
303 1451 336 1539 ἦ
358 1459 415 1521 τού
433 1461 511 1520 θεοῦ
539 1465 639 1542 κρίσις
660 1456 743 1538 μετὰ
765 1461 828 1523 τῶν
850 1451 955 1522 ἄλλων
987 1459 1154 1522 κάνταῦθα
1176 1461 1228 1522 δι-

123 1561 199 1624 καία
223 1557 276 1621 καί
305 1557 445 1646 ἄρρειιῆς
475 1562 644 1644 κατεφάνη.
698 1559 736 1622 ού
769 1557 829 1641 γύρ
857 1558 886 1623 οἱ
916 1553 1013 1644 ἄλλοι,
1027 1558 1124 1639 μόνον
1145 1559 1226 1624 ἀλλὰ

123 1659 179 1722 καί
199 1655 297 1732 αύτδς
320 1645 336 1719 δ
361 1660 497 1733 οἱλωθείς
519 1652 783 1740 βασιλεύςιόξιον
813 1655 897 1725 εἶναι
920 1666 1009 1725 νικᾶν
1031 1660 1129 1726 αύτόν
1149 1662 1227 1723 οἷπε-

124 1756 257 1844 φήνατο,
281 1761 311 1822 εἰ
331 1757 425 1839 νόμον
443 1759 485 1842 μῆ
510 1759 593 1841 ἔχων
618 1761 744 1842 α’γαπιῖν
773 1762 848 1836 τούς
868 1759 1008 1845 ε’χθρούς
1029 1762 1228 1843 ύυεπαισθή-
1265 1802 1271 1814 =

79 1872 112 1924 15
124 1883 186 1935 τως
208 1867 297 1924 ποιεί
313 1859 367 1924 τόν
389 1865 475 1924 θεῖον
497 1859 594 1941 νόμον
608 1863 641 1926 ἐκ
664 1866 803 1946 φυσικῆς
824 1867 878 1926 καί
893 1856 1018 1943 ἀγαθῆς
1034 1864 1227 1936 διαθέσεως·

123 1960 165 2022 ου’
186 1957 246 2045 γύρ
270 1967 336 2034 τοῖς
371 1957 568 2043 ύπερόπταις
597 1961 613 2027 ὃ
637 1965 837 2047 παντίφορος
858 1958 1026 2052 ὀφθαλμός
1057 1960 1135 2024 ἀλλά
1161 1972 1227 2037 τοῖς

123 2069 282 2136 ταπεινοῖς
302 2067 357 2126 καί
378 2067 563 2142 συμπαθέσι
583 2061 617 2128 ro*
642 2061 758 2146 κρότος
779 2059 970 2147 χειροτονεί,
1002 2064 1073 2126 ε’πεί
1092 2061 1138 2146 μὴ
1159 2060 1227 2127 ἔστι

122 2166 387 2245 προσωποληιμία,
409 2161 488 2228 κατὰ
511 2165 564 2227 τὸν
586 2169 674 2228 θεῖον
688 2168 825 2228 Παῦλον
842 2167 951 2244 εἰπεῖν,
975 2162 1062 2246 παρὰ
1086 2164 1127 2248 τῷ
1146 2165 1224 2250 θεῷ.

124 2264 178 2326 καί
199 2258 261 2344 γαρ
296 2259 330 2327 ἔν
354 2287 417 2327 τινι
449 2266 591 2352 συλλόγῳ
615 2263 864 2347 διερωτήσαντος
893 2267 952 2327 τού
973 2262 1150 2328 σουλτύνου
1173 2260 1227 2326 τόν

77 2378 112 2432 to
120 2365 256 2445 βασιλέα
272 2357 327 2427 “u'
345 2359 383 2426 dt
395 2361 533 2445 ἔδρασας
546 2367 577 2428 εί
595 2359 694 2438 οὕτως
711 2361 803 2445 ἔσχες
822 2356 917 2438 αύτός
932 2366 988 2443 ἐμὲ
1011 2361 1229 2444 ύποχείριον;”

123 2463 340 2549 αἰνυποκρίτως
364 2463 418 2528 καί
437 2464 632 2540 α’θωπεύτως
660 2467 775 2537 ἐκεῖνος
802 2461 988 2547 α’πὴγγειλεν
1005 2458 1076 2526 “dat
1097 2468 1228 2554 πολλαῖς

121 2570 194 2637 ταῖς
226 2570 358 2648 πληγαῖς
388 2561 630 2651 κατεδαπάνησό
663 2590 719 2631 σου
751 2562 784 2628 τό
821 2568 914 2646 σῶμα
943 2563 1107 2648 γίνωσκε.”
1150 2563 1167 2626 ὁ
1191 2565 1226 2627 δὲ

116 2661 209 2728 “α’λλ’
231 2660 319 2747 ε’γω”’
344 2668 443 2753 φησίν
457 2665 518 2730 “ot
537 2667 723 2751 μιμήσομαί
743 2689 802 2732 σου
825 2663 861 2730 τδ
886 2665 1047 2749 αύστρρὸν
1068 2665 1122 2730 καί
1142 2659 1225 2728 dnl-

122 2988 266 3041 tentorium
294 2995 431 3053 pararetur
458 2997 485 3040 et
507 2989 594 3042 cultus
619 2990 748 3051 idoneus,
774 3000 876 3037 coenae
905 3001 964 3036 eum
984 2986 1071 3039 statim
1091 2994 1118 3035 et
1136 2986 1223 3039 rictus

123 3061 225 3114 socium
243 3059 366 3124 reddidit,
389 3076 446 3112 cum
467 3077 525 3111 eum
543 3074 598 3111 non
615 3067 722 3124 praeter
742 3057 860 3106 ordinem
881 3059 1066 3118 constitueret,
1086 3056 1133 3106 sed
1152 3058 1225 3110 assi.

122 3133 228 3183 dentem
254 3132 370 3199 ingenue
400 3131 486 3183 electo
506 3127 623 3179 concilio
644 3135 671 3178 ct
694 3142 779 3193 aeque
799 3126 903 3176 honore
930 3126 1092 3177 celebratum
1112 3126 1223 3177 laceret.

122 3205 161 3254 ita
178 3202 219 3254 bis
239 3218 286 3269 per
307 3203 376 3253 diem
395 3203 427 3252 ad
447 3200 517 3250 bunc
537 3199 648 3250 veniens
669 3207 695 3249 et
715 3196 888 3248 confabulans
920 3213 979 3248 cum
998 3212 1031 3248 eo
1051 3205 1079 3247 ot
1097 3199 1129 3249 ad
1147 3197 1223 3250 sola.

122 3275 188 3326 tium
212 3276 356 3326 restituens
381 3270 470 3321 multis
490 3269 675 3333 sermonibus,
696 3270 741 3336 qui
760 3270 831 3320 vitae
858 3271 1029 3321 mutationem
1055 3277 1225 3335 revocarent,

122 3362 172 3414 per
191 3354 252 3397 octo
270 3345 327 3396 dies
349 3358 407 3392 eum
433 3352 465 3390 eo
494 3341 585 3408 eadem
612 3341 821 3392 communicabat
847 3342 929 3392 verba
956 3349 982 3392 et
1000 3341 1092 3406 salem,
1113 3358 1172 3393 cnm
1190 3357 1225 3392 ne

122 3421 151 3470 in
170 3418 278 3468 minimo
298 3414 404 3482 quidem
421 3427 543 3464 sermone
562 3413 632 3465 hunc
654 3414 802 3465 offenderet
827 3430 915 3481 neque
937 3415 1062 3480 quosdam
1080 3417 1107 3465 in
1129 3430 1225 3481 perse.

123 3491 233 3542 cutione
264 3485 397 3536 exercitus
418 3499 521 3555 errores
541 3496 779 3551 commemoraret,
805 3487 908 3555 qnando
929 3489 1008 3538 etiam
1035 3488 1079 3538 dei
1098 3485 1225 3542 iudicium

121 3568 154 3614 ut
171 3561 199 3609 in
219 3556 316 3606 ceteris
335 3555 371 3605 ita
391 3554 435 3606 bic
454 3571 560 3625 qnoque
580 3557 676 3610 iustum
698 3567 725 3610 et
742 3559 877 3610 immotum
895 3560 1026 3627 apparuit.
1046 3573 1134 3624 neque
1154 3555 1224 3606 enim

123 3629 209 3684 ceteri
228 3625 314 3678 solnm
333 3628 380 3679 sed
400 3621 503 3695 etipse
522 3645 570 3681 rex
590 3639 682 3697 captus
707 3631 815 3697 dignum
836 3646 895 3680 eum
916 3645 975 3681 esse
996 3628 1112 3677 victoria
1130 3626 1223 3679 decla.

122 3703 203 3764 ravit,
225 3699 347 3766 quoniam
366 3698 454 3767 legem
482 3716 535 3752 non
555 3701 655 3753 babens
680 3701 809 3770 diligendi
836 3702 927 3752 bostes
947 3699 1045 3749 sensim
1064 3698 1118 3749 sibi
1134 3699 1226 3750 statuit

123 3776 214 3841 legem
233 3770 349 3822 divinam
369 3788 384 3822 e
403 3772 472 3824 bona
500 3782 611 3824 naturae
629 3788 693 3824 suae
715 3773 906 3840 dispositione:
931 3785 1020 3837 neque
1040 3771 1108 3820 enim
1127 3785 1224 3837 super.

123 3846 165 3898 bis
192 3843 280 3895 omnia
303 3844 484 3911 contemplans
513 3846 586 3914 (dei)
618 3842 711 3895 oculus
737 3845 785 3895 sed
803 3842 927 3894 tenuibus
954 3849 981 3892 et
1009 3841 1224 3894 misericordibus

125 3916 267 3972 victoriani
286 3915 388 3979 tribuit,
409 3932 466 3966 cum
484 3922 538 3968 n'on
558 3918 601 3981 sit,
627 3923 655 3966 nt
672 3915 817 3971 secundum
835 3912 944 3964 Paulum
963 3915 1053 3964 divum
1073 3914 1224 3980 loquamur,
1268 3966 1273 3973 ,

127 4003 212 4040 coram
232 3986 282 4037 deo
300 3987 448 4039 nobilitatis
466 3995 619 4054 respectus:
640 4001 698 4036 cum
718 3987 788 4036 enim
808 4001 855 4052 per
874 3985 1037 4053 colloquium
1057 3987 1224 4050 interrogas-

127 4066 169 4110 set
188 4058 309 4112 sultanus
330 4074 431 4125 regem,
453 4061 514 4124 quid
534 4068 571 4123 tn,
592 4059 688 4124 inquit,
709 4057 836 4121 fecisses,
855 4059 878 4110 si
899 4059 936 4109 ita
955 4072 995 4108 me
1014 4057 1072 4122 ipse
1091 4054 1223 4104 subditum
1237 4081 1251 4089 ε

128 4130 276 4194 habuisses,
294 4129 343 4182 illc
364 4131 469 4182 sincere
489 4139 516 4181 et
534 4131 593 4181 sine
613 4129 668 4180 ulla
688 4131 868 4180 assentatione
887 4129 1039 4196 respondit:
1059 4125 1163 4190 accipe,
1181 4139 1223 4174 me

128 4208 199 4252 tuum
230 4214 326 4270 eorpus
360 4201 448 4254 multis
476 4201 632 4256 verberibus
661 4201 844 4253 coniecturum
872 4201 964 4254 luisse.
1009 4204 1062 4248 tum
1089 4196 1147 4247 bic:
1177 4194 1225 4248 sed
1266 4259 1270 4263 ¹
