<?xml version="1.0" encoding="UTF-8"?>
<!DOCTYPE html PUBLIC "-//W3C//DTD XHTML 1.0 Transitional//EN"
    "http://www.w3.org/TR/xhtml1/DTD/xhtml1-transitional.dtd">
<html xmlns="http://www.w3.org/1999/xhtml" xml:lang="en" lang="en">
 <head>
  <title>
</title>
<meta http-equiv="Content-Type" content="text/html;charset=utf-8" />
  <meta name='ocr-system' content='tesseract 3.04.00' />
  <meta name='ocr-capabilities' content='ocr_page ocr_carea ocr_par ocr_line ocrx_word'/>
</head>
<body>
  <div class='ocr_page' id='page_1' title='image "./corpusscriptoru05theogoog/corpusscriptoru05theogoog_0293.png"; bbox 0 0 2875 4734; ppageno 0'>
   <div class='ocr_carea' id='block_1_1' title="bbox 513 280 1209 371">
    <p class='ocr_par' dir='ltr' id='par_1_1' title="bbox 513 280 1209 371">
     <span class='ocr_line' id='line_1_1' title="bbox 513 280 1209 371; baseline 0.019 -13"><span class='ocrx_word' id='word_1_1' title='bbox 513 292 517 300; x_wconf 65' lang='grc'><strong>“</strong></span> <span class='ocrx_word' id='word_1_2' title='bbox 544 280 755 361; x_wconf 73' lang='lat' dir='ltr'><strong>numam</strong></span> <span class='ocrx_word' id='word_1_3' title='bbox 1136 287 1209 371; x_wconf 73' lang='lat' dir='ltr'><strong><em>otu</em></strong></span> 
     </span>
    </p>
   </div>
   <div class='ocr_carea' id='block_1_2' title="bbox 59 458 1346 2654">
    <p class='ocr_par' dir='ltr' id='par_1_2' title="bbox 59 458 1346 2654">
     <span class='ocr_line' id='line_1_2' title="bbox 117 458 1212 552; baseline 0 -21"><span class='ocrx_word' id='word_1_4' title='bbox 117 490 181 551; x_wconf 89' lang='grc' dir='ltr'><strong><em>ρων</em></strong></span> <span class='ocrx_word' id='word_1_5' title='bbox 201 469 257 530; x_wconf 83' lang='grc' dir='ltr'><strong><em>καί</em></strong></span> <span class='ocrx_word' id='word_1_6' title='bbox 276 458 380 546; x_wconf 80' lang='grc' dir='ltr'><strong><em>ὅρκων</em></strong></span> <span class='ocrx_word' id='word_1_7' title='bbox 400 461 636 546; x_wconf 73' lang='grc' dir='ltr'><strong><em>συστήσασθαι.</em></strong></span> <span class='ocrx_word' id='word_1_8' title='bbox 694 460 746 529; x_wconf 85' lang='grc' dir='ltr'><strong><em>ύτε</em></strong></span> <span class='ocrx_word' id='word_1_9' title='bbox 768 468 804 530; x_wconf 88' lang='grc' dir='ltr'><strong><em>δέ</em></strong></span> <span class='ocrx_word' id='word_1_10' title='bbox 830 465 865 532; x_wconf 87' lang='grc' dir='ltr'><strong><em>τὸ</em></strong></span> <span class='ocrx_word' id='word_1_11' title='bbox 886 463 975 552; x_wconf 76' lang='grc' dir='ltr'><strong><em>ἔργον</em></strong></span> <span class='ocrx_word' id='word_1_12' title='bbox 994 472 1050 552; x_wconf 86' lang='grc' dir='ltr'><strong><em>τῆς</em></strong></span> <span class='ocrx_word' id='word_1_13' title='bbox 1067 490 1212 549; x_wconf 80' lang='grc' dir='ltr'><strong><em>συνωμο-</em></strong></span> 
     </span>
     <span class='ocr_line' id='line_1_3' title="bbox 115 559 1212 652; baseline 0.002 -21"><span class='ocrx_word' id='word_1_14' title='bbox 115 562 186 641; x_wconf 83' lang='grc' dir='ltr'><strong><em>σίας</em></strong></span> <span class='ocrx_word' id='word_1_15' title='bbox 206 563 382 648; x_wconf 74' lang='grc' dir='ltr'><strong><em>ἐπλήρωσε,</em></strong></span> <span class='ocrx_word' id='word_1_16' title='bbox 402 563 458 628; x_wconf 82' lang='grc' dir='ltr'><strong><em>καί</em></strong></span> <span class='ocrx_word' id='word_1_17' title='bbox 479 567 524 638; x_wconf 82' lang='grc' dir='ltr'><strong><em>εἷς</em></strong></span> <span class='ocrx_word' id='word_1_18' title='bbox 546 563 581 628; x_wconf 88' lang='grc' dir='ltr'><strong><em>τύ</em></strong></span> <span class='ocrx_word' id='word_1_19' title='bbox 606 559 717 650; x_wconf 82' lang='grc' dir='ltr'><strong><em>αύριον</em></strong></span> <span class='ocrx_word' id='word_1_20' title='bbox 739 568 954 651; x_wconf 80' lang='grc' dir='ltr'><strong><em>α’ναχορεύσαι</em></strong></span> <span class='ocrx_word' id='word_1_21' title='bbox 971 565 1025 631; x_wconf 87' lang='grc' dir='ltr'><strong><em>τδν</em></strong></span> <span class='ocrx_word' id='word_1_22' title='bbox 1039 573 1212 652; x_wconf 89' lang='grc' dir='ltr'><strong><em>Βρυέννιον</em></strong></span> 
     </span>
     <span class='ocr_line' id='line_1_4' title="bbox 114 651 1211 752; baseline -0.001 -20"><span class='ocrx_word' id='word_1_23' title='bbox 114 668 152 732; x_wconf 91' lang='grc' dir='ltr'><strong><em>τά</em></strong></span> <span class='ocrx_word' id='word_1_24' title='bbox 173 668 236 730; x_wconf 87' lang='grc' dir='ltr'><strong><em>τῶν</em></strong></span> <span class='ocrx_word' id='word_1_25' title='bbox 253 668 483 746; x_wconf 74' lang='grc' dir='ltr'><strong><em>συναραμένων</em></strong></span> <span class='ocrx_word' id='word_1_26' title='bbox 505 665 589 752; x_wconf 85' lang='grc' dir='ltr'><strong><em>αύτῆ</em></strong></span> <span class='ocrx_word' id='word_1_27' title='bbox 612 665 840 748; x_wconf 85' lang='grc' dir='ltr'><strong><em>διεσκέψαντο,</em></strong></span> <span class='ocrx_word' id='word_1_28' title='bbox 873 658 918 743; x_wconf 83' lang='grc' dir='ltr'><strong><em>εἷς</em></strong></span> <span class='ocrx_word' id='word_1_29' title='bbox 939 666 1057 734; x_wconf 90' lang='grc' dir='ltr'><strong><em>τούτων</em></strong></span> <span class='ocrx_word' id='word_1_30' title='bbox 1075 651 1211 752; x_wconf 82' lang='grc' dir='ltr'><strong><em>χάριτας</em></strong></span> 
     </span>
     <span class='ocr_line' id='line_1_5' title="bbox 114 751 1211 851; baseline -0.005 -19"><span class='ocrx_word' id='word_1_31' title='bbox 114 771 148 832; x_wconf 79' lang='grc' dir='ltr'><strong><em>ἐκ</em></strong></span> <span class='ocrx_word' id='word_1_32' title='bbox 169 766 265 832; x_wconf 88' lang='grc' dir='ltr'><strong><em>τινῶν</em></strong></span> <span class='ocrx_word' id='word_1_33' title='bbox 286 752 550 847; x_wconf 79' lang='grc' dir='ltr'><strong><em>προηγησαμένων</em></strong></span> <span class='ocrx_word' id='word_1_34' title='bbox 579 768 725 848; x_wconf 88' lang='grc' dir='ltr'><strong><em>χρηστῶν</em></strong></span> <span class='ocrx_word' id='word_1_35' title='bbox 755 767 918 849; x_wconf 80' lang='grc' dir='ltr'><strong><em>ὁμολογεῖν</em></strong></span> <span class='ocrx_word' id='word_1_36' title='bbox 948 765 1031 849; x_wconf 86' lang='grc' dir='ltr'><strong><em>έχων</em></strong></span> <span class='ocrx_word' id='word_1_37' title='bbox 1052 751 1109 848; x_wconf 80' lang='grc' dir='ltr'><strong><em>μοι</em></strong></span> <span class='ocrx_word' id='word_1_38' title='bbox 1129 789 1211 851; x_wconf 89' lang='grc' dir='ltr'><strong><em>προ-</em></strong></span> 
     </span>
     <span class='ocr_line' id='line_1_6' title="bbox 89 862 1209 955; baseline 0.003 -27"><span class='ocrx_word' id='word_1_39' title='bbox 89 870 232 949; x_wconf 71' lang='grc' dir='ltr'><strong><em>5σῆλθεν</em></strong></span> <span class='ocrx_word' id='word_1_40' title='bbox 264 862 347 946; x_wconf 85' lang='grc' dir='ltr'><strong><em>άωρί</em></strong></span> <span class='ocrx_word' id='word_1_41' title='bbox 379 866 442 926; x_wconf 90' lang='grc' dir='ltr'><strong><em>τῶν</em></strong></span> <span class='ocrx_word' id='word_1_42' title='bbox 469 866 603 944; x_wconf 81' lang='grc' dir='ltr'><strong><em>νυκτῶν,</em></strong></span> <span class='ocrx_word' id='word_1_43' title='bbox 628 869 688 955; x_wconf 73' lang='grc' dir='ltr'><strong><em>καί</em></strong></span> <span class='ocrx_word' id='word_1_44' title='bbox 718 866 777 949; x_wconf 90' lang='grc' dir='ltr'><strong><em>τῆν</em></strong></span> <span class='ocrx_word' id='word_1_45' title='bbox 796 868 968 951; x_wconf 74' lang='grc' dir='ltr'><strong><em>ἐπιβουλὴν</em></strong></span> <span class='ocrx_word' id='word_1_46' title='bbox 997 867 1209 952; x_wconf 83' lang='grc' dir='ltr'><strong><em>ύπεσῆμανεν.</em></strong></span> 
     </span>
     <span class='ocr_line' id='line_1_7' title="bbox 114 962 1211 1051; baseline 0.003 -23"><span class='ocrx_word' id='word_1_47' title='bbox 114 962 211 1039; x_wconf 84' lang='grc' dir='ltr'><strong><em>αύτός</em></strong></span> <span class='ocrx_word' id='word_1_48' title='bbox 242 965 277 1026; x_wconf 83' lang='grc' dir='ltr'><strong><em>δέ</em></strong></span> <span class='ocrx_word' id='word_1_49' title='bbox 307 962 407 1027; x_wconf 84' lang='grc' dir='ltr'><strong><em>πολλὰ</em></strong></span> <span class='ocrx_word' id='word_1_50' title='bbox 428 964 644 1051; x_wconf 81' lang='grc' dir='ltr'><strong><em>δυσχεράνας,</em></strong></span> <span class='ocrx_word' id='word_1_51' title='bbox 675 964 730 1029; x_wconf 86' lang='grc' dir='ltr'><strong><em>καί</em></strong></span> <span class='ocrx_word' id='word_1_52' title='bbox 758 965 856 1030; x_wconf 84' lang='grc' dir='ltr'><strong><em>πολύν</em></strong></span> <span class='ocrx_word' id='word_1_53' title='bbox 888 964 1070 1048; x_wconf 78' lang='grc' dir='ltr'><strong><em>ὀνειδισμὸν</em></strong></span> <span class='ocrx_word' id='word_1_54' title='bbox 1091 964 1211 1031; x_wconf 87' lang='grc' dir='ltr'><strong><em>τούτων</em></strong></span> 
     </span>
     <span class='ocr_line' id='line_1_8' title="bbox 112 1060 1211 1151; baseline 0.002 -23"><span class='ocrx_word' id='word_1_55' title='bbox 112 1067 169 1128; x_wconf 85' lang='grc' dir='ltr'><strong><em>καί</em></strong></span> <span class='ocrx_word' id='word_1_56' title='bbox 193 1064 341 1145; x_wconf 79' lang='grc' dir='ltr'><strong><em>μυκτῆρα</em></strong></span> <span class='ocrx_word' id='word_1_57' title='bbox 379 1066 612 1146; x_wconf 76' lang='grc' dir='ltr'><strong><em>καταχεάμενος</em></strong></span> <span class='ocrx_word' id='word_1_58' title='bbox 642 1062 686 1141; x_wconf 82' lang='grc' dir='ltr'><strong><em>ῶς</em></strong></span> <span class='ocrx_word' id='word_1_59' title='bbox 713 1067 975 1149; x_wconf 81' lang='grc' dir='ltr'><strong><em>καταπροδόντων</em></strong></span> <span class='ocrx_word' id='word_1_60' title='bbox 1002 1066 1058 1151; x_wconf 88' lang='grc' dir='ltr'><strong><em>τῆν</em></strong></span> <span class='ocrx_word' id='word_1_61' title='bbox 1088 1060 1211 1130; x_wconf 75' lang='grc' dir='ltr'><strong><em>ἑαυτῶν</em></strong></span> 
     </span>
     <span class='ocr_line' id='line_1_9' title="bbox 111 1162 1212 1250; baseline -0.001 -20"><span class='ocrx_word' id='word_1_62' title='bbox 111 1168 282 1248; x_wconf 81' lang='grc' dir='ltr'><strong><em>σωτηρίαν,</em></strong></span> <span class='ocrx_word' id='word_1_63' title='bbox 303 1166 358 1227; x_wconf 86' lang='grc' dir='ltr'><strong><em>καί</em></strong></span> <span class='ocrx_word' id='word_1_64' title='bbox 385 1162 420 1227; x_wconf 89' lang='grc' dir='ltr'><strong><em>τύ</em></strong></span> <span class='ocrx_word' id='word_1_65' title='bbox 448 1168 503 1248; x_wconf 87' lang='grc' dir='ltr'><strong><em>τῆς</em></strong></span> <span class='ocrx_word' id='word_1_66' title='bbox 536 1165 671 1243; x_wconf 88' lang='grc' dir='ltr'><strong><em>πίστεως</em></strong></span> <span class='ocrx_word' id='word_1_67' title='bbox 702 1165 875 1248; x_wconf 84' lang='grc' dir='ltr'><strong><em>σύμβολον,</em></strong></span> <span class='ocrx_word' id='word_1_68' title='bbox 906 1166 1126 1250; x_wconf 87' lang='grc' dir='ltr'><strong><em>οίνυπονοῆτως</em></strong></span> <span class='ocrx_word' id='word_1_69' title='bbox 1152 1168 1212 1246; x_wconf 81' lang='grc' dir='ltr'><strong><em>μέν</em></strong></span> 
     </span>
     <span class='ocr_line' id='line_1_10' title="bbox 111 1257 1213 1350; baseline 0.003 -23"><span class='ocrx_word' id='word_1_70' title='bbox 111 1257 211 1327; x_wconf 88' lang='grc' dir='ltr'><strong><em>αύτύν</em></strong></span> <span class='ocrx_word' id='word_1_71' title='bbox 224 1267 279 1329; x_wconf 90' lang='grc' dir='ltr'><strong><em>καί</em></strong></span> <span class='ocrx_word' id='word_1_72' title='bbox 298 1271 365 1345; x_wconf 90' lang='grc' dir='ltr'><strong><em>μετ’</em></strong></span> <span class='ocrx_word' id='word_1_73' title='bbox 380 1263 549 1339; x_wconf 72' lang='grc' dir='ltr'><strong><em>ἐπιεικείας</em></strong></span> <span class='ocrx_word' id='word_1_74' title='bbox 564 1262 816 1350; x_wconf 71' lang='grc' dir='ltr'><strong><em>ἀπεπεμψάμην,</em></strong></span> <span class='ocrx_word' id='word_1_75' title='bbox 835 1268 1007 1350; x_wconf 83' lang='grc' dir='ltr'><strong><em>μελετήσας</em></strong></span> <span class='ocrx_word' id='word_1_76' title='bbox 1031 1269 1066 1332; x_wconf 82' lang='grc' dir='ltr'><strong><em>δὲ</em></strong></span> <span class='ocrx_word' id='word_1_77' title='bbox 1086 1291 1213 1350; x_wconf 87' lang='grc' dir='ltr'><strong><em>παραυ-</em></strong></span> 
     </span>
     <span class='ocr_line' id='line_1_11' title="bbox 72 1362 1211 1453; baseline 0.007 -27"><span class='ocrx_word' id='word_1_78' title='bbox 72 1377 102 1429; x_wconf 89' lang='grc'><strong><em>10</em></strong></span> <span class='ocrx_word' id='word_1_79' title='bbox 111 1370 181 1430; x_wconf 89' lang='grc' dir='ltr'><strong><em>τίκα</em></strong></span> <span class='ocrx_word' id='word_1_80' title='bbox 214 1363 271 1448; x_wconf 89' lang='grc' dir='ltr'><strong><em>τῆν</em></strong></span> <span class='ocrx_word' id='word_1_81' title='bbox 293 1364 384 1429; x_wconf 78' lang='grc' dir='ltr'><strong><em>πόλιν</em></strong></span> <span class='ocrx_word' id='word_1_82' title='bbox 404 1362 522 1449; x_wconf 89' lang='grc' dir='ltr'><strong><em>ταύτην</em></strong></span> <span class='ocrx_word' id='word_1_83' title='bbox 543 1371 597 1430; x_wconf 89' lang='grc' dir='ltr'><strong><em>καί</em></strong></span> <span class='ocrx_word' id='word_1_84' title='bbox 616 1363 671 1448; x_wconf 86' lang='grc' dir='ltr'><strong><em>τῆν</em></strong></span> <span class='ocrx_word' id='word_1_85' title='bbox 694 1365 865 1452; x_wconf 80' lang='grc' dir='ltr'><strong><em>ε’πιβουλῆν</em></strong></span> <span class='ocrx_word' id='word_1_86' title='bbox 895 1372 1051 1453; x_wconf 74' lang='grc' dir='ltr'><strong><em>ἐκφυγεῖν,</em></strong></span> <span class='ocrx_word' id='word_1_87' title='bbox 1074 1363 1211 1452; x_wconf 86' lang='grc' dir='ltr'><strong><em>ῶρμησα</em></strong></span> 
     </span>
     <span class='ocr_line' id='line_1_12' title="bbox 108 1459 1211 1553; baseline 0 -22"><span class='ocrx_word' id='word_1_88' title='bbox 108 1471 178 1548; x_wconf 88' lang='grc' dir='ltr'><strong><em>μέν,</em></strong></span> <span class='ocrx_word' id='word_1_89' title='bbox 203 1465 246 1541; x_wconf 85' lang='grc' dir='ltr'><strong><em>ῶς</em></strong></span> <span class='ocrx_word' id='word_1_90' title='bbox 268 1460 353 1549; x_wconf 87' lang='grc' dir='ltr'><strong><em>εἶχον</em></strong></span> <span class='ocrx_word' id='word_1_91' title='bbox 373 1463 512 1549; x_wconf 78' lang='grc' dir='ltr'><strong><em>ἡμιόνων</em></strong></span> <span class='ocrx_word' id='word_1_92' title='bbox 536 1470 591 1531; x_wconf 84' lang='grc' dir='ltr'><strong><em>καί</em></strong></span> <span class='ocrx_word' id='word_1_93' title='bbox 611 1466 715 1531; x_wconf 75' lang='grc' dir='ltr'><strong><em>ἳππων</em></strong></span> <span class='ocrx_word' id='word_1_94' title='bbox 738 1469 793 1532; x_wconf 86' lang='grc' dir='ltr'><strong><em>καί</em></strong></span> <span class='ocrx_word' id='word_1_95' title='bbox 812 1469 988 1553; x_wconf 77' lang='grc' dir='ltr'><strong><em>α’νδρῶττων</em></strong></span> <span class='ocrx_word' id='word_1_96' title='bbox 1004 1466 1131 1550; x_wconf 75' lang='grc' dir='ltr'><strong><em>καὶτῆς</em></strong></span> <span class='ocrx_word' id='word_1_97' title='bbox 1156 1459 1211 1531; x_wconf 82' lang='grc' dir='ltr'><strong><em>άλ-</em></strong></span> 
     </span>
     <span class='ocr_line' id='line_1_13' title="bbox 109 1564 1209 1652; baseline -0.001 -23"><span class='ocrx_word' id='word_1_98' title='bbox 109 1575 166 1650; x_wconf 95' lang='grc' dir='ltr'><strong><em>λης</em></strong></span> <span class='ocrx_word' id='word_1_99' title='bbox 186 1564 404 1651; x_wconf 77' lang='grc' dir='ltr'><strong><em>παρασκευῆς,</em></strong></span> <span class='ocrx_word' id='word_1_100' title='bbox 426 1566 461 1630; x_wconf 88' lang='grc' dir='ltr'><strong><em>έκ</em></strong></span> <span class='ocrx_word' id='word_1_101' title='bbox 480 1568 600 1650; x_wconf 90' lang='grc' dir='ltr'><strong><em>ταύτης</em></strong></span> <span class='ocrx_word' id='word_1_102' title='bbox 628 1568 845 1652; x_wconf 83' lang='grc' dir='ltr'><strong><em>ύποφοιτῆσαι</em></strong></span> <span class='ocrx_word' id='word_1_103' title='bbox 872 1570 1053 1642; x_wconf 89' lang='grc' dir='ltr'><strong><em>σπουδαίως</em></strong></span> <span class='ocrx_word' id='word_1_104' title='bbox 1072 1564 1209 1630; x_wconf 57' lang='lat' dir='ltr'><strong>landet</strong></span> 
     </span>
     <span class='ocr_line' id='line_1_14' title="bbox 110 1664 1211 1753; baseline 0.002 -24"><span class='ocrx_word' id='word_1_105' title='bbox 110 1665 262 1750; x_wconf 70' lang='grc' dir='ltr'><strong><em>λεληθύς,</em></strong></span> <span class='ocrx_word' id='word_1_106' title='bbox 291 1669 330 1728; x_wconf 88' lang='grc' dir='ltr'><strong><em>ού</em></strong></span> <span class='ocrx_word' id='word_1_107' title='bbox 348 1666 411 1749; x_wconf 90' lang='grc' dir='ltr'><strong><em>μῆν</em></strong></span> <span class='ocrx_word' id='word_1_108' title='bbox 439 1665 603 1750; x_wconf 72' lang='grc' dir='ltr'><strong><em>η’δυνῆδην</em></strong></span> <span class='ocrx_word' id='word_1_109' title='bbox 633 1666 686 1730; x_wconf 89' lang='grc' dir='ltr'><strong><em>διά</em></strong></span> <span class='ocrx_word' id='word_1_110' title='bbox 710 1666 743 1730; x_wconf 89' lang='grc' dir='ltr'><strong><em>τύ</em></strong></span> <span class='ocrx_word' id='word_1_111' title='bbox 769 1668 1134 1753; x_wconf 76' lang='grc' dir='ltr'><strong><em>προκατασφαλιοθῆναι</em></strong></span> <span class='ocrx_word' id='word_1_112' title='bbox 1152 1664 1211 1740; x_wconf 84' lang='grc' dir='ltr'><strong><em>τάς</em></strong></span> 
     </span>
     <span class='ocr_line' id='line_1_15' title="bbox 109 1762 1211 1851; baseline 0.004 -23"><span class='ocrx_word' id='word_1_113' title='bbox 109 1766 214 1838; x_wconf 84' lang='grc' dir='ltr'><strong><em>πύλας</em></strong></span> <span class='ocrx_word' id='word_1_114' title='bbox 241 1770 297 1851; x_wconf 88' lang='grc' dir='ltr'><strong><em>τῆς</em></strong></span> <span class='ocrx_word' id='word_1_115' title='bbox 318 1762 439 1840; x_wconf 88' lang='grc' dir='ltr'><strong><em>πόλεως</em></strong></span> <span class='ocrx_word' id='word_1_116' title='bbox 469 1771 601 1848; x_wconf 83' lang='grc' dir='ltr'><strong><em>μοχλοῖς</em></strong></span> <span class='ocrx_word' id='word_1_117' title='bbox 633 1770 775 1850; x_wconf 80' lang='grc' dir='ltr'><strong><em>σιδηροῖς</em></strong></span> <span class='ocrx_word' id='word_1_118' title='bbox 801 1767 857 1831; x_wconf 81' lang='grc' dir='ltr'><strong><em>καί</em></strong></span> <span class='ocrx_word' id='word_1_119' title='bbox 882 1764 1023 1842; x_wconf 80' lang='grc' dir='ltr'><strong><em>ὁπλίταις</em></strong></span> <span class='ocrx_word' id='word_1_120' title='bbox 1044 1764 1131 1851; x_wconf 82' lang='grc' dir='ltr'><strong><em>παρά</em></strong></span> <span class='ocrx_word' id='word_1_121' title='bbox 1156 1769 1211 1849; x_wconf 82' lang='grc' dir='ltr'><strong><em>τῆς</em></strong></span> 
     </span>
     <span class='ocr_line' id='line_1_16' title="bbox 69 1862 1346 1951; baseline 0.002 -22"><span class='ocrx_word' id='word_1_122' title='bbox 69 1869 167 1938; x_wconf 83' lang='grc' dir='ltr'><strong><em>15τού</em></strong></span> <span class='ocrx_word' id='word_1_123' title='bbox 188 1864 335 1951; x_wconf 83' lang='grc' dir='ltr'><strong><em>Βατάτζη</em></strong></span> <span class='ocrx_word' id='word_1_124' title='bbox 360 1864 527 1947; x_wconf 77' lang='grc' dir='ltr'><strong><em>γυναικός,</em></strong></span> <span class='ocrx_word' id='word_1_125' title='bbox 561 1862 600 1948; x_wconf 85' lang='grc' dir='ltr'><strong><em>ῆν</em></strong></span> <span class='ocrx_word' id='word_1_126' title='bbox 632 1862 820 1949; x_wconf 82' lang='grc' dir='ltr'><strong><em>ὃάνωτέρω</em></strong></span> <span class='ocrx_word' id='word_1_127' title='bbox 847 1865 938 1949; x_wconf 80' lang='grc' dir='ltr'><strong><em>λύγος</em></strong></span> <span class='ocrx_word' id='word_1_128' title='bbox 960 1864 1129 1951; x_wconf 80' lang='grc' dir='ltr'><strong><em>ἐδήλωσεν,</em></strong></span> <span class='ocrx_word' id='word_1_129' title='bbox 1150 1868 1238 1941; x_wconf 75' lang='grc' dir='ltr'><strong><em>έωςῐ.</em></strong></span> <span class='ocrx_word' id='word_1_130' title='bbox 1257 1880 1346 1939; x_wconf 76' lang='lat' dir='ltr'><strong>220r.</strong></span> 
     </span>
     <span class='ocr_line' id='line_1_17' title="bbox 109 1963 1209 2052; baseline 0 -23"><span class='ocrx_word' id='word_1_131' title='bbox 109 1968 151 2029; x_wconf 92' lang='grc' dir='ltr'><strong><em>δι’</em></strong></span> <span class='ocrx_word' id='word_1_132' title='bbox 174 1964 312 2029; x_wconf 77' lang='grc' dir='ltr'><strong><em>ἀπειλῶν</em></strong></span> <span class='ocrx_word' id='word_1_133' title='bbox 343 1969 467 2028; x_wconf 82' lang='grc' dir='ltr'><strong><em>πολλῶν</em></strong></span> <span class='ocrx_word' id='word_1_134' title='bbox 496 1965 551 2030; x_wconf 81' lang='grc' dir='ltr'><strong><em>καί</em></strong></span> <span class='ocrx_word' id='word_1_135' title='bbox 572 1968 768 2052; x_wconf 82' lang='grc' dir='ltr'><strong><em>μηνυμάτων</em></strong></span> <span class='ocrx_word' id='word_1_136' title='bbox 797 1969 988 2041; x_wconf 89' lang='grc' dir='ltr'><strong><em>κατασείσας</em></strong></span> <span class='ocrx_word' id='word_1_137' title='bbox 1009 1963 1126 2050; x_wconf 85' lang='grc' dir='ltr'><strong><em>ου’τῆν,</em></strong></span> <span class='ocrx_word' id='word_1_138' title='bbox 1159 1967 1209 2030; x_wconf 86' lang='grc' dir='ltr'><strong><em>ὅτι</em></strong></span> 
     </span>
     <span class='ocr_line' id='line_1_18' title="bbox 109 2064 1209 2152; baseline 0.002 -23"><span class='ocrx_word' id='word_1_139' title='bbox 109 2064 189 2148; x_wconf 81' lang='grc' dir='ltr'><strong><em>πρὸς</em></strong></span> <span class='ocrx_word' id='word_1_140' title='bbox 208 2064 344 2146; x_wconf 87' lang='grc' dir='ltr'><strong><em>πόλεμον</em></strong></span> <span class='ocrx_word' id='word_1_141' title='bbox 377 2067 457 2152; x_wconf 78' lang='grc' dir='ltr'><strong><em>αύτῆ</em></strong></span> <span class='ocrx_word' id='word_1_142' title='bbox 475 2066 737 2151; x_wconf 78' lang='grc' dir='ltr'><strong><em>συρραγῆσομαι,</em></strong></span> <span class='ocrx_word' id='word_1_143' title='bbox 770 2070 826 2149; x_wconf 87' lang='grc' dir='ltr'><strong><em>τῆς</em></strong></span> <span class='ocrx_word' id='word_1_144' title='bbox 846 2067 967 2151; x_wconf 74' lang='grc' dir='ltr'><strong><em>ἡμέρας</em></strong></span> <span class='ocrx_word' id='word_1_145' title='bbox 997 2066 1209 2151; x_wconf 84' lang='grc' dir='ltr'><strong><em>έπιφοιτούσης</em></strong></span> 
     </span>
     <span class='ocr_line' id='line_1_19' title="bbox 108 2156 1208 2254; baseline 0 -25"><span class='ocrx_word' id='word_1_146' title='bbox 108 2162 338 2249; x_wconf 71' lang='grc' dir='ltr'><strong><em>συνεχωρῆδην</em></strong></span> <span class='ocrx_word' id='word_1_147' title='bbox 364 2166 421 2248; x_wconf 87' lang='grc' dir='ltr'><strong><em>τῆν</em></strong></span> <span class='ocrx_word' id='word_1_148' title='bbox 455 2164 582 2248; x_wconf 70' lang='grc' dir='ltr'><strong><em>ἔξοδον,</em></strong></span> <span class='ocrx_word' id='word_1_149' title='bbox 613 2165 649 2231; x_wconf 85' lang='grc' dir='ltr'><strong><em>τύ</em></strong></span> <span class='ocrx_word' id='word_1_150' title='bbox 673 2156 795 2251; x_wconf 81' lang='grc' dir='ltr'><strong><em>’άδῆλον</em></strong></span> <span class='ocrx_word' id='word_1_151' title='bbox 828 2169 1022 2254; x_wconf 78' lang='grc' dir='ltr'><strong><em>φοβηθείσης</em></strong></span> <span class='ocrx_word' id='word_1_152' title='bbox 1043 2163 1122 2245; x_wconf 85' lang='grc' dir='ltr'><strong><em>μετά</em></strong></span> <span class='ocrx_word' id='word_1_153' title='bbox 1145 2168 1208 2229; x_wconf 85' lang='grc' dir='ltr'><strong><em>τῶν</em></strong></span> 
     </span>
     <span class='ocr_line' id='line_1_20' title="bbox 59 2255 1207 2351; baseline 0 -22"><span class='ocrx_word' id='word_1_154' title='bbox 59 2311 61 2316; x_wconf 89' lang='grc'>-</span> <span class='ocrx_word' id='word_1_155' title='bbox 107 2264 225 2349; x_wconf 84' lang='grc' dir='ltr'><strong><em>ταύτης</em></strong></span> <span class='ocrx_word' id='word_1_156' title='bbox 248 2263 344 2330; x_wconf 79' lang='grc' dir='ltr'><strong><em>υἱέων</em></strong></span> <span class='ocrx_word' id='word_1_157' title='bbox 374 2270 430 2351; x_wconf 87' lang='grc' dir='ltr'><strong><em>τῆς</em></strong></span> <span class='ocrx_word' id='word_1_158' title='bbox 459 2270 518 2329; x_wconf 89' lang='grc' dir='ltr'><strong><em>τού</em></strong></span> <span class='ocrx_word' id='word_1_159' title='bbox 538 2270 680 2347; x_wconf 86' lang='grc' dir='ltr'><strong><em>πολέμου</em></strong></span> <span class='ocrx_word' id='word_1_160' title='bbox 703 2268 871 2347; x_wconf 79' lang='grc' dir='ltr'><strong><em>ἐκβάσεως.</em></strong></span> <span class='ocrx_word' id='word_1_161' title='bbox 925 2270 1057 2348; x_wconf 72' lang='grc' dir='ltr'><strong><em>ἐξῆλθον</em></strong></span> <span class='ocrx_word' id='word_1_162' title='bbox 1082 2255 1138 2328; x_wconf 84' lang='grc' dir='ltr'><strong><em>σύν</em></strong></span> <span class='ocrx_word' id='word_1_163' title='bbox 1157 2266 1207 2329; x_wconf 82' lang='grc' dir='ltr'><strong><em>ε’κ·</em></strong></span> 
     </span>
     <span class='ocr_line' id='line_1_21' title="bbox 64 2363 1207 2453; baseline 0.002 -24"><span class='ocrx_word' id='word_1_164' title='bbox 64 2370 208 2444; x_wconf 73' lang='grc' dir='ltr'><strong><em>νοεῖθεν,</em></strong></span> <span class='ocrx_word' id='word_1_165' title='bbox 236 2370 292 2430; x_wconf 84' lang='grc' dir='ltr'><strong><em>καί</em></strong></span> <span class='ocrx_word' id='word_1_166' title='bbox 319 2370 374 2451; x_wconf 87' lang='grc' dir='ltr'><strong><em>τῆς</em></strong></span> <span class='ocrx_word' id='word_1_167' title='bbox 408 2370 453 2442; x_wconf 79' lang='grc' dir='ltr'><strong><em>εἰς</em></strong></span> <span class='ocrx_word' id='word_1_168' title='bbox 476 2367 532 2450; x_wconf 87' lang='grc' dir='ltr'><strong><em>τῆν</em></strong></span> <span class='ocrx_word' id='word_1_169' title='bbox 558 2368 709 2448; x_wconf 77' lang='grc' dir='ltr'><strong><em>βασιλίδα</em></strong></span> <span class='ocrx_word' id='word_1_170' title='bbox 735 2366 893 2453; x_wconf 81' lang='grc' dir='ltr'><strong><em>φερούσης</em></strong></span> <span class='ocrx_word' id='word_1_171' title='bbox 917 2367 1082 2447; x_wconf 71' lang='grc' dir='ltr'><strong><em>ἁψάμενος</em></strong></span> <span class='ocrx_word' id='word_1_172' title='bbox 1103 2363 1207 2431; x_wconf 87' lang='grc' dir='ltr'><strong><em>πάντα</em></strong></span> 
     </span>
     <span class='ocr_line' id='line_1_22' title="bbox 106 2458 1208 2554; baseline -0.002 -23"><span class='ocrx_word' id='word_1_173' title='bbox 106 2464 146 2531; x_wconf 86' lang='grc' dir='ltr'><strong><em>τά</em></strong></span> <span class='ocrx_word' id='word_1_174' title='bbox 173 2464 352 2549; x_wconf 76' lang='grc' dir='ltr'><strong><em>ἔμπροσθεν</em></strong></span> <span class='ocrx_word' id='word_1_175' title='bbox 383 2458 476 2551; x_wconf 77' lang='grc' dir='ltr'><strong><em>εὗρον</em></strong></span> <span class='ocrx_word' id='word_1_176' title='bbox 498 2469 633 2554; x_wconf 79' lang='grc' dir='ltr'><strong><em>χαλῆνης</em></strong></span> <span class='ocrx_word' id='word_1_177' title='bbox 660 2473 778 2550; x_wconf 81' lang='grc' dir='ltr'><strong><em>μεστά,</em></strong></span> <span class='ocrx_word' id='word_1_178' title='bbox 804 2471 859 2532; x_wconf 84' lang='grc' dir='ltr'><strong><em>καί</em></strong></span> <span class='ocrx_word' id='word_1_179' title='bbox 878 2465 953 2542; x_wconf 87' lang='grc' dir='ltr'><strong><em>τούς</em></strong></span> <span class='ocrx_word' id='word_1_180' title='bbox 974 2469 1032 2531; x_wconf 84' lang='grc' dir='ltr'><strong><em>τού</em></strong></span> <span class='ocrx_word' id='word_1_181' title='bbox 1053 2465 1208 2549; x_wconf 84' lang='grc' dir='ltr'><strong><em>βασιλέως</em></strong></span> 
     </span>
     <span class='ocr_line' id='line_1_23' title="bbox 106 2556 1207 2654; baseline -0.003 -25"><span class='ocrx_word' id='word_1_182' title='bbox 106 2567 301 2647; x_wconf 78' lang='grc' dir='ltr'><strong><em>στρατιώτας</em></strong></span> <span class='ocrx_word' id='word_1_183' title='bbox 329 2568 610 2649; x_wconf 88' lang='grc' dir='ltr'><strong><em>διεσκεδασμένους</em></strong></span> <span class='ocrx_word' id='word_1_184' title='bbox 638 2572 682 2643; x_wconf 85' lang='grc' dir='ltr'><strong><em>εἰς</em></strong></span> <span class='ocrx_word' id='word_1_185' title='bbox 711 2562 971 2654; x_wconf 82' lang='grc' dir='ltr'><strong><em>παραχειμασίαν</em></strong></span> <span class='ocrx_word' id='word_1_186' title='bbox 1004 2572 1074 2641; x_wconf 84' lang='grc' dir='ltr'><strong><em>ταῖς</em></strong></span> <span class='ocrx_word' id='word_1_187' title='bbox 1096 2556 1207 2641; x_wconf 82' lang='grc' dir='ltr'><strong><em>άλλαις</em></strong></span> 
     </span>
    </p>
   </div>
   <div class='ocr_carea' id='block_1_3' title="bbox 106 2655 1207 2810">
    <p class='ocr_par' dir='ltr' id='par_1_3' title="bbox 106 2655 1207 2810">
     <span class='ocr_line' id='line_1_24' title="bbox 106 2655 1207 2765; baseline 0 -36"><span class='ocrx_word' id='word_1_188' title='bbox 106 2666 219 2730; x_wconf 89' lang='grc' dir='ltr'><strong><em>πόλεσι</em></strong></span> <span class='ocrx_word' id='word_1_189' title='bbox 240 2669 295 2731; x_wconf 86' lang='grc' dir='ltr'><strong><em>καί</em></strong></span> <span class='ocrx_word' id='word_1_190' title='bbox 326 2671 448 2752; x_wconf 79' lang='grc' dir='ltr'><strong><em>μηδένα</em></strong></span> <span class='ocrx_word' id='word_1_191' title='bbox 476 2668 627 2765; x_wconf 83' lang='grc' dir='ltr'><strong><em>κυδοιμὸν</em></strong></span> <span class='ocrx_word' id='word_1_192' title='bbox 648 2668 891 2761; x_wconf 83' lang='grc' dir='ltr'><strong><em>ύποπτεύοντας.</em></strong></span> <span class='ocrx_word' id='word_1_193' title='bbox 945 2669 1128 2741; x_wconf 86' lang='grc' dir='ltr'><strong><em>σπουδαίως</em></strong></span> <span class='ocrx_word' id='word_1_194' title='bbox 1150 2655 1207 2752; x_wconf 81' lang='grc' dir='ltr'><strong><em>σύν</em></strong></span> 
     </span>
     <span class='ocr_line' id='line_1_25' title="bbox 196 2774 218 2810; baseline 0 0"><span class='ocrx_word' id='word_1_195' title='bbox 196 2774 218 2810; x_wconf 74' lang='lat'>0</span> 
     </span>
    </p>
   </div>
   <div class='ocr_carea' id='block_1_4' title="bbox 33 2966 1301 4249">
    <p class='ocr_par' dir='ltr' id='par_1_4' title="bbox 33 2966 1301 4249">
     <span class='ocr_line' id='line_1_26' title="bbox 108 2966 1206 3039; baseline -0.006 -16"><span class='ocrx_word' id='word_1_196' title='bbox 108 2980 136 3023; x_wconf 91' lang='lat' dir='ltr'><strong><em>et</em></strong></span> <span class='ocrx_word' id='word_1_197' title='bbox 156 2969 364 3022; x_wconf 86' lang='lat' dir='ltr'><strong>coniurationem</strong></span> <span class='ocrx_word' id='word_1_198' title='bbox 393 2972 507 3039; x_wconf 85' lang='lat' dir='ltr'><strong>propriis</strong></span> <span class='ocrx_word' id='word_1_199' title='bbox 536 2971 775 3038; x_wconf 87' lang='lat' dir='ltr'><strong>subscriptionibus</strong></span> <span class='ocrx_word' id='word_1_200' title='bbox 796 2976 822 3019; x_wconf 90' lang='lat' dir='ltr'><strong><em>et</em></strong></span> <span class='ocrx_word' id='word_1_201' title='bbox 849 2966 1069 3021; x_wconf 85' lang='lat' dir='ltr'><strong>iuribusiurandis</strong></span> <span class='ocrx_word' id='word_1_202' title='bbox 1091 2969 1206 3019; x_wconf 82' lang='lat' dir='ltr'><strong>coniun-</strong></span> 
     </span>
     <span class='ocr_line' id='line_1_27' title="bbox 107 3038 1208 3111; baseline -0.003 -19"><span class='ocrx_word' id='word_1_203' title='bbox 107 3049 220 3111; x_wconf 78' lang='lat' dir='ltr'>gerent:</span> <span class='ocrx_word' id='word_1_204' title='bbox 240 3043 343 3109; x_wconf 84' lang='lat' dir='ltr'><strong>quando</strong></span> <span class='ocrx_word' id='word_1_205' title='bbox 362 3051 450 3094; x_wconf 85' lang='lat' dir='ltr'><strong>autem</strong></span> <span class='ocrx_word' id='word_1_206' title='bbox 471 3058 537 3109; x_wconf 90' lang='lat' dir='ltr'><strong>opus</strong></span> <span class='ocrx_word' id='word_1_207' title='bbox 549 3042 740 3094; x_wconf 86' lang='lat' dir='ltr'><strong>coniurationis</strong></span> <span class='ocrx_word' id='word_1_208' title='bbox 758 3038 883 3104; x_wconf 86' lang='lat' dir='ltr'><strong>implevit</strong></span> <span class='ocrx_word' id='word_1_209' title='bbox 901 3041 984 3105; x_wconf 89' lang='lat' dir='ltr'><strong>etqui</strong></span> <span class='ocrx_word' id='word_1_210' title='bbox 1004 3039 1036 3089; x_wconf 92' lang='lat' dir='ltr'><strong><em>ab</em></strong></span> <span class='ocrx_word' id='word_1_211' title='bbox 1056 3040 1112 3089; x_wconf 90' lang='lat' dir='ltr'><strong>eius</strong></span> <span class='ocrx_word' id='word_1_212' title='bbox 1131 3046 1208 3103; x_wconf 84' lang='lat' dir='ltr'><strong>parto</strong></span> 
     </span>
     <span class='ocr_line' id='line_1_28' title="bbox 108 3109 1208 3181; baseline -0.005 -15"><span class='ocrx_word' id='word_1_213' title='bbox 108 3113 211 3166; x_wconf 86' lang='lat' dir='ltr'><strong>stabant</strong></span> <span class='ocrx_word' id='word_1_214' title='bbox 239 3114 266 3164; x_wconf 92' lang='lat' dir='ltr'><strong><em>in</em></strong></span> <span class='ocrx_word' id='word_1_215' title='bbox 291 3123 426 3181; x_wconf 87' lang='lat' dir='ltr'><strong>posterum</strong></span> <span class='ocrx_word' id='word_1_216' title='bbox 454 3115 523 3163; x_wconf 88' lang='lat' dir='ltr'><strong>diem</strong></span> <span class='ocrx_word' id='word_1_217' title='bbox 542 3112 694 3162; x_wconf 84' lang='lat' dir='ltr'><strong>renuntiare</strong></span> <span class='ocrx_word' id='word_1_218' title='bbox 723 3109 885 3175; x_wconf 76' lang='lat' dir='ltr'><strong>Brycnnium</strong></span> <span class='ocrx_word' id='word_1_219' title='bbox 905 3116 1067 3172; x_wconf 85' lang='lat' dir='ltr'><strong>statuerunt,</strong></span> <span class='ocrx_word' id='word_1_220' title='bbox 1087 3123 1154 3160; x_wconf 88' lang='lat' dir='ltr'><strong>unus</strong></span> <span class='ocrx_word' id='word_1_221' title='bbox 1175 3124 1208 3160; x_wconf 90' lang='lat' dir='ltr'><strong><em>ex</em></strong></span> 
     </span>
     <span class='ocr_line' id='line_1_29' title="bbox 107 3179 1207 3254; baseline -0.005 -19"><span class='ocrx_word' id='word_1_222' title='bbox 107 3186 161 3249; x_wconf 87' lang='lat' dir='ltr'><strong>lris,</strong></span> <span class='ocrx_word' id='word_1_223' title='bbox 181 3185 225 3252; x_wconf 91' lang='lat' dir='ltr'><strong><em>qui</em></strong></span> <span class='ocrx_word' id='word_1_224' title='bbox 244 3188 342 3254; x_wconf 81' lang='lat' dir='ltr'><strong>gratias</strong></span> <span class='ocrx_word' id='word_1_225' title='bbox 361 3200 410 3250; x_wconf 96' lang='lat' dir='ltr'><strong><em>pro</em></strong></span> <span class='ocrx_word' id='word_1_226' title='bbox 429 3183 583 3249; x_wconf 86' lang='lat' dir='ltr'><strong>quibusdam</strong></span> <span class='ocrx_word' id='word_1_227' title='bbox 602 3182 735 3249; x_wconf 79' lang='lat' dir='ltr'>prioribus</span> <span class='ocrx_word' id='word_1_228' title='bbox 754 3181 857 3231; x_wconf 89' lang='lat' dir='ltr'><strong>meritis</strong></span> <span class='ocrx_word' id='word_1_229' title='bbox 879 3179 979 3231; x_wconf 89' lang='lat' dir='ltr'><strong>habero</strong></span> <span class='ocrx_word' id='word_1_230' title='bbox 1000 3180 1064 3230; x_wconf 91' lang='lat' dir='ltr'><strong>mihi</strong></span> <span class='ocrx_word' id='word_1_231' title='bbox 1084 3179 1207 3245; x_wconf 88' lang='lat' dir='ltr'><strong>debebat,</strong></span> 
     </span>
     <span class='ocr_line' id='line_1_30' title="bbox 108 3251 1207 3319; baseline -0.005 -12"><span class='ocrx_word' id='word_1_232' title='bbox 108 3257 185 3307; x_wconf 86' lang='lat' dir='ltr'><strong>venit</strong></span> <span class='ocrx_word' id='word_1_233' title='bbox 203 3257 234 3307; x_wconf 86' lang='lat' dir='ltr'><strong><em>ad</em></strong></span> <span class='ocrx_word' id='word_1_234' title='bbox 259 3273 301 3306; x_wconf 87' lang='lat' dir='ltr'><strong><em>me</em></strong></span> <span class='ocrx_word' id='word_1_235' title='bbox 330 3258 490 3317; x_wconf 88' lang='lat' dir='ltr'><strong>intempesta</strong></span> <span class='ocrx_word' id='word_1_236' title='bbox 517 3262 596 3303; x_wconf 89' lang='lat' dir='ltr'><strong>nocto</strong></span> <span class='ocrx_word' id='word_1_237' title='bbox 624 3261 650 3301; x_wconf 90' lang='lat' dir='ltr'><strong><em>ct</em></strong></span> <span class='ocrx_word' id='word_1_238' title='bbox 675 3252 816 3303; x_wconf 87' lang='lat' dir='ltr'><strong>consilium</strong></span> <span class='ocrx_word' id='word_1_239' title='bbox 843 3252 1028 3319; x_wconf 87' lang='lat' dir='ltr'><strong>significabat,</strong></span> <span class='ocrx_word' id='word_1_240' title='bbox 1048 3254 1106 3319; x_wconf 90' lang='lat' dir='ltr'><strong>ipse</strong></span> <span class='ocrx_word' id='word_1_241' title='bbox 1127 3251 1207 3304; x_wconf 87' lang='lat' dir='ltr'><strong>valdo</strong></span> 
     </span>
     <span class='ocr_line' id='line_1_31' title="bbox 90 3323 1207 3394; baseline -0.002 -17"><span class='ocrx_word' id='word_1_242' title='bbox 90 3328 249 3394; x_wconf 72' lang='lat' dir='ltr'><strong>,indignans</strong></span> <span class='ocrx_word' id='word_1_243' title='bbox 275 3336 303 3379; x_wconf 88' lang='lat' dir='ltr'><strong><em>et</em></strong></span> <span class='ocrx_word' id='word_1_244' title='bbox 325 3323 409 3375; x_wconf 91' lang='lat' dir='ltr'><strong>multa</strong></span> <span class='ocrx_word' id='word_1_245' title='bbox 436 3323 578 3390; x_wconf 89' lang='lat' dir='ltr'><strong>opprobria</strong></span> <span class='ocrx_word' id='word_1_246' title='bbox 609 3327 636 3374; x_wconf 92' lang='lat' dir='ltr'><strong><em>in</em></strong></span> <span class='ocrx_word' id='word_1_247' title='bbox 655 3324 704 3374; x_wconf 89' lang='lat' dir='ltr'><strong><em>hos</em></strong></span> <span class='ocrx_word' id='word_1_248' title='bbox 732 3332 758 3374; x_wconf 92' lang='lat' dir='ltr'><strong><em>et</em></strong></span> <span class='ocrx_word' id='word_1_249' title='bbox 781 3324 983 3390; x_wconf 73' lang='lat' dir='ltr'><strong>despicientiam</strong></span> <span class='ocrx_word' id='word_1_250' title='bbox 1008 3325 1113 3375; x_wconf 86' lang='lat' dir='ltr'><strong>iaciens</strong></span> <span class='ocrx_word' id='word_1_251' title='bbox 1131 3331 1161 3374; x_wconf 86' lang='lat' dir='ltr'><strong><em>ut</em></strong></span> <span class='ocrx_word' id='word_1_252' title='bbox 1179 3324 1207 3375; x_wconf 86' lang='lat' dir='ltr'><strong><em>in</em></strong></span> 
     </span>
     <span class='ocr_line' id='line_1_32' title="bbox 107 3394 1207 3465; baseline -0.005 -17"><span class='ocrx_word' id='word_1_253' title='bbox 107 3400 252 3465; x_wconf 74' lang='lat' dir='ltr'><strong>prodentes</strong></span> <span class='ocrx_word' id='word_1_254' title='bbox 271 3398 384 3450; x_wconf 84' lang='lat' dir='ltr'><strong>salutem</strong></span> <span class='ocrx_word' id='word_1_255' title='bbox 402 3410 475 3446; x_wconf 89' lang='lat' dir='ltr'><strong>suam</strong></span> <span class='ocrx_word' id='word_1_256' title='bbox 494 3403 521 3445; x_wconf 90' lang='lat' dir='ltr'><strong><em>et</em></strong></span> <span class='ocrx_word' id='word_1_257' title='bbox 538 3396 600 3446; x_wconf 88' lang='lat' dir='ltr'><strong>lidei</strong></span> <span class='ocrx_word' id='word_1_258' title='bbox 618 3403 737 3462; x_wconf 87' lang='lat' dir='ltr'><strong>pactum:</strong></span> <span class='ocrx_word' id='word_1_259' title='bbox 763 3396 822 3446; x_wconf 87' lang='lat' dir='ltr'><strong>siue</strong></span> <span class='ocrx_word' id='word_1_260' title='bbox 849 3398 1002 3463; x_wconf 77' lang='lat' dir='ltr'><strong>suspicione</strong></span> <span class='ocrx_word' id='word_1_261' title='bbox 1023 3411 1081 3446; x_wconf 91' lang='lat' dir='ltr'><strong><em>eum</em></strong></span> <span class='ocrx_word' id='word_1_262' title='bbox 1103 3403 1129 3445; x_wconf 87' lang='lat' dir='ltr'><strong><em>et</em></strong></span> <span class='ocrx_word' id='word_1_263' title='bbox 1148 3394 1207 3444; x_wconf 89' lang='lat' dir='ltr'><strong>cle.</strong></span> 
     </span>
     <span class='ocr_line' id='line_1_33' title="bbox 107 3465 1207 3533; baseline -0.004 -14"><span class='ocrx_word' id='word_1_264' title='bbox 107 3478 211 3520; x_wconf 83' lang='lat' dir='ltr'><strong>menter</strong></span> <span class='ocrx_word' id='word_1_265' title='bbox 229 3468 332 3528; x_wconf 81' lang='lat' dir='ltr'><strong>dimisi3</strong></span> <span class='ocrx_word' id='word_1_266' title='bbox 352 3467 492 3517; x_wconf 90' lang='lat' dir='ltr'><strong>meditatus</strong></span> <span class='ocrx_word' id='word_1_267' title='bbox 506 3474 593 3517; x_wconf 87' lang='lat' dir='ltr'><strong>autern</strong></span> <span class='ocrx_word' id='word_1_268' title='bbox 612 3469 700 3519; x_wconf 85' lang='lat' dir='ltr'><strong>statim</strong></span> <span class='ocrx_word' id='word_1_269' title='bbox 711 3466 803 3517; x_wconf 89' lang='lat' dir='ltr'><strong>urbem</strong></span> <span class='ocrx_word' id='word_1_270' title='bbox 816 3466 884 3517; x_wconf 90' lang='lat' dir='ltr'><strong>hanc</strong></span> <span class='ocrx_word' id='word_1_271' title='bbox 904 3475 931 3518; x_wconf 89' lang='lat' dir='ltr'><strong><em>et</em></strong></span> <span class='ocrx_word' id='word_1_272' title='bbox 948 3467 1056 3519; x_wconf 77' lang='lat' dir='ltr'><strong>insidias</strong></span> <span class='ocrx_word' id='word_1_273' title='bbox 1077 3465 1207 3533; x_wconf 83' lang='lat' dir='ltr'><strong>elingere,</strong></span> 
     </span>
     <span class='ocr_line' id='line_1_34' title="bbox 107 3537 1208 3607; baseline -0.003 -17"><span class='ocrx_word' id='word_1_274' title='bbox 107 3540 246 3607; x_wconf 85' lang='lat' dir='ltr'><strong>proiectus</strong></span> <span class='ocrx_word' id='word_1_275' title='bbox 265 3553 322 3590; x_wconf 89' lang='lat' dir='ltr'><strong><em>sum</em></strong></span> <span class='ocrx_word' id='word_1_276' title='bbox 340 3538 423 3587; x_wconf 91' lang='lat' dir='ltr'><strong>itaut</strong></span> <span class='ocrx_word' id='word_1_277' title='bbox 445 3552 515 3588; x_wconf 87' lang='lat' dir='ltr'><strong>cram</strong></span> <span class='ocrx_word' id='word_1_278' title='bbox 534 3553 592 3588; x_wconf 90' lang='lat' dir='ltr'><strong>curn</strong></span> <span class='ocrx_word' id='word_1_279' title='bbox 611 3539 689 3591; x_wconf 87' lang='lat' dir='ltr'><strong>mulis</strong></span> <span class='ocrx_word' id='word_1_280' title='bbox 709 3546 736 3589; x_wconf 88' lang='lat' dir='ltr'><strong><em>et</em></strong></span> <span class='ocrx_word' id='word_1_281' title='bbox 755 3539 830 3605; x_wconf 88' lang='lat' dir='ltr'><strong>equis</strong></span> <span class='ocrx_word' id='word_1_282' title='bbox 851 3547 876 3590; x_wconf 91' lang='lat' dir='ltr'><strong><em>ct</em></strong></span> <span class='ocrx_word' id='word_1_283' title='bbox 895 3538 1044 3589; x_wconf 87' lang='lat' dir='ltr'><strong>hominibus</strong></span> <span class='ocrx_word' id='word_1_284' title='bbox 1064 3544 1090 3586; x_wconf 87' lang='lat' dir='ltr'><strong><em>et</em></strong></span> <span class='ocrx_word' id='word_1_285' title='bbox 1109 3537 1208 3587; x_wconf 88' lang='lat' dir='ltr'><strong>ceteris</strong></span> 
     </span>
     <span class='ocr_line' id='line_1_35' title="bbox 107 3595 1208 3677; baseline -0.007 -15"><span class='ocrx_word' id='word_1_286' title='bbox 107 3595 320 3676; x_wconf 62' lang='lat' dir='ltr'><strong>impfflimentis,</strong></span> <span class='ocrx_word' id='word_1_287' title='bbox 346 3618 374 3659; x_wconf 91' lang='lat' dir='ltr'><strong><em>ut</em></strong></span> <span class='ocrx_word' id='word_1_288' title='bbox 400 3624 434 3660; x_wconf 84' lang='lat' dir='ltr'><strong><em>cx</em></strong></span> <span class='ocrx_word' id='word_1_289' title='bbox 457 3610 507 3659; x_wconf 87' lang='lat' dir='ltr'><strong><em>hac</em></strong></span> <span class='ocrx_word' id='word_1_290' title='bbox 526 3612 646 3663; x_wconf 83' lang='lat' dir='ltr'><strong>venirem</strong></span> <span class='ocrx_word' id='word_1_291' title='bbox 665 3611 784 3662; x_wconf 85' lang='lat' dir='ltr'><strong>studiose</strong></span> <span class='ocrx_word' id='word_1_292' title='bbox 813 3608 888 3660; x_wconf 90' lang='lat' dir='ltr'><strong>clam.</strong></span> <span class='ocrx_word' id='word_1_293' title='bbox 932 3623 1020 3677; x_wconf 86' lang='lat' dir='ltr'><strong>neque</strong></span> <span class='ocrx_word' id='word_1_294' title='bbox 1041 3612 1208 3672; x_wconf 85' lang='lat' dir='ltr'><strong>veropote.</strong></span> 
     </span>
     <span class='ocr_line' id='line_1_36' title="bbox 106 3676 1208 3748; baseline -0.006 -15"><span class='ocrx_word' id='word_1_295' title='bbox 106 3698 172 3743; x_wconf 87' lang='lat' dir='ltr'><strong>ram,</strong></span> <span class='ocrx_word' id='word_1_296' title='bbox 193 3681 255 3746; x_wconf 86' lang='lat' dir='ltr'><strong>quia</strong></span> <span class='ocrx_word' id='word_1_297' title='bbox 273 3680 429 3747; x_wconf 82' lang='lat' dir='ltr'><strong>praeclusae</strong></span> <span class='ocrx_word' id='word_1_298' title='bbox 450 3690 525 3732; x_wconf 90' lang='lat' dir='ltr'><strong>erant</strong></span> <span class='ocrx_word' id='word_1_299' title='bbox 542 3689 634 3748; x_wconf 84' lang='lat' dir='ltr'><strong>portae</strong></span> <span class='ocrx_word' id='word_1_300' title='bbox 659 3682 732 3732; x_wconf 90' lang='lat' dir='ltr'><strong>urbis</strong></span> <span class='ocrx_word' id='word_1_301' title='bbox 758 3681 877 3732; x_wconf 88' lang='lat' dir='ltr'><strong>obicibus</strong></span> <span class='ocrx_word' id='word_1_302' title='bbox 905 3680 1001 3731; x_wconf 81' lang='lat' dir='ltr'><strong>ferreis</strong></span> <span class='ocrx_word' id='word_1_303' title='bbox 1024 3686 1051 3728; x_wconf 89' lang='lat' dir='ltr'><strong><em>et</em></strong></span> <span class='ocrx_word' id='word_1_304' title='bbox 1068 3692 1117 3743; x_wconf 91' lang='lat' dir='ltr'><strong><em>per</em></strong></span> <span class='ocrx_word' id='word_1_305' title='bbox 1132 3676 1208 3728; x_wconf 57' lang='lat' dir='ltr'><strong>milis</strong></span> 
     </span>
     <span class='ocr_line' id='line_1_37' title="bbox 107 3752 1301 3819; baseline -0.007 -14"><span class='ocrx_word' id='word_1_306' title='bbox 107 3764 149 3805; x_wconf 82' lang='lat' dir='ltr'><strong><em>tes</em></strong></span> <span class='ocrx_word' id='word_1_307' title='bbox 168 3752 258 3819; x_wconf 81' lang='lat' dir='ltr'><strong>gravis</strong></span> <span class='ocrx_word' id='word_1_308' title='bbox 277 3761 424 3803; x_wconf 85' lang='lat' dir='ltr'><strong>armaturae</strong></span> <span class='ocrx_word' id='word_1_309' title='bbox 449 3753 586 3804; x_wconf 82' lang='lat' dir='ltr'><strong>aBatatai</strong></span> <span class='ocrx_word' id='word_1_310' title='bbox 611 3768 710 3815; x_wconf 85' lang='lat' dir='ltr'><strong>uxore,</strong></span> <span class='ocrx_word' id='word_1_311' title='bbox 740 3766 816 3817; x_wconf 90' lang='lat' dir='ltr'><strong>quam</strong></span> <span class='ocrx_word' id='word_1_312' title='bbox 836 3753 958 3818; x_wconf 91' lang='lat' dir='ltr'><strong>superior</strong></span> <span class='ocrx_word' id='word_1_313' title='bbox 982 3764 1068 3801; x_wconf 89' lang='lat' dir='ltr'><strong>sermo</strong></span> <span class='ocrx_word' id='word_1_314' title='bbox 1089 3763 1207 3799; x_wconf 87' lang='lat' dir='ltr'><strong>comme.</strong></span> <span class='ocrx_word' id='word_1_315' title='bbox 1298 3764 1301 3779; x_wconf 92' lang='lat'><em>·</em></span> 
     </span>
     <span class='ocr_line' id='line_1_38' title="bbox 106 3823 1207 3889; baseline -0.005 -14"><span class='ocrx_word' id='word_1_316' title='bbox 106 3823 239 3886; x_wconf 88' lang='lat' dir='ltr'><strong>moravit,</strong></span> <span class='ocrx_word' id='word_1_317' title='bbox 259 3823 344 3874; x_wconf 92' lang='lat' dir='ltr'><strong>donec</strong></span> <span class='ocrx_word' id='word_1_318' title='bbox 371 3825 449 3875; x_wconf 90' lang='lat' dir='ltr'><strong>minis</strong></span> <span class='ocrx_word' id='word_1_319' title='bbox 474 3824 564 3877; x_wconf 90' lang='lat' dir='ltr'><strong>multis</strong></span> <span class='ocrx_word' id='word_1_320' title='bbox 584 3834 611 3875; x_wconf 89' lang='lat' dir='ltr'><strong><em>et</em></strong></span> <span class='ocrx_word' id='word_1_321' title='bbox 639 3823 863 3875; x_wconf 86' lang='lat' dir='ltr'><strong>declarationibus</strong></span> <span class='ocrx_word' id='word_1_322' title='bbox 883 3824 1039 3889; x_wconf 32' lang='lat' dir='ltr'><strong>concuti-ens</strong></span> <span class='ocrx_word' id='word_1_323' title='bbox 1059 3837 1125 3884; x_wconf 87' lang='lat' dir='ltr'><strong>eam,</strong></span> <span class='ocrx_word' id='word_1_324' title='bbox 1148 3836 1207 3870; x_wconf 90' lang='lat' dir='ltr'><strong><em>cum</em></strong></span> 
     </span>
     <span class='ocr_line' id='line_1_39' title="bbox 107 3893 1206 3956; baseline -0.007 -10"><span class='ocrx_word' id='word_1_325' title='bbox 107 3897 225 3947; x_wconf 88' lang='lat' dir='ltr'><strong>dicerem</strong></span> <span class='ocrx_word' id='word_1_326' title='bbox 242 3910 285 3944; x_wconf 90' lang='lat' dir='ltr'><strong><em>me</em></strong></span> <span class='ocrx_word' id='word_1_327' title='bbox 302 3895 402 3945; x_wconf 89' lang='lat' dir='ltr'><strong>bellum</strong></span> <span class='ocrx_word' id='word_1_328' title='bbox 422 3911 480 3946; x_wconf 91' lang='lat' dir='ltr'><strong><em>cum</em></strong></span> <span class='ocrx_word' id='word_1_329' title='bbox 501 3912 532 3946; x_wconf 85' lang='lat' dir='ltr'><strong><em>ea</em></strong></span> <span class='ocrx_word' id='word_1_330' title='bbox 551 3902 735 3947; x_wconf 85' lang='lat' dir='ltr'><strong>conserturum</strong></span> <span class='ocrx_word' id='word_1_331' title='bbox 754 3909 828 3956; x_wconf 87' lang='lat' dir='ltr'><strong>csse,</strong></span> <span class='ocrx_word' id='word_1_332' title='bbox 848 3894 891 3944; x_wconf 90' lang='lat' dir='ltr'><strong><em>die</em></strong></span> <span class='ocrx_word' id='word_1_333' title='bbox 911 3893 1088 3945; x_wconf 86' lang='lat' dir='ltr'><strong>illucescente</strong></span> <span class='ocrx_word' id='word_1_334' title='bbox 1108 3893 1206 3942; x_wconf 86' lang='lat' dir='ltr'><strong>exitum</strong></span> 
     </span>
     <span class='ocr_line' id='line_1_40' title="bbox 107 3961 1206 4033; baseline -0.005 -16"><span class='ocrx_word' id='word_1_335' title='bbox 107 3966 262 4033; x_wconf 87' lang='lat' dir='ltr'><strong>impetravi:</strong></span> <span class='ocrx_word' id='word_1_336' title='bbox 282 3982 341 4017; x_wconf 91' lang='lat' dir='ltr'><strong><em>cum</em></strong></span> <span class='ocrx_word' id='word_1_337' title='bbox 359 3968 488 4018; x_wconf 76' lang='lat' dir='ltr'><strong>incertum</strong></span> <span class='ocrx_word' id='word_1_338' title='bbox 508 3983 539 4018; x_wconf 88' lang='lat' dir='ltr'><strong><em>ea</em></strong></span> <span class='ocrx_word' id='word_1_339' title='bbox 557 3968 663 4018; x_wconf 90' lang='lat' dir='ltr'><strong>timeret</strong></span> <span class='ocrx_word' id='word_1_340' title='bbox 682 3964 741 4016; x_wconf 87' lang='lat' dir='ltr'><strong><em>cum</em></strong></span> <span class='ocrx_word' id='word_1_341' title='bbox 761 3963 824 4015; x_wconf 88' lang='lat' dir='ltr'><strong>filiis</strong></span> <span class='ocrx_word' id='word_1_342' title='bbox 844 3961 910 4016; x_wconf 88' lang='lat' dir='ltr'><strong>belli</strong></span> <span class='ocrx_word' id='word_1_343' title='bbox 939 3973 1071 4017; x_wconf 87' lang='lat' dir='ltr'><strong>eventum.</strong></span> <span class='ocrx_word' id='word_1_344' title='bbox 1111 3975 1206 4027; x_wconf 83' lang='lat' dir='ltr'><strong>egros-</strong></span> 
     </span>
     <span class='ocr_line' id='line_1_41' title="bbox 109 4032 1207 4107; baseline -0.006 -19"><span class='ocrx_word' id='word_1_345' title='bbox 109 4054 153 4088; x_wconf 82' lang='lat' dir='ltr'><strong><em>suo</em></strong></span> <span class='ocrx_word' id='word_1_346' title='bbox 171 4039 255 4106; x_wconf 84' lang='lat' dir='ltr'><strong>igitur</strong></span> <span class='ocrx_word' id='word_1_347' title='bbox 273 4055 329 4091; x_wconf 89' lang='lat' dir='ltr'><strong><em>sum</em></strong></span> <span class='ocrx_word' id='word_1_348' title='bbox 351 4040 413 4089; x_wconf 84' lang='lat' dir='ltr'><strong>inde</strong></span> <span class='ocrx_word' id='word_1_349' title='bbox 433 4048 460 4090; x_wconf 91' lang='lat' dir='ltr'><strong><em>et</em></strong></span> <span class='ocrx_word' id='word_1_350' title='bbox 478 4041 548 4091; x_wconf 86' lang='lat' dir='ltr'><strong>viam</strong></span> <span class='ocrx_word' id='word_1_351' title='bbox 571 4054 639 4107; x_wconf 89' lang='lat' dir='ltr'><strong>quae</strong></span> <span class='ocrx_word' id='word_1_352' title='bbox 658 4038 690 4088; x_wconf 88' lang='lat' dir='ltr'><strong><em>ad</em></strong></span> <span class='ocrx_word' id='word_1_353' title='bbox 708 4035 801 4085; x_wconf 90' lang='lat' dir='ltr'><strong>urbem</strong></span> <span class='ocrx_word' id='word_1_354' title='bbox 827 4035 879 4085; x_wconf 85' lang='lat' dir='ltr'><strong>fert</strong></span> <span class='ocrx_word' id='word_1_355' title='bbox 897 4044 990 4091; x_wconf 86' lang='lat' dir='ltr'><strong>tenens</strong></span> <span class='ocrx_word' id='word_1_356' title='bbox 1011 4036 1099 4085; x_wconf 82' lang='lat' dir='ltr'><strong>omniu</strong></span> <span class='ocrx_word' id='word_1_357' title='bbox 1116 4032 1207 4095; x_wconf 84' lang='lat' dir='ltr'><strong>priora</strong></span> 
     </span>
     <span class='ocr_line' id='line_1_42' title="bbox 108 4100 1207 4178; baseline -0.004 -21"><span class='ocrx_word' id='word_1_358' title='bbox 108 4110 201 4160; x_wconf 82' lang='lat' dir='ltr'><strong>iuveni</strong></span> <span class='ocrx_word' id='word_1_359' title='bbox 227 4109 421 4177; x_wconf 85' lang='lat' dir='ltr'><strong>tranquillitate</strong></span> <span class='ocrx_word' id='word_1_360' title='bbox 440 4110 536 4178; x_wconf 86' lang='lat' dir='ltr'><strong>plena,</strong></span> <span class='ocrx_word' id='word_1_361' title='bbox 567 4118 594 4161; x_wconf 89' lang='lat' dir='ltr'><strong><em>et</em></strong></span> <span class='ocrx_word' id='word_1_362' title='bbox 619 4110 692 4176; x_wconf 77' lang='lat' dir='ltr'><strong>regis</strong></span> <span class='ocrx_word' id='word_1_363' title='bbox 717 4106 816 4159; x_wconf 84' lang='lat' dir='ltr'><strong>militer</strong></span> <span class='ocrx_word' id='word_1_364' title='bbox 843 4107 976 4174; x_wconf 78' lang='lat' dir='ltr'><strong>dispersos</strong></span> <span class='ocrx_word' id='word_1_365' title='bbox 995 4108 1023 4156; x_wconf 88' lang='lat' dir='ltr'><strong><em>iu</em></strong></span> <span class='ocrx_word' id='word_1_366' title='bbox 1044 4104 1155 4154; x_wconf 84' lang='lat' dir='ltr'><strong>hiberna</strong></span> <span class='ocrx_word' id='word_1_367' title='bbox 1174 4100 1207 4153; x_wconf 89' lang='lat' dir='ltr'><strong><em>ad</em></strong></span> 
     </span>
     <span class='ocr_line' id='line_1_43' title="bbox 33 4176 1206 4249; baseline 0.001 -21"><span class='ocrx_word' id='word_1_368' title='bbox 33 4210 38 4214; x_wconf 92' lang='lat'>-</span> <span class='ocrx_word' id='word_1_369' title='bbox 110 4178 177 4233; x_wconf 82' lang='lat' dir='ltr'><strong>alias</strong></span> <span class='ocrx_word' id='word_1_370' title='bbox 194 4182 292 4246; x_wconf 87' lang='lat' dir='ltr'><strong>urbes,</strong></span> <span class='ocrx_word' id='word_1_371' title='bbox 311 4196 401 4249; x_wconf 82' lang='lat' dir='ltr'><strong>neque</strong></span> <span class='ocrx_word' id='word_1_372' title='bbox 418 4182 499 4235; x_wconf 89' lang='lat' dir='ltr'><strong>ullam</strong></span> <span class='ocrx_word' id='word_1_373' title='bbox 519 4182 622 4235; x_wconf 88' lang='lat' dir='ltr'><strong>turbam</strong></span> <span class='ocrx_word' id='word_1_374' title='bbox 642 4180 822 4246; x_wconf 71' lang='lat' dir='ltr'><strong>suspicantes:</strong></span> <span class='ocrx_word' id='word_1_375' title='bbox 848 4180 966 4232; x_wconf 85' lang='lat' dir='ltr'><strong>studioso</strong></span> <span class='ocrx_word' id='word_1_376' title='bbox 987 4189 1051 4243; x_wconf 78' lang='lat' dir='ltr'><strong>ergo</strong></span> <span class='ocrx_word' id='word_1_377' title='bbox 1063 4176 1206 4241; x_wconf 67' lang='lat' dir='ltr'><strong>&#39;ingressos</strong></span> 
     </span>
    </p>
   </div>
   <div class='ocr_carea' id='block_1_5' title="bbox 0 0 1443 4734">
    <p class='ocr_par' dir='ltr' id='par_1_5' title="bbox 0 0 1443 4734">
     <span class='ocr_line' id='line_1_44' title="bbox 0 0 1443 4734; baseline 0 0"><span class='ocrx_word' id='word_1_378' title='bbox 0 0 1443 4734; x_wconf 95' lang='lat' dir='ltr'><strong><em> </em></strong></span> 
     </span>
    </p>
   </div>
  </div>
 </body>
</html>
