2875 4734
624 157 833 226 ntsTolttn.
1203 155 1271 224 131

173 327 331 406 ποθῆσαι,
351 321 390 386 ἵν’
411 327 456 397 εἷς
477 323 512 386 τό
536 321 651 400 μέλλον
674 325 859 403 εύπαθῆσαι
890 322 1087 401 δυναίμεθα,
1112 318 1164 383 διό
1189 322 1223 383 τί
1241 324 1277 386 δέ

173 423 230 487 καί
250 422 293 505 μή
316 425 353 486 Αέκ
376 422 559 506 πολιορκίας
575 420 750 506 αἱρήσομεν
773 419 809 485 τό
829 445 868 485 τε
883 411 962 485 ῦιστυ
984 418 1019 483 τό
1038 423 1143 484 Χλιάτ
1164 423 1219 484 καί
1235 417 1275 485 τό

175 523 236 587 ῦπδ
260 523 378 587 τούτου
404 523 559 606 πολίχνια,
582 521 632 586 ἵνα
662 520 718 586 καί
737 520 767 586 οἱ
793 524 985 604 στρατιοῦται
1005 523 1059 604 τῆς
1081 523 1115 583 έκ
1135 524 1200 584 τιῦν
1222 525 1278 582 λα·
1306 512 1317 530 ’

175 621 289 708 φύρων
316 623 473 709 ὠφελείας
503 627 671 706 πλησθιῦσι
699 625 755 685 καί
773 618 1011 706 προθυμότεροι
1033 625 1203 702 γένωνται,
1224 618 1280 683 καί

146 731 237 797 droit
268 721 422 797 ἐναντίοις
454 725 571 809 ἐπέλθῃ
600 723 684 807 δέος,
718 725 772 786 καί
795 716 865 786 όντί
885 722 1043 800 πολεμίων
1076 717 1277 791 αἱτοιαῦται

173 822 281 896 πόλεις
305 819 484 904 Ῥωμαϊκήν
513 818 682 904 ἡγεμονίαν
712 820 931 902 πλουτησωσι,
960 823 1016 884 καί
1035 819 1186 899 δυνάμεις
1207 822 1277 905 έφι.

173 919 331 1001 στύμεναι
359 921 393 986 τό
427 921 595 987 οἷντίπαλον
631 925 774 1006 ἰσχυρῶς
797 920 1082 1005 ἀποκρούσονται,
1102 924 1156 984 καί
1176 918 1193 1002 ἧ
1215 921 1278 985 ταῖν

179 1023 329 1104 Τούρκων
357 1020 495 1106 πάροδος
526 1021 559 1084 ἐκ
592 1017 813 1107 διαστημάτων
844 1020 925 1087 κατοὶ
950 1023 1065 1106 μοίρας
1094 1011 1278 1104 ἐρχομένων

174 1125 330 1204 βραχείας
350 1123 526 1210 οἷνασταλῇ,
556 1126 610 1186 καί
636 1119 679 1204 μη
703 1119 894 1211 ὁρμητήριον
921 1111 1117 1202 μῦλλονκαί
1133 1123 1278 1200 σ’ψωνια-
1359 1159 1362 1163 ·

130 1231 165 1286 10
174 1220 256 1304 σμόν
275 1221 308 1288 έν
330 1218 456 1297 τούτοις
485 1226 615 1310 εὑρίσκῃ
651 1219 732 1286 όλλό
752 1223 991 1306 πολεμητήριον,
1011 1222 1160 1307 α’τεχντῦς,
1182 1220 1236 1286 καί
1257 1219 1276 1302 ἦ

175 1322 229 1388 διό
254 1327 585 1406 τῆςΜεσοποταμιάς
608 1319 682 1397 ὁδός
702 1325 827 1395 τούτοις
849 1322 1037 1401 ἀνεπίβατος
1055 1318 1217 1408 γένηται.”

279 1425 376 1489 Ταῦτ’
399 1421 537 1500 εἰπόντος
550 1448 613 1507 μου
637 1422 715 1506 πρός
737 1424 791 1487 τόν
810 1426 957 1504 βασιλέα,
979 1425 1077 1510 εἰσῄει
1097 1423 1198 1513 τούτῳ
1218 1430 1279 1505 με’-

175 1550 232 1609 χρι
256 1522 380 1606 βάθους
403 1523 417 1587 ὃ
439 1521 656 1608 λόγος-ὥσπερ
679 1529 727 1598 ίις
757 1523 873 1607 σπόρος
895 1526 939 1597 εἰς
967 1517 1065 1604 εῦγεω
1089 1527 1142 1588 καί
1163 1527 1278 1606 έρίβω-

176 1632 231 1688 λον
250 1629 328 1707 γῆν,
358 1625 412 1686 καί
443 1629 656 1703 μεταθέμενος
686 1621 788 1699 ιύθύς
817 1626 870 1708 τῆς
897 1628 1090 1708 προσωτέρω
1121 1625 1280 1709 φερούσης

134 1726 167 1779 15
178 1717 294 1807 ἥψατο,
319 1721 378 1797 ἕως
398 1723 453 1787 τόν
475 1723 646 1808 Εὐφράτην
669 1725 920 1806 διαπεραιωθεὶς
950 1725 1023 1799 τούς
1044 1729 1214 1803 πολεμίους
1234 1727 1280 1798 εἰς

159 1823 213 1898 ,τό
236 1827 376 1910 σφέτερα
404 1825 549 1907 βαδίζειν
572 1828 762 1907 παρέπεισε·
812 1827 886 1905 περί
913 1823 969 1898 τός
1002 1818 1104 1904 ὄχθας
1130 1822 1191 1907 γὰρ
1223 1824 1281 1888 τοῦ

177 1927 323 2006 ποταμοῦ
360 1925 682 2008 στρατοπεδευόμενοι
721 1919 820 2006 ἦσαν,
856 1925 1100 2006 καραδοκοῦντες
1134 1923 1190 2006 τὴν
1225 1929 1282 1990 τοῦ

175 2030 332 2106 βασιλέως
365 2023 622 2109 α’παναχιόρησιν.
673 2019 759 2107 εἶχον
796 2029 856 2104 μὲν
892 2019 950 2087 οῦν
984 2025 1109 2099 ἐλπίδες
1141 2023 1282 2102 ἅπαντας

177 2127 368 2210 στρατηγίας
387 2115 535 2208 μεγίστης
553 2129 607 2190 καί
629 2127 877 2212 λαφυραγωγίας
898 2128 933 2190 έκ
952 2129 1010 2208 τῆς
1024 2129 1086 2188 των
1108 2128 1281 2210 εἰρημένων
1289 2144 1308 2196 t.
1321 2144 1380 2200 193.
1390 2156 1419 2195 τ.

133 2222 323 2310 λθκύστρων
347 2224 493 2300 ἁλύσεως
516 2251 548 2290 τε
572 2230 627 2290 καί
648 2225 894 2308 παραστάσεως·
947 2221 965 2307 ἦ
992 2227 1020 2287 δ’
1046 2227 1223 2290 έλαύνουσα
1239 2226 1279 2290 τό

174 2313 344 2406 Ῥωμαίων
365 2327 409 2402 είς
430 2323 484 2409 τὴν
505 2329 635 2393 κατόπιν
654 2327 868 2420 όκληριάχούκ
899 2321 950 2388 εἴα
973 2328 1072 2408 πέρας
1095 2328 1282 2408 ἐπιτεθῆναι

180 2431 316 2491 συνετοῦ
337 2423 556 2510 διατόγματυς.
602 2427 645 2504 οῦς
665 2424 725 2513 γὰρ
749 2426 767 2490 ό
791 2426 943 2508 βασιλεύς
966 2421 1065 2501 εῦθός
1086 2429 1141 2510 τῆς
1156 2427 1281 2507 Ῥωμα-

136 2621 138 2625 ’
212 2611 222 2632 “
254 2605 279 2656 1.
302 2601 438 2696 οἷκληρλαγ
455 2605 485 2659 0.

183 2767 281 2831 situdo,
298 2766 460 2833 inquiebam,
481 2783 538 2833 rex,
559 2767 645 2820 adhue
659 2784 728 2821 anno
749 2770 820 2822 circa
838 2770 923 2822 aciem
942 2771 1051 2822 aestatis
1069 2774 1214 2835 versante,
1233 2785 1281 2822 re.

182 2833 322 2906 linquendi
342 2837 432 2891 hostes
450 2839 477 2889 in
499 2839 658 2910 Graecorum
677 2848 750 2894 terra
769 2849 795 2893 et
814 2843 966 2896 remissioni
992 2857 1021 2893 se
1048 2851 1074 2892 et
1098 2841 1282 2910 voluptatibus
1349 2845 1353 2852 ’

182 2908 305 2961 tradendi
323 2925 411 2979 neque
429 2925 500 2963 nune
519 2910 666 2975 laborandi,
686 2922 715 2964 ut
736 2914 824 2964 futuro
841 2921 963 2977 tempore
983 2913 1079 2964 felices
1105 2917 1165 2965 esse
1191 2915 1283 2981 possi.
1364 2943 1367 2948 -

182 2996 248 3032 mus.
288 2997 346 3032 oum
364 2989 451 3034 autem
469 2999 557 3050 neque
578 2985 779 3049 oppugnatione
792 2984 933 3046 -cnpiemus
952 2983 1044 3033 urbem
1063 2983 1152 3036 Ghliat
1180 2991 1207 3034 et
1231 3001 1282 3050 op.

184 3053 245 3118 pida
268 3054 334 3117 eius,
354 3062 383 3105 ut
402 3056 480 3105 etiam
498 3054 598 3103 milites
618 3053 733 3117 praedae
747 3049 869 3118 utilitate
890 3052 1047 3170 expleantur
1072 3061 1099 3102 et
1123 3055 1282 3117 promtiores

184 3124 255 3186 fiant,
276 3132 302 3175 et
321 3126 443 3178 hostibus
463 3124 590 3176 obveniat
608 3124 695 3185 timor,
717 3129 744 3173 et
769 3137 818 3187 pro
847 3122 968 3173 hostius
996 3122 1047 3172 hae
1075 3122 1154 3174 urbes
1182 3123 1282 3176 Graeco

184 3196 295 3261 imperio
315 3197 437 3248 fruantur
457 3201 483 3242 et
502 3194 574 3251 vires
593 3193 723 3244 instantes
743 3195 890 3245 contrarios
911 3193 1015 3244 fortiter
1034 3191 1183 3260 repellantt
1203 3204 1285 3262 atque

184 3266 324 3318 ‘furcarum
342 3269 393 3317 iter
414 3280 447 3314 ert
466 3263 615 3315 intervallis
635 3265 752 3330 partibus
771 3265 996 3331 proficiscentium
1015 3266 1105 3331 parvis
1125 3267 1283 3331 detineatur,

184 3353 272 3406 neque
291 3339 380 3390 locum¹
399 3337 500 3386 firmum
519 3343 546 3386 et
565 3345 738 3387 commeatum
762 3338 790 3387 in
809 3336 850 3387 his
870 3339 998 3404 reperiat,
1017 3338 1218 3389 sed‘defensum
1238 3339 1284 3389 lo.

185 3426 243 3460 cum
267 3423 391 3475 prorsus,
419 3413 498 3478 atque
523 3409 569 3458 via
592 3409 888 3476 per'Mesopotamiam
919 3409 1007 3460 ferens
1040 3409 1082 3459 his
1103 3409 1284 3461 'inaccessibi-

184 3479 218 3532 lis
237 3481 309 3530 flate

284 3565 426 3634 Postquam
445 3565 512 3618 haec
532 3567 585 3618 dixi
605 3568 638 3620 ad
655 3584 756 3635 regem,
778 3570 889 3620 incessit
904 3568 968 3617 huie
982 3582 1067 3632 usque
1081 3566 1112 3616 ad
1126 3566 1285 3631 profundum
1353 3627 1356 3631 ¹

186 3638 281 3700 oratio,
302 3639 378 3706 quasi
398 3653 476 3704 seges
493 3639 519 3689 in
540 3639 635 3689 bonum
656 3647 683 3689 et
701 3640 818 3690 feracem
829 3648 936 3691 terrarn.
959 3645 985 3686 et
1004 3637 1163 3688 sententiam
1181 3644 1284 3690 mutans

185 3710 273 3760 statim
292 3711 362 3760 viarn
381 3725 450 3777 quae
469 3711 497 3760 in
517 3711 645 3761 directum
665 3709 768 3760 ferebat
785 3712 872 3773 ¹iniit:
899 3709 984 3758 donec
1010 3707 1171 3772 Euphratem
1194 3717 1284 3762 trans.

186 3795 295 3848 gressus
317 3781 408 3832 hostes
426 3780 458 3831 ad
477 3795 525 3832 sua
544 3781 617 3832 abire
637 3783 736 3848 coegit.
775 3781 847 3831 eirea
865 3781 936 3844 ripas
955 3780 1024 3828 enim
1042 3779 1157 3832 fluminis
1185 3783 1212 3831 iu
1238 3797 1285 3832 ca.

185 3854 247 3904 stris
268 3860 357 3916 erant,
385 3860 570 3917 exspectantes
595 3853 667 3918 regis
693 3851 816 3901 reditum.
867 3850 974 3901 alebant
996 3851 1077 3918 igitur
1101 3867 1175 3919 spem
1195 3866 1286 3903 omnes

186 3925 365 3990 expeditionis
382 3925 510 3974 maximae
530 3933 556 3975 et
574 3924 689 3990 praedae
708 3923 828 3989 agendae
849 3922 1046 3988 expugnatione
1074 3930 1100 3973 et
1124 3925 1225 3989 impetu
1243 3923 1287 3972 di,

186 4003 287 4046 aterum
305 3993 485 4045 castellorum.
524 4010 581 4047 sors
600 4002 687 4044 autem
706 4009 775 4061 quae
793 4008 837 4045 res
853 3994 1011 4045 Graecorum
1029 3997 1056 4045 in
1075 4001 1210 4060 posterum
1228 4009 1286 4044 ma.

186 4066 241 4118 luna
260 4067 349 4136 pellit,
367 4080 421 4117 nen
441 4076 519 4132 passa
540 4074 582 4119 est
599 4066 679 4117 finem
696 4067 823 4118 constitui
849 4065 985 4133 prudentis
1003 4066 1118 4132 imperii,
1138 4080 1197 4118 euru
1216 4065 1284 4118 enim
1364 4085 1371 4092 ·
