<?xml version="1.0" encoding="UTF-8"?>
<!DOCTYPE html PUBLIC "-//W3C//DTD XHTML 1.0 Transitional//EN"
    "http://www.w3.org/TR/xhtml1/DTD/xhtml1-transitional.dtd">
<html xmlns="http://www.w3.org/1999/xhtml" xml:lang="en" lang="en">
 <head>
  <title>
</title>
<meta http-equiv="Content-Type" content="text/html;charset=utf-8" />
  <meta name='ocr-system' content='tesseract 3.04.00' />
  <meta name='ocr-capabilities' content='ocr_page ocr_carea ocr_par ocr_line ocrx_word'/>
</head>
<body>
  <div class='ocr_page' id='page_1' title='image "./corpusscriptoru05theogoog/corpusscriptoru05theogoog_0185.png"; bbox 0 0 2875 4734; ppageno 0'>
   <div class='ocr_carea' id='block_1_1' title="bbox 515 227 1173 334">
    <p class='ocr_par' dir='ltr' id='par_1_1' title="bbox 515 227 1173 334">
     <span class='ocr_line' id='line_1_1' title="bbox 515 227 1173 334; baseline -0.003 -19"><span class='ocrx_word' id='word_1_1' title='bbox 515 248 723 317; x_wconf 68' lang='lat' dir='ltr'><strong>uteroarm</strong></span> <span class='ocrx_word' id='word_1_2' title='bbox 760 331 764 334; x_wconf 13' lang='lat'><strong>⁴</strong></span> <span class='ocrx_word' id='word_1_3' title='bbox 1102 227 1173 314; x_wconf 74' lang='lat' dir='ltr'><strong><em>itt</em></strong></span> 
     </span>
    </p>
   </div>
   <div class='ocr_carea' id='block_1_2' title="bbox 36 411 1404 2609">
    <p class='ocr_par' dir='ltr' id='par_1_2' title="bbox 36 411 1404 2609">
     <span class='ocr_line' id='line_1_2' title="bbox 79 411 1404 506; baseline -0.002 -26"><span class='ocrx_word' id='word_1_4' title='bbox 79 413 136 480; x_wconf 84' lang='grc' dir='ltr'><strong><em>τὸν</em></strong></span> <span class='ocrx_word' id='word_1_5' title='bbox 158 414 329 495; x_wconf 79' lang='grc' dir='ltr'><strong><em>πέμψαντά</em></strong></span> <span class='ocrx_word' id='word_1_6' title='bbox 351 437 401 496; x_wconf 84' lang='grc' dir='ltr'><strong><em>με.</em></strong></span> <span class='ocrx_word' id='word_1_7' title='bbox 453 416 521 480; x_wconf 71' lang='grc' dir='ltr'><strong><em>ἀλλ’</em></strong></span> <span class='ocrx_word' id='word_1_8' title='bbox 543 413 673 501; x_wconf 79' lang='grc' dir='ltr'><strong><em>ἔρχεται</em></strong></span> <span class='ocrx_word' id='word_1_9' title='bbox 700 411 771 499; x_wconf 80' lang='grc' dir='ltr'><strong><em>όόρα</em></strong></span> <span class='ocrx_word' id='word_1_10' title='bbox 800 419 852 481; x_wconf 80' lang='grc' dir='ltr'><strong><em>ἵνα</em></strong></span> <span class='ocrx_word' id='word_1_11' title='bbox 872 417 934 490; x_wconf 79' lang='grc' dir='ltr'><strong><em>πός</em></strong></span> <span class='ocrx_word' id='word_1_12' title='bbox 957 413 974 478; x_wconf 81' lang='grc' dir='ltr'><strong><em>ό</em></strong></span> <span class='ocrx_word' id='word_1_13' title='bbox 996 415 1181 488; x_wconf 73' lang='grc' dir='ltr'><strong><em>ἀποκτείνας</em></strong></span> <span class='ocrx_word' id='word_1_14' title='bbox 1396 498 1404 506; x_wconf 16' lang='lat' dir='ltr'>x</span> 
     </span>
     <span class='ocr_line' id='line_1_3' title="bbox 79 505 1348 605; baseline 0 -27"><span class='ocrx_word' id='word_1_15' title='bbox 79 515 167 595; x_wconf 73' lang='grc' dir='ltr'><strong><em>ὑμᾶς</em></strong></span> <span class='ocrx_word' id='word_1_16' title='bbox 187 513 260 602; x_wconf 70' lang='grc' dir='ltr'><strong><em>δόξῃ</em></strong></span> <span class='ocrx_word' id='word_1_17' title='bbox 284 519 429 597; x_wconf 87' lang='grc' dir='ltr'><strong><em>λατρείαν</em></strong></span> <span class='ocrx_word' id='word_1_18' title='bbox 464 518 657 602; x_wconf 78' lang='grc' dir='ltr'><strong><em>προσφέρειν</em></strong></span> <span class='ocrx_word' id='word_1_19' title='bbox 686 521 728 605; x_wconf 78' lang='grc' dir='ltr'><strong><em>τῷ</em></strong></span> <span class='ocrx_word' id='word_1_20' title='bbox 750 517 845 603; x_wconf 66' lang='grc' dir='ltr'><strong><em>θηρί’</em></strong></span> <span class='ocrx_word' id='word_1_21' title='bbox 891 507 1071 604; x_wconf 72' lang='grc' dir='ltr'><strong><em>εόθδςοδν</em></strong></span> <span class='ocrx_word' id='word_1_22' title='bbox 1093 505 1181 596; x_wconf 82' lang='grc' dir='ltr'><strong><em>όμοο-</em></strong></span> <span class='ocrx_word' id='word_1_23' title='bbox 1246 534 1248 539; x_wconf 79' lang='grc'>’</span> <span class='ocrx_word' id='word_1_24' title='bbox 1345 517 1348 520; x_wconf 75' lang='grc'><strong>’</strong></span> 
     </span>
     <span class='ocr_line' id='line_1_4' title="bbox 79 611 1180 702; baseline 0.001 -23"><span class='ocrx_word' id='word_1_25' title='bbox 79 617 151 679; x_wconf 81' lang='grc' dir='ltr'><strong><em>νιοῖν</em></strong></span> <span class='ocrx_word' id='word_1_26' title='bbox 180 611 210 678; x_wconf 83' lang='grc' dir='ltr'><strong><em>οἱ</em></strong></span> <span class='ocrx_word' id='word_1_27' title='bbox 248 618 339 678; x_wconf 78' lang='grc' dir='ltr'><strong><em>τοῦτο</em></strong></span> <span class='ocrx_word' id='word_1_28' title='bbox 368 614 645 702; x_wconf 71' lang='grc' dir='ltr'><strong><em>προσημπνόμενοι</em></strong></span> <span class='ocrx_word' id='word_1_29' title='bbox 678 613 922 701; x_wconf 83' lang='grc' dir='ltr'><strong><em>κατηρξόμεθα,</em></strong></span> <span class='ocrx_word' id='word_1_30' title='bbox 952 619 1008 680; x_wconf 88' lang='grc' dir='ltr'><strong><em>καί</em></strong></span> <span class='ocrx_word' id='word_1_31' title='bbox 1040 615 1180 696; x_wconf 79' lang='grc' dir='ltr'><strong><em>όφευδές</em></strong></span> 
     </span>
     <span class='ocr_line' id='line_1_5' title="bbox 80 709 1180 801; baseline 0 -24"><span class='ocrx_word' id='word_1_32' title='bbox 80 709 162 780; x_wconf 76' lang='grc' dir='ltr'><strong><em>εἶναι</em></strong></span> <span class='ocrx_word' id='word_1_33' title='bbox 183 711 217 778; x_wconf 84' lang='grc' dir='ltr'><strong><em>τό</em></strong></span> <span class='ocrx_word' id='word_1_34' title='bbox 241 718 379 798; x_wconf 77' lang='grc' dir='ltr'><strong><em>λαληθὲν</em></strong></span> <span class='ocrx_word' id='word_1_35' title='bbox 400 717 454 780; x_wconf 85' lang='grc' dir='ltr'><strong><em>ἐπί</em></strong></span> <span class='ocrx_word' id='word_1_36' title='bbox 474 721 530 800; x_wconf 82' lang='grc' dir='ltr'><strong><em>τῆς</em></strong></span> <span class='ocrx_word' id='word_1_37' title='bbox 551 715 756 801; x_wconf 74' lang='grc' dir='ltr'><strong><em>σημειώσεως</em></strong></span> <span class='ocrx_word' id='word_1_38' title='bbox 786 714 1016 800; x_wconf 74' lang='grc' dir='ltr'><strong><em>διεμνοόκειμεν.</em></strong></span> <span class='ocrx_word' id='word_1_39' title='bbox 1059 715 1180 794; x_wconf 70' lang='grc' dir='ltr'><strong><em>ζέοντος</em></strong></span> 
     </span>
     <span class='ocr_line' id='line_1_6' title="bbox 51 812 1179 902; baseline -0.003 -23"><span class='ocrx_word' id='word_1_40' title='bbox 51 817 194 879; x_wconf 86' lang='grc' dir='ltr'><strong><em>5δέτοῦ</em></strong></span> <span class='ocrx_word' id='word_1_41' title='bbox 217 819 357 895; x_wconf 85' lang='grc' dir='ltr'><strong><em>πολέμου</em></strong></span> <span class='ocrx_word' id='word_1_42' title='bbox 381 819 604 884; x_wconf 82' lang='grc' dir='ltr'><strong><em>ἐπαπέσττιλεν</em></strong></span> <span class='ocrx_word' id='word_1_43' title='bbox 634 817 652 882; x_wconf 86' lang='lat' dir='ltr'><strong><em>o‘</em></strong></span> <span class='ocrx_word' id='word_1_44' title='bbox 678 817 833 902; x_wconf 73' lang='grc' dir='ltr'><strong><em>βασιλεῦς</em></strong></span> <span class='ocrx_word' id='word_1_45' title='bbox 852 819 908 881; x_wconf 89' lang='grc' dir='ltr'><strong><em>καί</em></strong></span> <span class='ocrx_word' id='word_1_46' title='bbox 930 815 985 881; x_wconf 84' lang='grc' dir='ltr'><strong><em>τόν</em></strong></span> <span class='ocrx_word' id='word_1_47' title='bbox 1002 812 1179 898; x_wconf 73' lang='grc' dir='ltr'><strong><em>μόμιστρον</em></strong></span> 
     </span>
     <span class='ocr_line' id='line_1_7' title="bbox 79 913 1181 999; baseline -0.001 -19"><span class='ocrx_word' id='word_1_48' title='bbox 79 913 267 998; x_wconf 85' lang='grc' dir='ltr'><strong><em>Βασιλόκην</em></strong></span> <span class='ocrx_word' id='word_1_49' title='bbox 288 919 341 979; x_wconf 82' lang='grc' dir='ltr'><strong><em>καί</em></strong></span> <span class='ocrx_word' id='word_1_50' title='bbox 360 920 521 982; x_wconf 84' lang='grc' dir='ltr'><strong><em>κατεπόνει</em></strong></span> <span class='ocrx_word' id='word_1_51' title='bbox 546 919 844 992; x_wconf 76' lang='grc' dir='ltr'><strong><em>Θεοδοσιουπόλεως</em></strong></span> <span class='ocrx_word' id='word_1_52' title='bbox 861 919 940 999; x_wconf 73' lang='grc' dir='ltr'><strong><em>μετὰ</em></strong></span> <span class='ocrx_word' id='word_1_53' title='bbox 962 917 1055 981; x_wconf 80' lang='grc' dir='ltr'><strong><em>τινῶν</em></strong></span> <span class='ocrx_word' id='word_1_54' title='bbox 1076 918 1181 998; x_wconf 77' lang='grc' dir='ltr'><strong><em>ἐγχω-</em></strong></span> 
     </span>
     <span class='ocr_line' id='line_1_8' title="bbox 80 1012 1216 1101; baseline 0.001 -23"><span class='ocrx_word' id='word_1_55' title='bbox 80 1016 157 1097; x_wconf 89' lang='grc' dir='ltr'><strong><em>ρίων</em></strong></span> <span class='ocrx_word' id='word_1_56' title='bbox 171 1019 398 1101; x_wconf 73' lang='grc' dir='ltr'><strong><em>στρατιωτῶν,</em></strong></span> <span class='ocrx_word' id='word_1_57' title='bbox 432 1018 474 1092; x_wconf 81' lang='grc' dir='ltr'><strong><em>τός</em></strong></span> <span class='ocrx_word' id='word_1_58' title='bbox 504 1023 565 1084; x_wconf 68' lang='grc' dir='ltr'><strong><em>τοῖν</em></strong></span> <span class='ocrx_word' id='word_1_59' title='bbox 586 1025 704 1084; x_wconf 79' lang='grc' dir='ltr'><strong><em>λοιπῶν</em></strong></span> <span class='ocrx_word' id='word_1_60' title='bbox 734 1012 834 1083; x_wconf 81' lang='grc' dir='ltr'><strong><em>ὄντων</em></strong></span> <span class='ocrx_word' id='word_1_61' title='bbox 857 1017 936 1099; x_wconf 81' lang='grc' dir='ltr'><strong><em>μετὰ</em></strong></span> <span class='ocrx_word' id='word_1_62' title='bbox 965 1020 1025 1082; x_wconf 63' lang='lat' dir='ltr'><strong>soti</strong></span> <span class='ocrx_word' id='word_1_63' title='bbox 1049 1021 1182 1099; x_wconf 81' lang='grc' dir='ltr'><strong><em>Τραχα-</em></strong></span> <span class='ocrx_word' id='word_1_64' title='bbox 1208 1079 1216 1093; x_wconf 24' lang='grc' dir='ltr'><strong><em>ρ</em></strong></span> 
     </span>
     <span class='ocr_line' id='line_1_9' title="bbox 78 1112 1217 1205; baseline 0.001 -28"><span class='ocrx_word' id='word_1_65' title='bbox 78 1112 209 1180; x_wconf 73' lang='grc' dir='ltr'><strong><em>νειοίτου</em></strong></span> <span class='ocrx_word' id='word_1_66' title='bbox 233 1117 277 1189; x_wconf 82' lang='grc' dir='ltr'><strong><em>εἰς</em></strong></span> <span class='ocrx_word' id='word_1_67' title='bbox 300 1113 334 1180; x_wconf 85' lang='grc' dir='ltr'><strong><em>τό</em></strong></span> <span class='ocrx_word' id='word_1_68' title='bbox 361 1117 480 1182; x_wconf 89' lang='grc' dir='ltr'><strong><em>Χλίοιτ.</em></strong></span> <span class='ocrx_word' id='word_1_69' title='bbox 531 1124 715 1204; x_wconf 77' lang='grc' dir='ltr'><strong><em>προστεθεὶς</em></strong></span> <span class='ocrx_word' id='word_1_70' title='bbox 738 1112 807 1183; x_wconf 81' lang='grc' dir='ltr'><strong><em>’σόν</em></strong></span> <span class='ocrx_word' id='word_1_71' title='bbox 835 1122 878 1205; x_wconf 76' lang='grc' dir='ltr'><strong><em>τῷ</em></strong></span> <span class='ocrx_word' id='word_1_72' title='bbox 898 1120 1063 1205; x_wconf 80' lang='grc' dir='ltr'><strong><em>Βρυεννίρι</em></strong></span> <span class='ocrx_word' id='word_1_73' title='bbox 1081 1117 1180 1200; x_wconf 82' lang='grc' dir='ltr'><strong><em>μέχρι</em></strong></span> <span class='ocrx_word' id='word_1_74' title='bbox 1212 1145 1217 1154; x_wconf 94' lang='grc'><em>·</em></span> 
     </span>
     <span class='ocr_line' id='line_1_10' title="bbox 79 1211 1256 1300; baseline 0.008 -23"><span class='ocrx_word' id='word_1_75' title='bbox 79 1211 165 1288; x_wconf 82' lang='grc' dir='ltr'><strong><em>τινός</em></strong></span> <span class='ocrx_word' id='word_1_76' title='bbox 189 1214 263 1289; x_wconf 82' lang='grc' dir='ltr'><strong><em>τοός</em></strong></span> <span class='ocrx_word' id='word_1_77' title='bbox 285 1216 536 1299; x_wconf 79' lang='grc' dir='ltr'><strong><em>α’κροβολισμοός</em></strong></span> <span class='ocrx_word' id='word_1_78' title='bbox 557 1219 612 1282; x_wconf 85' lang='grc' dir='ltr'><strong><em>καί</em></strong></span> <span class='ocrx_word' id='word_1_79' title='bbox 631 1219 729 1295; x_wconf 85' lang='grc' dir='ltr'><strong><em>αότός</em></strong></span> <span class='ocrx_word' id='word_1_80' title='bbox 748 1220 934 1300; x_wconf 74' lang='grc' dir='ltr'><strong><em>ἐπεδέχετο.</em></strong></span> <span class='ocrx_word' id='word_1_81' title='bbox 979 1219 1181 1298; x_wconf 68' lang='grc' dir='ltr'><strong><em>συνθεμένων</em></strong></span> <span class='ocrx_word' id='word_1_82' title='bbox 1251 1222 1256 1240; x_wconf 86' lang='lat'>&#39;</span> 
     </span>
     <span class='ocr_line' id='line_1_11' title="bbox 36 1310 1182 1403; baseline 0.005 -29"><span class='ocrx_word' id='word_1_83' title='bbox 36 1315 116 1379; x_wconf 85' lang='grc' dir='ltr'><strong><em>10δέ</em></strong></span> <span class='ocrx_word' id='word_1_84' title='bbox 132 1318 193 1378; x_wconf 77' lang='grc' dir='ltr'><strong><em>τῶν</em></strong></span> <span class='ocrx_word' id='word_1_85' title='bbox 209 1317 409 1399; x_wconf 76' lang='grc' dir='ltr'><strong><em>στρατιωτῶν</em></strong></span> <span class='ocrx_word' id='word_1_86' title='bbox 424 1317 554 1383; x_wconf 77' lang='grc' dir='ltr'><strong><em>κατόπιν</em></strong></span> <span class='ocrx_word' id='word_1_87' title='bbox 576 1319 676 1384; x_wconf 81' lang='grc' dir='ltr'><strong><em>αότοό</em></strong></span> <span class='ocrx_word' id='word_1_88' title='bbox 690 1310 889 1398; x_wconf 83' lang='grc' dir='ltr'><strong><em>α’κολουθείν,</em></strong></span> <span class='ocrx_word' id='word_1_89' title='bbox 908 1324 1182 1403; x_wconf 67' lang='grc' dir='ltr'><strong><em>πρωτανανιστεῖν</em></strong></span> 
     </span>
     <span class='ocr_line' id='line_1_12' title="bbox 81 1406 1182 1502; baseline 0.005 -28"><span class='ocrx_word' id='word_1_90' title='bbox 81 1410 182 1487; x_wconf 70' lang='lat' dir='ltr'><strong>odric</strong></span> <span class='ocrx_word' id='word_1_91' title='bbox 205 1406 447 1498; x_wconf 83' lang='grc' dir='ltr'><strong><em>καθυπέσχετο,</em></strong></span> <span class='ocrx_word' id='word_1_92' title='bbox 481 1421 536 1482; x_wconf 86' lang='grc' dir='ltr'><strong><em>καί</em></strong></span> <span class='ocrx_word' id='word_1_93' title='bbox 562 1416 663 1493; x_wconf 80' lang='grc' dir='ltr'><strong><em>εόθός</em></strong></span> <span class='ocrx_word' id='word_1_94' title='bbox 693 1415 872 1502; x_wconf 77' lang='grc' dir='ltr'><strong><em>ἐξορμήσας</em></strong></span> <span class='ocrx_word' id='word_1_95' title='bbox 894 1417 979 1481; x_wconf 82' lang='grc' dir='ltr'><strong><em>νοότα</em></strong></span> <span class='ocrx_word' id='word_1_96' title='bbox 1000 1412 1182 1484; x_wconf 74' lang='grc' dir='ltr'><strong><em>δεδωκότων</em></strong></span> 
     </span>
     <span class='ocr_line' id='line_1_13' title="bbox 78 1511 1182 1603; baseline -0.001 -26"><span class='ocrx_word' id='word_1_97' title='bbox 78 1516 141 1577; x_wconf 74' lang='grc' dir='ltr'><strong><em>τοῖν</em></strong></span> <span class='ocrx_word' id='word_1_98' title='bbox 170 1511 315 1580; x_wconf 76' lang='grc' dir='ltr'><strong><em>ἐναντίων</em></strong></span> <span class='ocrx_word' id='word_1_99' title='bbox 352 1518 472 1582; x_wconf 90' lang='grc' dir='ltr'><strong><em>ἐδίωκε.</em></strong></span> <span class='ocrx_word' id='word_1_100' title='bbox 523 1515 808 1600; x_wconf 68' lang='grc' dir='ltr'><strong><em>συνακολουθῆσαι</em></strong></span> <span class='ocrx_word' id='word_1_101' title='bbox 842 1519 871 1581; x_wconf 88' lang='grc' dir='ltr'><strong><em>δ’</em></strong></span> <span class='ocrx_word' id='word_1_102' title='bbox 900 1515 988 1603; x_wconf 76' lang='grc' dir='ltr'><strong><em>αότρῖ</em></strong></span> <span class='ocrx_word' id='word_1_103' title='bbox 1017 1511 1100 1594; x_wconf 77' lang='grc' dir='ltr'><strong><em>μετὰ</em></strong></span> <span class='ocrx_word' id='word_1_104' title='bbox 1122 1514 1182 1577; x_wconf 68' lang='lat' dir='ltr'><strong>sod</strong></span> 
     </span>
     <span class='ocr_line' id='line_1_14' title="bbox 80 1612 1183 1704; baseline 0.001 -30"><span class='ocrx_word' id='word_1_105' title='bbox 80 1613 224 1695; x_wconf 75' lang='grc' dir='ltr'><strong><em>πλήθους</em></strong></span> <span class='ocrx_word' id='word_1_106' title='bbox 245 1613 261 1675; x_wconf 90' lang='grc' dir='ltr'><strong><em>ό</em></strong></span> <span class='ocrx_word' id='word_1_107' title='bbox 285 1619 475 1699; x_wconf 81' lang='grc' dir='ltr'><strong><em>Βρυέννιος,</em></strong></span> <span class='ocrx_word' id='word_1_108' title='bbox 505 1612 575 1684; x_wconf 83' lang='grc' dir='ltr'><strong><em>εἶτα</em></strong></span> <span class='ocrx_word' id='word_1_109' title='bbox 597 1616 672 1692; x_wconf 81' lang='grc' dir='ltr'><strong><em>τούς</em></strong></span> <span class='ocrx_word' id='word_1_110' title='bbox 704 1619 848 1704; x_wconf 81' lang='grc' dir='ltr'><strong><em>ῥυτῆρας</em></strong></span> <span class='ocrx_word' id='word_1_111' title='bbox 870 1613 905 1680; x_wconf 84' lang='grc' dir='ltr'><strong><em>ἐκ</em></strong></span> <span class='ocrx_word' id='word_1_112' title='bbox 925 1612 1183 1696; x_wconf 72' lang='grc' dir='ltr'><strong><em>συνθήματοςέν</em></strong></span> 
     </span>
     <span class='ocr_line' id='line_1_15' title="bbox 78 1709 1182 1803; baseline 0.004 -29"><span class='ocrx_word' id='word_1_113' title='bbox 78 1713 189 1800; x_wconf 79' lang='grc' dir='ltr'><strong><em>οίγνοίρι</em></strong></span> <span class='ocrx_word' id='word_1_114' title='bbox 212 1717 267 1779; x_wconf 82' lang='grc' dir='ltr'><strong><em>τοῦ</em></strong></span> <span class='ocrx_word' id='word_1_115' title='bbox 288 1721 486 1782; x_wconf 87' lang='grc' dir='ltr'><strong><em>Βασιλακίου</em></strong></span> <span class='ocrx_word' id='word_1_116' title='bbox 510 1711 636 1801; x_wconf 79' lang='grc' dir='ltr'><strong><em>ἐνέχειν</em></strong></span> <span class='ocrx_word' id='word_1_117' title='bbox 656 1716 730 1792; x_wconf 85' lang='grc' dir='ltr'><strong><em>τοός</em></strong></span> <span class='ocrx_word' id='word_1_118' title='bbox 762 1718 844 1803; x_wconf 76' lang='grc' dir='ltr'><strong><em>ἀμφ’</em></strong></span> <span class='ocrx_word' id='word_1_119' title='bbox 876 1713 975 1782; x_wconf 86' lang='grc' dir='ltr'><strong><em>αότόν</em></strong></span> <span class='ocrx_word' id='word_1_120' title='bbox 993 1709 1182 1798; x_wconf 78' lang='grc' dir='ltr'><strong><em>προτρεψό-</em></strong></span> 
     </span>
     <span class='ocr_line' id='line_1_16' title="bbox 36 1810 1183 1905; baseline -0.002 -25"><span class='ocrx_word' id='word_1_121' title='bbox 36 1830 184 1894; x_wconf 86' lang='grc' dir='ltr'><strong><em>15μενος,</em></strong></span> <span class='ocrx_word' id='word_1_122' title='bbox 206 1815 330 1900; x_wconf 85' lang='grc' dir='ltr'><strong><em>σ’φῆκεν</em></strong></span> <span class='ocrx_word' id='word_1_123' title='bbox 352 1810 549 1898; x_wconf 81' lang='grc' dir='ltr'><strong><em>αότόνμετό</em></strong></span> <span class='ocrx_word' id='word_1_124' title='bbox 575 1821 637 1882; x_wconf 77' lang='grc' dir='ltr'><strong><em>τῶν</em></strong></span> <span class='ocrx_word' id='word_1_125' title='bbox 658 1821 857 1898; x_wconf 78' lang='grc' dir='ltr'><strong><em>πειθομένων</em></strong></span> <span class='ocrx_word' id='word_1_126' title='bbox 877 1815 981 1905; x_wconf 82' lang='grc' dir='ltr'><strong><em>τοότφ</em></strong></span> <span class='ocrx_word' id='word_1_127' title='bbox 1002 1817 1059 1878; x_wconf 86' lang='grc' dir='ltr'><strong><em>καί</em></strong></span> <span class='ocrx_word' id='word_1_128' title='bbox 1075 1814 1183 1893; x_wconf 83' lang='grc' dir='ltr'><strong><em>μόνων</em></strong></span> 
     </span>
     <span class='ocr_line' id='line_1_17' title="bbox 80 1913 1182 2006; baseline 0.002 -31"><span class='ocrx_word' id='word_1_129' title='bbox 80 1913 224 1995; x_wconf 78' lang='grc' dir='ltr'><strong><em>όκριιτιδς</em></strong></span> <span class='ocrx_word' id='word_1_130' title='bbox 245 1914 369 1980; x_wconf 74' lang='grc' dir='ltr'><strong><em>διώκειν</em></strong></span> <span class='ocrx_word' id='word_1_131' title='bbox 394 1920 447 1982; x_wconf 85' lang='grc' dir='ltr'><strong><em>ἐπί</em></strong></span> <span class='ocrx_word' id='word_1_132' title='bbox 460 1917 553 1982; x_wconf 85' lang='grc' dir='ltr'><strong><em>πολό.</em></strong></span> <span class='ocrx_word' id='word_1_133' title='bbox 598 1917 667 1984; x_wconf 86' lang='grc' dir='ltr'><strong><em>ἐπεί</em></strong></span> <span class='ocrx_word' id='word_1_134' title='bbox 692 1921 727 1983; x_wconf 80' lang='grc' dir='ltr'><strong><em>δέ</em></strong></span> <span class='ocrx_word' id='word_1_135' title='bbox 749 1922 793 2006; x_wconf 69' lang='grc' dir='ltr'><strong><em>τρῖ</em></strong></span> <span class='ocrx_word' id='word_1_136' title='bbox 805 1916 928 2002; x_wconf 84' lang='grc' dir='ltr'><strong><em>χόρατι</em></strong></span> <span class='ocrx_word' id='word_1_137' title='bbox 947 1921 1010 1981; x_wconf 73' lang='grc' dir='ltr'><strong><em>τῶν</em></strong></span> <span class='ocrx_word' id='word_1_138' title='bbox 1031 1916 1182 1979; x_wconf 82' lang='grc' dir='ltr'><strong><em>ἐναντίων</em></strong></span> 
     </span>
     <span class='ocr_line' id='line_1_18' title="bbox 78 2010 1182 2105; baseline 0.003 -30"><span class='ocrx_word' id='word_1_139' title='bbox 78 2017 273 2095; x_wconf 79' lang='grc' dir='ltr'><strong><em>προσέμιξε,</em></strong></span> <span class='ocrx_word' id='word_1_140' title='bbox 311 2019 518 2102; x_wconf 87' lang='grc' dir='ltr'><strong><em>διαπαρέντος</em></strong></span> <span class='ocrx_word' id='word_1_141' title='bbox 542 2021 602 2082; x_wconf 79' lang='grc' dir='ltr'><strong><em>τοῦ</em></strong></span> <span class='ocrx_word' id='word_1_142' title='bbox 631 2017 730 2083; x_wconf 73' lang='grc' dir='ltr'><strong><em>ἵππου</em></strong></span> <span class='ocrx_word' id='word_1_143' title='bbox 760 2021 917 2102; x_wconf 80' lang='grc' dir='ltr'><strong><em>προσέσχε</em></strong></span> <span class='ocrx_word' id='word_1_144' title='bbox 938 2018 978 2102; x_wconf 76' lang='grc' dir='ltr'><strong><em>τῇ</em></strong></span> <span class='ocrx_word' id='word_1_145' title='bbox 998 2015 1058 2105; x_wconf 67' lang='grc' dir='ltr'><strong><em>νῇ,</em></strong></span> <span class='ocrx_word' id='word_1_146' title='bbox 1082 2010 1182 2098; x_wconf 67' lang='grc' dir='ltr'><strong><em>δέρος</em></strong></span> 
     </span>
     <span class='ocr_line' id='line_1_19' title="bbox 81 2109 1183 2205; baseline -0.001 -29"><span class='ocrx_word' id='word_1_147' title='bbox 81 2116 146 2176; x_wconf 78' lang='grc' dir='ltr'><strong><em>τεόν</em></strong></span> <span class='ocrx_word' id='word_1_148' title='bbox 169 2110 274 2180; x_wconf 83' lang='grc' dir='ltr'><strong><em>όπλων</em></strong></span> <span class='ocrx_word' id='word_1_149' title='bbox 304 2115 547 2203; x_wconf 82' lang='grc' dir='ltr'><strong><em>ἐπιφερόμενος·</em></strong></span> <span class='ocrx_word' id='word_1_150' title='bbox 602 2117 652 2183; x_wconf 84' lang='grc' dir='ltr'><strong><em>διὸ</em></strong></span> <span class='ocrx_word' id='word_1_151' title='bbox 684 2118 740 2183; x_wconf 87' lang='grc' dir='ltr'><strong><em>καί</em></strong></span> <span class='ocrx_word' id='word_1_152' title='bbox 768 2122 995 2203; x_wconf 81' lang='grc' dir='ltr'><strong><em>περιχυθέντες</em></strong></span> <span class='ocrx_word' id='word_1_153' title='bbox 1021 2112 1121 2205; x_wconf 84' lang='grc' dir='ltr'><strong><em>αότόν</em></strong></span> <span class='ocrx_word' id='word_1_154' title='bbox 1152 2109 1183 2177; x_wconf 80' lang='grc' dir='ltr'><strong><em>οἶ</em></strong></span> 
     </span>
     <span class='ocr_line' id='line_1_20' title="bbox 80 2218 598 2307; baseline 0.014 -29"><span class='ocrx_word' id='word_1_155' title='bbox 80 2218 226 2296; x_wconf 78' lang='grc' dir='ltr'><strong><em>πολέμιοι</em></strong></span> <span class='ocrx_word' id='word_1_156' title='bbox 250 2219 367 2307; x_wconf 73' lang='grc' dir='ltr'><strong><em>ζωγρίᾳ</em></strong></span> <span class='ocrx_word' id='word_1_157' title='bbox 388 2219 598 2300; x_wconf 79' lang='grc' dir='ltr'><strong><em>λαμβάνουσι.</em></strong></span> 
     </span>
     <span class='ocr_line' id='line_1_21' title="bbox 36 2311 1184 2402; baseline -0.002 -22"><span class='ocrx_word' id='word_1_158' title='bbox 36 2329 70 2382; x_wconf 77' lang='lat'><strong><em>20</em></strong></span> <span class='ocrx_word' id='word_1_159' title='bbox 182 2317 441 2402; x_wconf 75' lang='grc' dir='ltr'><strong><em>Καταλαβοόσπς</em></strong></span> <span class='ocrx_word' id='word_1_160' title='bbox 464 2322 499 2383; x_wconf 83' lang='grc' dir='ltr'><strong><em>δέ</em></strong></span> <span class='ocrx_word' id='word_1_161' title='bbox 520 2319 636 2402; x_wconf 79' lang='grc' dir='ltr'><strong><em>ταύτης</em></strong></span> <span class='ocrx_word' id='word_1_162' title='bbox 658 2322 713 2402; x_wconf 83' lang='grc' dir='ltr'><strong><em>τῆς</em></strong></span> <span class='ocrx_word' id='word_1_163' title='bbox 737 2317 885 2402; x_wconf 69' lang='grc' dir='ltr'><strong><em>ἀγγελίας</em></strong></span> <span class='ocrx_word' id='word_1_164' title='bbox 906 2317 1108 2398; x_wconf 73' lang='grc' dir='ltr'><strong><em>τὸνβασιλέα</em></strong></span> <span class='ocrx_word' id='word_1_165' title='bbox 1128 2311 1184 2378; x_wconf 84' lang='grc' dir='ltr'><strong><em>καί</em></strong></span> 
     </span>
     <span class='ocr_line' id='line_1_22' title="bbox 81 2412 1179 2501; baseline 0.002 -23"><span class='ocrx_word' id='word_1_166' title='bbox 81 2413 137 2480; x_wconf 88' lang='grc' dir='ltr'><strong><em>τόν</em></strong></span> <span class='ocrx_word' id='word_1_167' title='bbox 159 2412 313 2501; x_wconf 84' lang='grc' dir='ltr'><strong><em>στρατόν,</em></strong></span> <span class='ocrx_word' id='word_1_168' title='bbox 339 2419 442 2482; x_wconf 85' lang='grc' dir='ltr'><strong><em>δειλία</em></strong></span> <span class='ocrx_word' id='word_1_169' title='bbox 462 2423 517 2483; x_wconf 86' lang='grc' dir='ltr'><strong><em>καί</em></strong></span> <span class='ocrx_word' id='word_1_170' title='bbox 537 2421 692 2485; x_wconf 87' lang='grc' dir='ltr'><strong><em>κινδόνων</em></strong></span> <span class='ocrx_word' id='word_1_171' title='bbox 715 2422 804 2494; x_wconf 86' lang='grc' dir='ltr'><strong><em>ἐλπίς</em></strong></span> <span class='ocrx_word' id='word_1_172' title='bbox 830 2427 896 2495; x_wconf 72' lang='grc' dir='ltr'><strong><em>τοῖς</em></strong></span> <span class='ocrx_word' id='word_1_173' title='bbox 915 2417 1083 2499; x_wconf 70' lang='grc' dir='ltr'><strong><em>Ῥωμαιοις</em></strong></span> <span class='ocrx_word' id='word_1_174' title='bbox 1103 2416 1179 2481; x_wconf 80' lang='grc' dir='ltr'><strong><em>ἐκέ-</em></strong></span> 
     </span>
     <span class='ocr_line' id='line_1_23' title="bbox 80 2517 1183 2609; baseline 0.001 -28"><span class='ocrx_word' id='word_1_175' title='bbox 80 2531 225 2602; x_wconf 79' lang='grc' dir='ltr'><strong><em>οκιμμεν,</em></strong></span> <span class='ocrx_word' id='word_1_176' title='bbox 249 2521 318 2584; x_wconf 73' lang='grc' dir='ltr'><strong><em>ἐπεὶ</em></strong></span> <span class='ocrx_word' id='word_1_177' title='bbox 338 2521 392 2584; x_wconf 84' lang='grc' dir='ltr'><strong><em>καί</em></strong></span> <span class='ocrx_word' id='word_1_178' title='bbox 413 2517 443 2584; x_wconf 81' lang='grc' dir='ltr'><strong><em>οἱ</em></strong></span> <span class='ocrx_word' id='word_1_179' title='bbox 473 2523 667 2606; x_wconf 72' lang='grc' dir='ltr'><strong><em>τραυματίαι</em></strong></span> <span class='ocrx_word' id='word_1_180' title='bbox 694 2520 840 2609; x_wconf 71' lang='grc' dir='ltr'><strong><em>φοράδην</em></strong></span> <span class='ocrx_word' id='word_1_181' title='bbox 867 2520 1016 2603; x_wconf 73' lang='grc' dir='ltr'><strong><em>ἀγόμενοι</em></strong></span> <span class='ocrx_word' id='word_1_182' title='bbox 1036 2518 1093 2583; x_wconf 87' lang='grc' dir='ltr'><strong><em>καί</em></strong></span> <span class='ocrx_word' id='word_1_183' title='bbox 1112 2524 1183 2596; x_wconf 57' lang='lat' dir='ltr'><strong><em>rote</em></strong></span> 
     </span>
    </p>
   </div>
   <div class='ocr_carea' id='block_1_3' title="bbox 1 2823 1290 3964">
    <p class='ocr_par' dir='ltr' id='par_1_3' title="bbox 1 2823 1290 3400">
     <span class='ocr_line' id='line_1_24' title="bbox 1 2823 1182 2902; baseline 0.003 -22"><span class='ocrx_word' id='word_1_184' title='bbox 1 2823 12 2880; x_wconf 70' lang='grc' dir='ltr'><strong><em>ἐ</em></strong></span> <span class='ocrx_word' id='word_1_185' title='bbox 83 2835 316 2896; x_wconf 83' lang='lat' dir='ltr'><strong>contempserunt,</strong></span> <span class='ocrx_word' id='word_1_186' title='bbox 344 2837 435 2883; x_wconf 80' lang='lat' dir='ltr'><strong>uestra</strong></span> <span class='ocrx_word' id='word_1_187' title='bbox 461 2847 568 2902; x_wconf 86' lang='lat' dir='ltr'><strong>quoque</strong></span> <span class='ocrx_word' id='word_1_188' title='bbox 600 2840 783 2886; x_wconf 74' lang='lat' dir='ltr'>contemnent:</span> <span class='ocrx_word' id='word_1_189' title='bbox 812 2834 880 2885; x_wconf 86' lang='lat' dir='ltr'><strong>huec</strong></span> <span class='ocrx_word' id='word_1_190' title='bbox 904 2847 971 2887; x_wconf 82' lang='lat' dir='ltr'><strong>vero</strong></span> <span class='ocrx_word' id='word_1_191' title='bbox 991 2831 1079 2884; x_wconf 89' lang='lat' dir='ltr'><strong>omnia</strong></span> <span class='ocrx_word' id='word_1_192' title='bbox 1104 2826 1182 2884; x_wconf 75' lang='lat' dir='ltr'><strong>uobis</strong></span> 
     </span>
     <span class='ocr_line' id='line_1_25' title="bbox 81 2900 1182 2975; baseline 0.004 -25"><span class='ocrx_word' id='word_1_193' title='bbox 81 2900 198 2963; x_wconf 77' lang='lat' dir='ltr'><strong>iaciunt,</strong></span> <span class='ocrx_word' id='word_1_194' title='bbox 219 2901 289 2969; x_wconf 86' lang='lat' dir='ltr'><strong>quod</strong></span> <span class='ocrx_word' id='word_1_195' title='bbox 303 2903 362 2970; x_wconf 85' lang='lat' dir='ltr'><strong>quis</strong></span> <span class='ocrx_word' id='word_1_196' title='bbox 380 2917 422 2954; x_wconf 90' lang='lat' dir='ltr'><strong><em>me</em></strong></span> <span class='ocrx_word' id='word_1_197' title='bbox 440 2905 543 2957; x_wconf 76' lang='lat' dir='ltr'><strong>miserit</strong></span> <span class='ocrx_word' id='word_1_198' title='bbox 561 2907 693 2975; x_wconf 70' lang='lat' dir='ltr'><strong><em>ignorant.</em></strong></span> <span class='ocrx_word' id='word_1_199' title='bbox 733 2905 779 2958; x_wconf 85' lang='lat' dir='ltr'><strong>sed</strong></span> <span class='ocrx_word' id='word_1_200' title='bbox 798 2906 874 2957; x_wconf 86' lang='lat' dir='ltr'><strong>adest</strong></span> <span class='ocrx_word' id='word_1_201' title='bbox 891 2912 1004 2969; x_wconf 83' lang='lat' dir='ltr'><strong>tempus,</strong></span> <span class='ocrx_word' id='word_1_202' title='bbox 1025 2903 1071 2953; x_wconf 92' lang='lat' dir='ltr'><strong><em>ubi</em></strong></span> <span class='ocrx_word' id='word_1_203' title='bbox 1090 2917 1182 2954; x_wconf 83' lang='lat' dir='ltr'><strong>omues</strong></span> 
     </span>
     <span class='ocr_line' id='line_1_26' title="bbox 81 2972 1282 3040; baseline -0.002 -18"><span class='ocrx_word' id='word_1_204' title='bbox 81 2972 196 3039; x_wconf 86' lang='lat' dir='ltr'><strong>quivos</strong></span> <span class='ocrx_word' id='word_1_205' title='bbox 215 2973 353 3038; x_wconf 83' lang='lat' dir='ltr'><strong>occident,</strong></span> <span class='ocrx_word' id='word_1_206' title='bbox 373 2975 423 3027; x_wconf 91' lang='lat' dir='ltr'><strong><em>deo</em></strong></span> <span class='ocrx_word' id='word_1_207' title='bbox 440 2977 543 3030; x_wconf 79' lang='lat' dir='ltr'><strong>servire</strong></span> <span class='ocrx_word' id='word_1_208' title='bbox 563 2977 749 3029; x_wconf 82' lang='lat' dir='ltr'><strong>videbuntur.“</strong></span> <span class='ocrx_word' id='word_1_209' title='bbox 772 2976 867 3028; x_wconf 75' lang='lat' dir='ltr'><strong>statim,</strong></span> <span class='ocrx_word' id='word_1_210' title='bbox 879 2988 944 3025; x_wconf 86' lang='lat' dir='ltr'><strong>vero</strong></span> <span class='ocrx_word' id='word_1_211' title='bbox 963 2972 1097 3040; x_wconf 87' lang='lat' dir='ltr'><strong>trepidare</strong></span> <span class='ocrx_word' id='word_1_212' title='bbox 1116 2985 1183 3022; x_wconf 90' lang='lat' dir='ltr'><strong>coo.</strong></span> <span class='ocrx_word' id='word_1_213' title='bbox 1276 2984 1282 2995; x_wconf 92' lang='lat'><strong>·</strong></span> 
     </span>
     <span class='ocr_line' id='line_1_27' title="bbox 80 3043 1290 3116; baseline 0 -24"><span class='ocrx_word' id='word_1_214' title='bbox 80 3044 178 3110; x_wconf 89' lang='lat' dir='ltr'><strong>pimus,</strong></span> <span class='ocrx_word' id='word_1_215' title='bbox 197 3046 243 3110; x_wconf 90' lang='lat' dir='ltr'><strong><em>qui</em></strong></span> <span class='ocrx_word' id='word_1_216' title='bbox 264 3043 312 3096; x_wconf 84' lang='lat' dir='ltr'><strong><em>hue</em></strong></span> <span class='ocrx_word' id='word_1_217' title='bbox 332 3061 366 3098; x_wconf 85' lang='lat' dir='ltr'><strong><em>ex</em></strong></span> <span class='ocrx_word' id='word_1_218' title='bbox 383 3062 413 3098; x_wconf 94' lang='lat' dir='ltr'><strong><em>re</em></strong></span> <span class='ocrx_word' id='word_1_219' title='bbox 428 3049 649 3116; x_wconf 80' lang='lat' dir='ltr'><strong>significationem</strong></span> <span class='ocrx_word' id='word_1_220' title='bbox 670 3059 841 3111; x_wconf 71' lang='lat' dir='ltr'><strong>ceperamus:</strong></span> <span class='ocrx_word' id='word_1_221' title='bbox 860 3059 927 3095; x_wconf 83' lang='lat' dir='ltr'><strong>vera</strong></span> <span class='ocrx_word' id='word_1_222' title='bbox 946 3044 1017 3094; x_wconf 85' lang='lat' dir='ltr'>enirn</span> <span class='ocrx_word' id='word_1_223' title='bbox 1036 3056 1183 3108; x_wconf 83' lang='lat' dir='ltr'><strong>coaequae</strong></span> <span class='ocrx_word' id='word_1_224' title='bbox 1286 3090 1290 3098; x_wconf 90' lang='grc'>,</span> 
     </span>
     <span class='ocr_line' id='line_1_28' title="bbox 81 3111 1184 3185; baseline -0.004 -19"><span class='ocrx_word' id='word_1_225' title='bbox 81 3112 196 3177; x_wconf 75' lang='lat' dir='ltr'><strong>dicebat,</strong></span> <span class='ocrx_word' id='word_1_226' title='bbox 215 3115 243 3166; x_wconf 91' lang='lat' dir='ltr'><strong><em>in</em></strong></span> <span class='ocrx_word' id='word_1_227' title='bbox 261 3117 459 3185; x_wconf 76' lang='lat' dir='ltr'><strong>significatione</strong></span> <span class='ocrx_word' id='word_1_228' title='bbox 479 3131 705 3183; x_wconf 81' lang='lat' dir='ltr'><strong>cognoveramus.</strong></span> <span class='ocrx_word' id='word_1_229' title='bbox 752 3115 862 3166; x_wconf 86' lang='lat' dir='ltr'><strong>ardente</strong></span> <span class='ocrx_word' id='word_1_230' title='bbox 880 3121 970 3166; x_wconf 86' lang='lat' dir='ltr'><strong>autem</strong></span> <span class='ocrx_word' id='word_1_231' title='bbox 995 3111 1069 3164; x_wconf 91' lang='lat' dir='ltr'><strong>bello</strong></span> <span class='ocrx_word' id='word_1_232' title='bbox 1089 3118 1184 3163; x_wconf 78' lang='lat' dir='ltr'>texet</span> 
     </span>
     <span class='ocr_line' id='line_1_29' title="bbox 80 3183 1183 3256; baseline -0.002 -19"><span class='ocrx_word' id='word_1_233' title='bbox 80 3184 223 3237; x_wconf 80' lang='lat' dir='ltr'><strong>Busilaceu</strong></span> <span class='ocrx_word' id='word_1_234' title='bbox 242 3192 393 3256; x_wconf 83' lang='lat' dir='ltr'><strong>magistrum</strong></span> <span class='ocrx_word' id='word_1_235' title='bbox 410 3198 436 3240; x_wconf 89' lang='lat' dir='ltr'><strong><em>et</em></strong></span> <span class='ocrx_word' id='word_1_236' title='bbox 450 3185 672 3253; x_wconf 74' lang='lat' dir='ltr'>Theodosiopolis</span> <span class='ocrx_word' id='word_1_237' title='bbox 692 3185 857 3252; x_wconf 84' lang='lat' dir='ltr'><strong>praefectum</strong></span> <span class='ocrx_word' id='word_1_238' title='bbox 876 3200 935 3236; x_wconf 88' lang='lat' dir='ltr'><strong><em>cum</em></strong></span> <span class='ocrx_word' id='word_1_239' title='bbox 953 3185 1051 3237; x_wconf 86' lang='lat' dir='ltr'><strong>innatis</strong></span> <span class='ocrx_word' id='word_1_240' title='bbox 1071 3183 1183 3252; x_wconf 89' lang='lat' dir='ltr'><strong>quibus-</strong></span> 
     </span>
     <span class='ocr_line' id='line_1_30' title="bbox 81 3254 1182 3324; baseline 0 -18"><span class='ocrx_word' id='word_1_241' title='bbox 81 3257 140 3307; x_wconf 85' lang='lat' dir='ltr'><strong><em>dam</em></strong></span> <span class='ocrx_word' id='word_1_242' title='bbox 159 3256 279 3310; x_wconf 87' lang='lat' dir='ltr'><strong>milititus</strong></span> <span class='ocrx_word' id='word_1_243' title='bbox 300 3260 432 3314; x_wconf 79' lang='lat' dir='ltr'><strong>Chliatutn</strong></span> <span class='ocrx_word' id='word_1_244' title='bbox 452 3257 542 3319; x_wconf 87' lang='lat' dir='ltr'><strong>misit,</strong></span> <span class='ocrx_word' id='word_1_245' title='bbox 564 3257 676 3324; x_wconf 86' lang='lat' dir='ltr'><strong>reliquis</strong></span> <span class='ocrx_word' id='word_1_246' title='bbox 702 3272 760 3308; x_wconf 90' lang='lat' dir='ltr'><strong><em>cum</em></strong></span> <span class='ocrx_word' id='word_1_247' title='bbox 780 3257 954 3309; x_wconf 85' lang='lat' dir='ltr'><strong>Trachoniote</strong></span> <span class='ocrx_word' id='word_1_248' title='bbox 975 3255 1113 3324; x_wconf 78' lang='lat' dir='ltr'><strong>profectis.</strong></span> <span class='ocrx_word' id='word_1_249' title='bbox 1132 3254 1182 3308; x_wconf 80' lang='lat' dir='ltr'><strong>sd-</strong></span> 
     </span>
     <span class='ocr_line' id='line_1_31' title="bbox 81 3325 1261 3400; baseline -0.002 -22"><span class='ocrx_word' id='word_1_250' title='bbox 81 3328 152 3378; x_wconf 88' lang='lat' dir='ltr'><strong>ditus</strong></span> <span class='ocrx_word' id='word_1_251' title='bbox 170 3328 252 3395; x_wconf 80' lang='lat' dir='ltr'><strong>igitur</strong></span> <span class='ocrx_word' id='word_1_252' title='bbox 270 3328 406 3400; x_wconf 72' lang='lat' dir='ltr'><strong>Brpeunio</strong></span> <span class='ocrx_word' id='word_1_253' title='bbox 426 3327 587 3394; x_wconf 75' lang='lat' dir='ltr'><strong>aliquamdiu</strong></span> <span class='ocrx_word' id='word_1_254' title='bbox 606 3327 711 3394; x_wconf 87' lang='lat' dir='ltr'><strong>proelia</strong></span> <span class='ocrx_word' id='word_1_255' title='bbox 731 3331 833 3382; x_wconf 90' lang='lat' dir='ltr'><strong>eminus</strong></span> <span class='ocrx_word' id='word_1_256' title='bbox 850 3329 920 3380; x_wconf 84' lang='lat' dir='ltr'><strong>facta</strong></span> <span class='ocrx_word' id='word_1_257' title='bbox 940 3336 966 3380; x_wconf 88' lang='lat' dir='ltr'><strong><em>et</em></strong></span> <span class='ocrx_word' id='word_1_258' title='bbox 988 3330 1046 3395; x_wconf 88' lang='lat' dir='ltr'><strong>ipse</strong></span> <span class='ocrx_word' id='word_1_259' title='bbox 1066 3325 1181 3393; x_wconf 84' lang='lat' dir='ltr'><strong>excepit.</strong></span> <span class='ocrx_word' id='word_1_260' title='bbox 1257 3329 1261 3339; x_wconf 86' lang='grc'><em>“</em></span> 
     </span>
    </p>

    <p class='ocr_par' dir='ltr' id='par_1_4' title="bbox 8 3396 1261 3893">
     <span class='ocr_line' id='line_1_32' title="bbox 8 3396 1182 3467; baseline 0 -20"><span class='ocrx_word' id='word_1_261' title='bbox 8 3430 21 3462; x_wconf 57' lang='lat' dir='ltr'><strong>p</strong></span> <span class='ocrx_word' id='word_1_262' title='bbox 79 3396 209 3450; x_wconf 80' lang='lat' dir='ltr'><strong>militibus</strong></span> <span class='ocrx_word' id='word_1_263' title='bbox 228 3408 315 3455; x_wconf 86' lang='lat' dir='ltr'><strong>autem</strong></span> <span class='ocrx_word' id='word_1_264' title='bbox 336 3415 395 3450; x_wconf 88' lang='lat' dir='ltr'><strong><em>eum</em></strong></span> <span class='ocrx_word' id='word_1_265' title='bbox 414 3413 430 3448; x_wconf 91' lang='lat' dir='ltr'><strong>a</strong></span> <span class='ocrx_word' id='word_1_266' title='bbox 447 3405 524 3466; x_wconf 80' lang='lat' dir='ltr'><strong>tergo</strong></span> <span class='ocrx_word' id='word_1_267' title='bbox 544 3401 620 3466; x_wconf 86' lang='lat' dir='ltr'><strong>sequi</strong></span> <span class='ocrx_word' id='word_1_268' title='bbox 639 3399 815 3452; x_wconf 86' lang='lat' dir='ltr'><strong>adnuentibus</strong></span> <span class='ocrx_word' id='word_1_269' title='bbox 828 3402 914 3467; x_wconf 88' lang='lat' dir='ltr'><strong>ipsum</strong></span> <span class='ocrx_word' id='word_1_270' title='bbox 933 3416 963 3452; x_wconf 89' lang='lat' dir='ltr'><strong>se</strong></span> <span class='ocrx_word' id='word_1_271' title='bbox 978 3414 1043 3467; x_wconf 87' lang='lat' dir='ltr'><strong>prae</strong></span> <span class='ocrx_word' id='word_1_272' title='bbox 1061 3397 1182 3449; x_wconf 88' lang='lat' dir='ltr'><strong>omnibus</strong></span> 
     </span>
     <span class='ocr_line' id='line_1_33' title="bbox 81 3466 1183 3540; baseline 0 -22"><span class='ocrx_word' id='word_1_273' title='bbox 81 3477 258 3534; x_wconf 73' lang='lat' dir='ltr'><strong>pugnaturum</strong></span> <span class='ocrx_word' id='word_1_274' title='bbox 279 3487 339 3522; x_wconf 89' lang='lat' dir='ltr'><strong>esse</strong></span> <span class='ocrx_word' id='word_1_275' title='bbox 356 3466 494 3534; x_wconf 83' lang='lat' dir='ltr'><strong>pollicitus</strong></span> <span class='ocrx_word' id='word_1_276' title='bbox 514 3479 562 3536; x_wconf 86' lang='lat' dir='ltr'><strong>est,</strong></span> <span class='ocrx_word' id='word_1_277' title='bbox 582 3472 722 3539; x_wconf 87' lang='lat' dir='ltr'><strong>statimque</strong></span> <span class='ocrx_word' id='word_1_278' title='bbox 749 3472 897 3540; x_wconf 77' lang='lat' dir='ltr'><strong>proiectus,</strong></span> <span class='ocrx_word' id='word_1_279' title='bbox 917 3487 975 3523; x_wconf 89' lang='lat' dir='ltr'><strong><em>cum</em></strong></span> <span class='ocrx_word' id='word_1_280' title='bbox 994 3472 1086 3523; x_wconf 87' lang='lat' dir='ltr'><strong>hostes</strong></span> <span class='ocrx_word' id='word_1_281' title='bbox 1106 3476 1183 3534; x_wconf 84' lang='lat' dir='ltr'><strong>terga</strong></span> 
     </span>
     <span class='ocr_line' id='line_1_34' title="bbox 81 3537 1181 3609; baseline -0.003 -19"><span class='ocrx_word' id='word_1_282' title='bbox 81 3539 227 3601; x_wconf 71' lang='lat' dir='ltr'>dedissent,</span> <span class='ocrx_word' id='word_1_283' title='bbox 249 3555 295 3591; x_wconf 89' lang='lat' dir='ltr'><strong>eos</strong></span> <span class='ocrx_word' id='word_1_284' title='bbox 314 3540 533 3608; x_wconf 77' lang='lat' dir='ltr'><strong><em>persequebatur,</em></strong></span> <span class='ocrx_word' id='word_1_285' title='bbox 553 3542 684 3609; x_wconf 89' lang='lat' dir='ltr'><strong>simulque</strong></span> <span class='ocrx_word' id='word_1_286' title='bbox 710 3557 770 3594; x_wconf 87' lang='lat' dir='ltr'><strong><em>oum</em></strong></span> <span class='ocrx_word' id='word_1_287' title='bbox 789 3558 821 3595; x_wconf 87' lang='lat' dir='ltr'><strong><em>eo</em></strong></span> <span class='ocrx_word' id='word_1_288' title='bbox 840 3543 992 3608; x_wconf 75' lang='lat' dir='ltr'><strong>Bryeunius</strong></span> <span class='ocrx_word' id='word_1_289' title='bbox 1011 3556 1071 3591; x_wconf 88' lang='lat' dir='ltr'><strong><em>oum</em></strong></span> <span class='ocrx_word' id='word_1_290' title='bbox 1087 3537 1181 3589; x_wconf 89' lang='lat' dir='ltr'><strong>multi-</strong></span> 
     </span>
     <span class='ocr_line' id='line_1_35' title="bbox 80 3610 1181 3681; baseline 0 -21"><span class='ocrx_word' id='word_1_291' title='bbox 80 3610 189 3661; x_wconf 85' lang='lat' dir='ltr'><strong>tudine:</strong></span> <span class='ocrx_word' id='word_1_292' title='bbox 208 3617 263 3660; x_wconf 88' lang='lat' dir='ltr'><strong><em>tum</em></strong></span> <span class='ocrx_word' id='word_1_293' title='bbox 276 3625 341 3662; x_wconf 88' lang='lat' dir='ltr'><strong>vero</strong></span> <span class='ocrx_word' id='word_1_294' title='bbox 356 3610 440 3676; x_wconf 83' lang='lat' dir='ltr'><strong>irene,</strong></span> <span class='ocrx_word' id='word_1_295' title='bbox 462 3620 491 3663; x_wconf 92' lang='lat' dir='ltr'><strong><em>ut</em></strong></span> <span class='ocrx_word' id='word_1_296' title='bbox 505 3622 678 3678; x_wconf 86' lang='lat' dir='ltr'><strong><em>conuenerat,</em></strong></span> <span class='ocrx_word' id='word_1_297' title='bbox 697 3614 838 3681; x_wconf 75' lang='lat' dir='ltr'><strong><em>ignorante</em></strong></span> <span class='ocrx_word' id='word_1_298' title='bbox 849 3612 982 3665; x_wconf 90' lang='lat' dir='ltr'><strong>Basilaoio</strong></span> <span class='ocrx_word' id='word_1_299' title='bbox 1002 3610 1100 3663; x_wconf 91' lang='lat' dir='ltr'><strong>tollere</strong></span> <span class='ocrx_word' id='word_1_300' title='bbox 1118 3621 1181 3660; x_wconf 82' lang='lat' dir='ltr'><strong>suos</strong></span> 
     </span>
     <span class='ocr_line' id='line_1_36' title="bbox 81 3680 1181 3752; baseline -0.002 -22"><span class='ocrx_word' id='word_1_301' title='bbox 81 3682 161 3734; x_wconf 85' lang='lat' dir='ltr'><strong>iussit</strong></span> <span class='ocrx_word' id='word_1_302' title='bbox 180 3689 207 3732; x_wconf 88' lang='lat' dir='ltr'><strong><em>et</em></strong></span> <span class='ocrx_word' id='word_1_303' title='bbox 226 3681 323 3734; x_wconf 85' lang='lat' dir='ltr'><strong>dimisit</strong></span> <span class='ocrx_word' id='word_1_304' title='bbox 349 3699 407 3733; x_wconf 89' lang='lat' dir='ltr'><strong><em>eum</em></strong></span> <span class='ocrx_word' id='word_1_305' title='bbox 427 3699 485 3734; x_wconf 90' lang='lat' dir='ltr'><strong><em>cum</em></strong></span> <span class='ocrx_word' id='word_1_306' title='bbox 504 3686 547 3748; x_wconf 85' lang='lat' dir='ltr'><strong>iis,</strong></span> <span class='ocrx_word' id='word_1_307' title='bbox 575 3686 618 3752; x_wconf 88' lang='lat' dir='ltr'><strong><em>qui</em></strong></span> <span class='ocrx_word' id='word_1_308' title='bbox 645 3684 707 3736; x_wconf 89' lang='lat' dir='ltr'><strong>huic</strong></span> <span class='ocrx_word' id='word_1_309' title='bbox 727 3684 779 3737; x_wconf 91' lang='lat' dir='ltr'><strong>soli</strong></span> <span class='ocrx_word' id='word_1_310' title='bbox 805 3692 940 3751; x_wconf 87' lang='lat' dir='ltr'><strong>parerent.</strong></span> <span class='ocrx_word' id='word_1_311' title='bbox 959 3691 989 3734; x_wconf 87' lang='lat' dir='ltr'><strong><em>ut</em></strong></span> <span class='ocrx_word' id='word_1_312' title='bbox 1007 3680 1181 3733; x_wconf 86' lang='lat' dir='ltr'><strong>veliementer</strong></span> 
     </span>
     <span class='ocr_line' id='line_1_37' title="bbox 80 3751 1180 3822; baseline 0 -21"><span class='ocrx_word' id='word_1_313' title='bbox 80 3751 165 3818; x_wconf 78' lang='lat' dir='ltr'><strong>longe</strong></span> <span class='ocrx_word' id='word_1_314' title='bbox 183 3761 417 3821; x_wconf 83' lang='lat' dir='ltr'>persequerentur.</span> <span class='ocrx_word' id='word_1_315' title='bbox 438 3771 496 3806; x_wconf 89' lang='lat' dir='ltr'><strong><em>oum</em></strong></span> <span class='ocrx_word' id='word_1_316' title='bbox 515 3765 602 3807; x_wconf 88' lang='lat' dir='ltr'><strong>autem</strong></span> <span class='ocrx_word' id='word_1_317' title='bbox 616 3754 689 3807; x_wconf 86' lang='lat' dir='ltr'><strong>vallo</strong></span> <span class='ocrx_word' id='word_1_318' title='bbox 708 3757 825 3807; x_wconf 87' lang='lat' dir='ltr'><strong>hostium</strong></span> <span class='ocrx_word' id='word_1_319' title='bbox 843 3755 1090 3822; x_wconf 80' lang='lat' dir='ltr'><strong>appropinquasset,</strong></span> <span class='ocrx_word' id='word_1_320' title='bbox 1111 3765 1180 3818; x_wconf 89' lang='lat' dir='ltr'><strong>equo</strong></span> 
     </span>
     <span class='ocr_line' id='line_1_38' title="bbox 83 3823 1261 3893; baseline 0.002 -22"><span class='ocrx_word' id='word_1_321' title='bbox 83 3824 230 3876; x_wconf 78' lang='lat' dir='ltr'><strong>transfosso</strong></span> <span class='ocrx_word' id='word_1_322' title='bbox 245 3826 272 3876; x_wconf 89' lang='lat' dir='ltr'><strong><em>in</em></strong></span> <span class='ocrx_word' id='word_1_323' title='bbox 293 3834 390 3877; x_wconf 86' lang='lat' dir='ltr'><strong>terram</strong></span> <span class='ocrx_word' id='word_1_324' title='bbox 408 3827 501 3878; x_wconf 88' lang='lat' dir='ltr'><strong><em>incidit</em></strong></span> <span class='ocrx_word' id='word_1_325' title='bbox 518 3841 647 3879; x_wconf 87' lang='lat' dir='ltr'><strong>armorum</strong></span> <span class='ocrx_word' id='word_1_326' title='bbox 661 3827 793 3893; x_wconf 82' lang='lat' dir='ltr'><strong>gravitate</strong></span> <span class='ocrx_word' id='word_1_327' title='bbox 813 3839 982 3892; x_wconf 86' lang='lat' dir='ltr'><strong>suppressus.</strong></span> <span class='ocrx_word' id='word_1_328' title='bbox 1018 3826 1108 3891; x_wconf 83' lang='lat' dir='ltr'><strong>itaque</strong></span> <span class='ocrx_word' id='word_1_329' title='bbox 1127 3823 1180 3873; x_wconf 85' lang='lat' dir='ltr'><strong>lio-</strong></span> <span class='ocrx_word' id='word_1_330' title='bbox 1258 3880 1261 3893; x_wconf 40' lang='grc' dir='ltr'>Ι</span> 
     </span>
    </p>

    <p class='ocr_par' dir='ltr' id='par_1_5' title="bbox 14 3896 632 3964">
     <span class='ocr_line' id='line_1_39' title="bbox 14 3896 632 3964; baseline 0.01 -22"><span class='ocrx_word' id='word_1_331' title='bbox 14 3935 15 3960; x_wconf 35' lang='lat' dir='ltr'><strong>p</strong></span> <span class='ocrx_word' id='word_1_332' title='bbox 83 3900 138 3943; x_wconf 88' lang='lat' dir='ltr'><strong>stes</strong></span> <span class='ocrx_word' id='word_1_333' title='bbox 156 3896 308 3947; x_wconf 83' lang='lat' dir='ltr'><strong>circumfusi</strong></span> <span class='ocrx_word' id='word_1_334' title='bbox 328 3897 417 3948; x_wconf 83' lang='lat' dir='ltr'><strong>vivum</strong></span> <span class='ocrx_word' id='word_1_335' title='bbox 438 3913 496 3948; x_wconf 85' lang='lat' dir='ltr'><strong><em>euin</em></strong></span> <span class='ocrx_word' id='word_1_336' title='bbox 516 3899 632 3964; x_wconf 84' lang='lat' dir='ltr'><strong>capiunt.</strong></span> 
     </span>
    </p>
   </div>
   <div class='ocr_carea' id='block_1_4' title="bbox 16 3971 1180 4209">
    <p class='ocr_par' dir='ltr' id='par_1_6' title="bbox 16 3971 1180 4209">
     <span class='ocr_line' id='line_1_40' title="bbox 21 3971 1180 4052; baseline -0.002 -20"><span class='ocrx_word' id='word_1_337' title='bbox 21 4037 26 4044; x_wconf 57' lang='grc'><strong>,</strong></span> <span class='ocrx_word' id='word_1_338' title='bbox 183 3982 240 4046; x_wconf 85' lang='lat' dir='ltr'><strong><em>Quo</em></strong></span> <span class='ocrx_word' id='word_1_339' title='bbox 260 3983 353 4034; x_wconf 86' lang='lat' dir='ltr'><strong><em>nuntio</em></strong></span> <span class='ocrx_word' id='word_1_340' title='bbox 378 3983 519 4052; x_wconf 79' lang='lat' dir='ltr'><strong><em>adrogent</em></strong></span> <span class='ocrx_word' id='word_1_341' title='bbox 539 3971 621 4034; x_wconf 86' lang='lat' dir='ltr'><strong>allato</strong></span> <span class='ocrx_word' id='word_1_342' title='bbox 641 3992 667 4035; x_wconf 90' lang='lat' dir='ltr'><strong><em>et</em></strong></span> <span class='ocrx_word' id='word_1_343' title='bbox 691 3985 724 4035; x_wconf 90' lang='lat' dir='ltr'><strong><em>ad</em></strong></span> <span class='ocrx_word' id='word_1_344' title='bbox 744 3986 908 4047; x_wconf 85' lang='lat' dir='ltr'><strong>exercitum,</strong></span> <span class='ocrx_word' id='word_1_345' title='bbox 928 3983 1023 4036; x_wconf 85' lang='lat' dir='ltr'><strong>Gruooi</strong></span> <span class='ocrx_word' id='word_1_346' title='bbox 1040 3982 1180 4035; x_wconf 74' lang='lat' dir='ltr'><strong>timiditate</strong></span> 
     </span>
     <span class='ocr_line' id='line_1_41' title="bbox 16 4053 1179 4122; baseline -0.003 -18"><span class='ocrx_word' id='word_1_347' title='bbox 16 4059 20 4066; x_wconf 91' lang='lat'>&#39;</span> <span class='ocrx_word' id='word_1_348' title='bbox 83 4061 111 4104; x_wconf 85' lang='lat' dir='ltr'><strong><em>et</em></strong></span> <span class='ocrx_word' id='word_1_349' title='bbox 128 4053 307 4118; x_wconf 84' lang='lat' dir='ltr'><strong><em>periculorum</em></strong></span> <span class='ocrx_word' id='word_1_350' title='bbox 334 4058 404 4104; x_wconf 84' lang='lat' dir='ltr'><strong>metu</strong></span> <span class='ocrx_word' id='word_1_351' title='bbox 429 4057 550 4122; x_wconf 88' lang='lat' dir='ltr'><strong>oppressi</strong></span> <span class='ocrx_word' id='word_1_352' title='bbox 578 4063 649 4120; x_wconf 88' lang='lat' dir='ltr'><strong>suut,</strong></span> <span class='ocrx_word' id='word_1_353' title='bbox 669 4069 728 4108; x_wconf 89' lang='lat' dir='ltr'><strong><em>oum</em></strong></span> <span class='ocrx_word' id='word_1_354' title='bbox 754 4057 833 4107; x_wconf 88' lang='lat' dir='ltr'><strong>etium</strong></span> <span class='ocrx_word' id='word_1_355' title='bbox 853 4055 985 4108; x_wconf 84' lang='lat' dir='ltr'><strong>vulnerati</strong></span> <span class='ocrx_word' id='word_1_356' title='bbox 1003 4062 1179 4122; x_wconf 85' lang='lat' dir='ltr'><strong>apportaren-</strong></span> 
     </span>
     <span class='ocr_line' id='line_1_42' title="bbox 16 4125 1178 4209; baseline 0 -35"><span class='ocrx_word' id='word_1_357' title='bbox 16 4131 17 4140; x_wconf 74' lang='grc'>’</span> <span class='ocrx_word' id='word_1_358' title='bbox 83 4125 127 4175; x_wconf 80' lang='lat' dir='ltr'><strong><em>tui</em></strong></span> <span class='ocrx_word' id='word_1_359' title='bbox 147 4133 256 4191; x_wconf 83' lang='lat' dir='ltr'><strong>propter</strong></span> <span class='ocrx_word' id='word_1_360' title='bbox 274 4125 413 4209; x_wconf 76' lang='lat' dir='ltr'><strong>vulnerum</strong></span> <span class='ocrx_word' id='word_1_361' title='bbox 431 4125 551 4178; x_wconf 88' lang='lat' dir='ltr'><strong>dolorem</strong></span> <span class='ocrx_word' id='word_1_362' title='bbox 575 4128 748 4195; x_wconf 85' lang='lat' dir='ltr'><strong>suspirantes.</strong></span> <span class='ocrx_word' id='word_1_363' title='bbox 792 4135 899 4181; x_wconf 85' lang='lat' dir='ltr'><strong>coactus</strong></span> <span class='ocrx_word' id='word_1_364' title='bbox 918 4128 999 4196; x_wconf 76' lang='lat' dir='ltr'><strong>igitur</strong></span> <span class='ocrx_word' id='word_1_365' title='bbox 1017 4141 1065 4177; x_wconf 84' lang='lat' dir='ltr'><strong><em>rex</em></strong></span> <span class='ocrx_word' id='word_1_366' title='bbox 1084 4136 1178 4192; x_wconf 73' lang='lat' dir='ltr'><strong>egres-</strong></span> 
     </span>
    </p>
   </div>
   <div class='ocr_carea' id='block_1_5' title="bbox 0 0 1442 4734">
    <p class='ocr_par' dir='ltr' id='par_1_7' title="bbox 0 0 1442 4734">
     <span class='ocr_line' id='line_1_43' title="bbox 0 0 1442 4734; baseline 0 0"><span class='ocrx_word' id='word_1_367' title='bbox 0 0 1442 4734; x_wconf 95' lang='lat' dir='ltr'><strong><em> </em></strong></span> 
     </span>
    </p>
   </div>
  </div>
 </body>
</html>
