2875 4734
178 245 253 328 ari
468 217 981 323 meminens-murenis

176 420 355 505 ἐπιφοραῖς,
380 438 433 478 και
427 413 601 494 πολέμων
632 408 839 493 πανταχόθεν
869 386 1164 492 α’ναρριπιζομίνων
1195 428 1283 492 σῳσ-

151 579 156 590 ,
179 520 283 602 δρῶς,
305 516 474 599 ου’θαρσῶς
501 516 554 578 καί
581 516 730 596 γενναίους
753 510 943 575 ἀνθίσταται
964 508 1088 583 τούτοις
1109 505 1207 583 αύτὸς
1229 504 1286 573 καί

178 620 404 695 α’νθοπλιζεται
432 618 610 733 κραταιούς,
647 613 708 694 ούχ
735 605 843 686 ὅπλοις
882 610 936 711 καί
967 606 1084 691 πλήθει
1105 604 1283 694 θαρρήσας

177 719 379 805 στρατιωτῶν
401 710 498 803 (ἦσαν
528 740 587 801 γαρ
618 714 944 799 προκατειργασμένα
973 707 1084 786 πάντες
1107 706 1162 774 και
1183 734 1283 775 κατα-

177 822 364 906 βεβλημένοι
395 827 465 893 ταῖς
489 819 656 899 συνεχέσιν
680 817 883 934 ἐπιδρομαῖς
907 836 960 876 και
981 819 1123 897 σφαγαῖς
1151 814 1207 876 και
1223 803 1282 895 η’τ-
1290 832 1313 889 5

176 944 270 1005 ταις,
299 921 334 984 οι
360 921 395 983 δὲ
429 920 484 984 καί
507 912 695 991 δεδιότες”
675 940 725 979 ετι
746 938 799 978 και
826 914 927 1002 τούτῳ
959 909 1003 995 μὴ
1027 908 1282 997 συνερχόμενοι),

177 1017 259 1085 α’λλδ
281 1023 323 1107 τῷ
343 1015 421 1105 θείρι
443 1021 550 1083 σθένει
568 1019 676 1081 πᾶσαν
707 1016 838 1090 ῶναθείς
858 1012 914 1099 τήν
942 1014 1069 1094 ε’λπίδα,
1091 1015 1146 1078 καί
1166 1014 1209 1101 τη]
1230 1015 1283 1078 δι-

176 1117 256 1206 καίην
279 1120 360 1207 ζηλιρ
382 1120 438 1201 τὴν
459 1117 567 1194 δεξιῶν
587 1115 732 1202 δπλίσας,
749 1114 831 1181 ,κατύ
850 1117 959 1182 πασῶν
982 1115 1045 1179 τῶν
1060 1116 1282 1196 α’νιικειμίνων

177 1218 344 1301 δυνάμεων
374 1217 629 1302 παρρησιάζεται
659 1215 718 1300 την
749 1212 904 1301 α’λήθειαυ
934 1220 988 1281 καί
1008 1222 1077 1280 κατ’
1100 1215 1202 1279 αύτού
1223 1218 1284 1279 τού

41 1328 133 1385 l-213
144 1323 381 1406 τ.κρατούντος,
413 1320 475 1401 ούχ
507 1318 551 1393 ῶς
577 1319 751 1400 βασιλικῶς
770 1320 992 1401 διαγινομένου
1027 1313 1099 1399 περὶ
1119 1310 1156 1379 τύ
1179 1306 1327 1398 τραγ-10

176 1446 275 1503 ματα,
297 1422 366 1485 ἀλλ’
388 1419 430 1497 ῶς
451 1421 644 1504 τυραννικῶς
658 1417 713 1481 καί
727 1413 878 1498 ῶθίσμως
897 1421 952 1482 καί
966 1412 1171 1502 Ιβαρονοήτοις
1194 1440 1283 1498 χρω-

175 1526 280 1606 μένου,
296 1526 334 1609 τῇ
356 1520 510 1604 διοικήσει
530 1522 592 1585 τῶν
614 1514 707 1601 ὅλων,
727 1524 783 1583 καί
804 1522 849 1595 είς
868 1518 965 1584 κακὰν
988 1516 1155 1602 βάραθρον
1176 1541 1284 1582 συνω-

176 1627 313 1697 θούντος
333 1620 408 1697 τούς
431 1621 592 1698 Αύσύνας.
635 1619 707 1683 ἐπεί
728 1618 790 1703 γὰρ
813 1615 948 1704 γράφων
969 1617 1003 1684 τὸ
1028 1620 1097 1683 δέον
1120 1614 1297 1697 πολλάκις,-

177 1746 231 1787 και
227 1720 483 1805 συμβουλεύων
506 1744 548 1807 τρι
536 1720 696 1803 βασιλει
709 1725 903 1803 μεταβαλεῖν
916 1718 995 1805 πρὸς
1017 1716 1051 1782 τὸ
1072 1720 1205 1803 βέλτιον,
1228 1741 1282 1781 και

177 1819 380 1909 δικαιοσύνης
403 1816 508 1896 ύπλοις
530 1824 584 1886 καί
607 1830 848 1919 στρατιωτικοῖς
870 1817 1085 1906 μηχανήμασι
1106 1845 1159 1885 και
1152 1819 1283 1937 dapsi—
1294 1835 1329 1891 15

177 1948 241 1988 των
272 1921 477 2008 προβλήμασι
505 1925 805 2008 καταστρατηγῆσαι
833 1927 896 1989 τῶν
924 1924 1091 2001 ἐναντίων,
1121 1923 1161 1985 ού
1185 1915 1282 2001 μόνον

178 2021 236 2088 ούιι
258 2017 325 2105 εἶχε
344 2024 457 2088 τοῦτον
478 2025 658 2108 καταπειθῆ
679 2050 732 2090 και
757 2021 919 2105 ὁμόδοξον,
943 2023 1022 2089 ἄλλα
1047 2046 1101 2087 και
1096 2020 1283 2103 δυσμενῶς

177 2122 257 2209 πρύς
281 2121 381 2188 adsis
403 2123 601 2247 διακείμενρν
620 2149 672 2190 και
691 2128 850 2203 μισοῦντα
877 2128 986 2190 τοῦτον
1007 2122 1061 2189 διαὶ
1084 2148 1141 2207 την
1162 2120 1285 2205 εύσχὴ-
1334 2192 1337 2199 ,

175 2246 260 2306 μονα
283 2224 481 2307 συμβουλήν,
497 2223 595 2299 αύτδς
610 2221 684 2299 τούς
705 2226 946 2348 τηλικούτους’
925 2227 1049 2307 αγῶνας
1069 2226 1123 2287 καί
1140 2219 1180 2287 τοὶ
1202 2216 1282 2287 κατὰ

178 2329 243 2390 τῶν
265 2322 454 2411 ἀλλοφύλων
481 2324 689 2406 παλαίσματα
716 2351 770 2419 και
792 2350 849 2409 την
885 2326 965 2410 ύπὲρ
989 2329 1052 2391 τῶν
1071 2325 1329 2407 Χριστιανωνγη

180 2428 337 2513 φροντίδα
358 2427 456 2507 μόνος
477 2422 656 2511 ύπέρχεταί
672 2452 705 2491 τε
727 2433 782 2494 καί
802 2428 989 2509 α’ναδύεται,
1010 2410 1066 2491 καί
1086 2429 1182 2507 μέσον
1202 2427 1282 2489 θεοῦ

179 2524 235 2591 καί
255 2526 435 2612 ἀνθρώπων
464 2524 523 2611 τήν
546 2524 671 2612 οἷγαθην
691 2532 877 2612 προαίρεσιν
899 2532 953 2593 καί
981 2525 1037 2593 τδν
1056 2524 1283 2614 ἐμφωλεύοντα

115 2680 118 2684 .
180 2628 289 2715 τούτιρ4
309 2625 424 2693 σκοπὸν
456 2630 573 2713 εύσεβῆ
595 2629 851 2715 προβαλλόμενος
883 2622 1020 2714 ῶρχεται
1045 2631 1104 2695 τού
1124 2628 1188 2693 τῶν
1203 2624 1284 2693 Ῥω-

182 2882 317 2933 etiamtum
343 2879 473 2952 flagrante
502 2882 602 2950 impetu
628 2890 656 2935 et
682 2882 804 2936 hostibus
836 2883 1012 2952 undecunque
1044 2881 1123 2935 valde
1152 2881 1284 2947 excitatis,

181 2953 288 3008 fortiter
318 2961 345 3005 et
369 2962 502 3023 generose
527 2954 630 3007 resistit
652 2954 694 3007 bis
711 2954 787 3022 ipse,
811 2961 838 3006 et
865 2962 949 3007 armat
974 2960 1148 3022 se-potenter
1164 2968 1219 3007 uon
1238 2968 1285 3005 ar.

179 3026 229 3079 mis
248 3032 276 3076 et
292 3024 462 3079 multitudine
487 3028 570 3079 fretus
595 3025 709 3078 militum
734 3030 825 3096 (erant
853 3026 922 3077 enim
947 3032 1024 3077 autea
1050 3024 1168 3094 coniecti
1193 3040 1285 3077 omues

181 3106 210 3148 et
226 3097 325 3149 deiecti
354 3098 486 3150 continuis
517 3098 714 3150 incursionibus
745 3106 771 3149 et
799 3096 924 3151 caedibus
950 3106 976 3148 et
1000 3097 1139 3150 cladibus:
1167 3095 1215 3149 alii
1233 3112 1284 3149 au..

178 3177 233 3220 tem
260 3170 394 3219 etiamtum
425 3171 452 3220 in
481 3171 578 3221 timore
609 3176 684 3221 erant
714 3185 803 3238 neque
837 3184 895 3220 cum
925 3168 977 3221 boc
1008 3185 1038 3221 se
1071 3168 1283 3237 coniungebant)

95 3240 102 3259 '
180 3241 229 3293 sed
247 3238 281 3290 ad
300 3239 417 3290 divinam
435 3241 581 3305 potentiam
601 3240 723 3294 referens
750 3255 854 3292 omnem
879 3256 953 3307 spem
976 3249 1002 3293 et
1027 3242 1096 3293 iusto
1115 3242 1203 3293 studio
1221 3239 1284 3291 iidei

181 3310 300 3362 dextram
326 3325 430 3361 armans
456 3318 549 3363 contra
580 3326 671 3364 omues
698 3314 836 3380 oppositas
863 3313 935 3364 vires
954 3312 1041 3365 libere
1060 3312 1124 3365 dicit
1142 3312 1284 3364 veritatem

181 3380 261 3432 etiam
281 3388 374 3436 contra
393 3382 478 3449 ipsum
494 3383 691 3449 imperatorem,
711 3385 811 3451 quippe
831 3384 875 3452 qui
893 3397 947 3434 uon
965 3385 1037 3452 regis
1056 3386 1139 3435 instar
1157 3385 1184 3435 iu
1201 3380 1284 3433 rebus

179 3459 304 3505 versatos
324 3460 395 3506 esset
414 3454 460 3506 sed
479 3454 585 3519 tyranni
604 3469 678 3511 more
692 3462 720 3505 et
737 3455 836 3506 iniusto
855 3462 882 3505 et
900 3455 1080 3521 imprudenter
1095 3461 1214 3507 uteretur
1233 3452 1283 3505 ad-

179 3524 376 3577 ministratione
395 3526 477 3577 totius
497 3525 614 3577 civitatis
634 3533 661 3575 et
684 3527 712 3575 in
731 3525 826 3577 malam
856 3527 1013 3595 voraginem
1032 3524 1208 3592 compelleret
1224 3525 1284 3577 Au.
1337 3550 1339 3555 ·

180 3611 270 3648 sones.
309 3612 368 3648 cum
386 3597 456 3648 enim
484 3596 603 3649 scribens
627 3598 809 3649 necessarium
833 3612 913 3663 saepe
940 3605 967 3648 et
984 3598 1098 3651 suadens
1116 3597 1186 3665 regi,
1204 3603 1235 3647 ut
1251 3595 1284 3645 ad

179 3665 279 3718 melius
299 3684 329 3719 se
351 3676 484 3732 verteret,
504 3676 533 3719 et
551 3668 669 3720 iustitiae
688 3670 767 3720 armis
789 3676 815 3720 et
841 3668 999 3722 militaribus
1026 3667 1127 3723 artibus
1147 3675 1174 3719 et
1192 3667 1283 3719 basta-

179 3745 238 3788 rum
256 3739 390 3802 praesidio
417 3739 566 3792 debellaret
591 3740 770 3803 adversarios,
796 3754 850 3791 non
876 3740 962 3792 solum
993 3754 1048 3791 non
1073 3739 1186 3791 haberet
1213 3737 1283 3789 bunc

180 3804 350 3860 obedientem
372 3818 399 3860 et
415 3811 485 3862 idem
505 3812 675 3878 sentientem,
695 3813 742 3864 sed
762 3812 840 3861 etium
863 3812 971 3862 inimice
993 3813 1120 3864 adversus
1140 3826 1169 3862 so
1190 3810 1283 3875 dispo-

179 3881 259 3933 situm
279 3887 306 3929 et
325 3879 386 3930 odio
405 3880 543 3934 habentem
562 3883 633 3934 bunc
652 3891 762 3952 propter
772 3882 869 3935 bonurn
886 3882 1042 3947 consilium,
1061 3884 1119 3949 ipse
1138 3880 1204 3933 talia
1222 3896 1283 3931 cer.

179 3953 279 4002 tamira
298 3958 325 4001 et
344 3950 504 4004 luctatioues
525 3963 618 4006 contra
636 3963 731 4023 gentes
755 3952 823 4004 alius
843 3955 933 4021 stirpis
960 3962 986 4005 et
1005 3970 1093 4005 curam
1114 3953 1282 4008 Christiano-

179 4038 237 4074 rum
256 4021 330 4075 solus
349 4030 481 4075 sustentat
498 4032 525 4075 ot
542 4025 629 4090 subit,
657 4035 684 4077 et
702 4036 789 4077 coram
815 4024 865 4077 deo
885 4034 912 4077 et
929 4023 1080 4076 bominibus
1098 4024 1197 4079 bonum
1215 4036 1282 4090 pro-

180 4094 297 4159 positum
315 4102 342 4144 ot
362 4091 514 4145 latentem'
506 4110 535 4144 rn
554 4094 606 4145 boo
621 4064 704 4147 ’linem
722 4098 793 4164 plum
812 4097 990 4161 praetendens
1008 4098 1104 4163 incipit
1131 4095 1282 4164 principatu

183 4162 343 4219 Graeeomrn
368 4161 513 4234 tranquillo
539 4167 627 4218 animo
645 4165 747 4236 potiri,
773 4180 915 4224 removens
940 4166 1013 4238 regis
1038 4166 1195 4235 profundam
1214 4163 1283 4219 banc
