2875 4734
187 222 238 300 90
478 226 695 302 intendetis
724 225 987 301 tortuosis

188 390 298 473 δεστίς
320 418 354 461 τι
386 397 471 483 φημί
499 396 555 460 κοί
577 392 702 460 Πόντον
722 391 777 457 καί
804 391 882 458 αὐτό
910 388 1145 479 Μυριόῳετον,
1171 391 1216 470 σός
1233 395 1290 459 καί

187 499 269 580 μέρη
291 492 389 578 τυχὸν
412 500 445 573 ἐξ
479 497 578 580 ου’τῆς
601 491 792 579 όποβόθροις
822 496 1044 578 ἀνατραπῆναι
1064 493 1120 558 καί
1138 495 1288 570 πλείστας

191 599 300 677 οἰκιας,
320 599 377 662 κοτ’
391 595 489 683 φόνον
507 589 710 681 ἐπιγενέσθαι
724 601 860 669 πολλοῖς.
905 597 939 659 ἐν
960 596 996 660 δὲ
1017 596 1060 682 τῷ
1072 593 1286 683 Ἑλλησπόντῳ

187 692 207 781 ἦ
232 695 382 778 Κύζικος,
406 694 501 761 ὁπότε
522 694 578 760 καί
596 693 630 760 τό
649 696 683 759 όν
696 689 781 781 αὐτῇ
797 693 974 780 Ἑλληνικόν
996 693 1081 777 ἱερόν
1097 696 1288 778 κατεσείσθη

182 799 242 863 καί
263 799 307 887 τῷ
320 794 456 886 πλείστῳ
472 799 564 880 μέρει
580 797 742 875 κατέπεσε,
758 798 908 879 μέγιστον
922 786 957 860 όν
974 800 1088 881 χρῆμα
1107 791 1188 878 πρός
1209 795 1317 859 θόονῦ

186 900 239 963 δι’·
251 895 432 983 ὀχυρότητα
454 899 510 962 καί
531 899 624 962 λίθου
650 896 708 960 τοό
729 899 899 961 καλλίστου
917 919 952 961 τε
971 894 1027 961 καί
1041 899 1192 979 μεγίστου
1211 919 1287 982 τεχ-

187 998 360 1084 νικωτότην
390 997 546 1082 οἳρμονιλιν
576 1020 610 1062 τε
636 995 691 1062 καί
718 996 930 1083 α’νοικοδομὴν
948 996 1004 1062 καί
1024 988 1133 1080 duona
1152 998 1208 1061 καί
1227 1020 1288 1077 με.

189 1105 305 1185 ydonee
329 1097 505 1184 όιόρκειον.
887 1090 890 1094 ’
1130 1171 1136 1176 ,

281 1200 360 1266 Ἀπὸ
384 1197 451 1266 τότε
474 1203 511 1265 δὲ
531 1203 586 1266 καί
604 1203 718 1285 μέχρις
733 1203 886 1266 ἐνιαυτῶν
907 1197 967 1265 tto
981 1197 1140 1285 σπορόδες
1154 1201 1289 1286 duspol-

185 1326 249 1370 τιον
268 1300 394 1384 σεισμοὶ
422 1299 500 1368 sord
529 1302 708 1388 διαφοροός
739 1300 876 1387 καιροός.
929 1303 984 1366 καί
1009 1296 1046 1366 τό
1080 1303 1207 1384 θάμβος
1226 1305 1333 1382 ped-id

162 1426 292 1497 ,γιστον
314 1396 388 1468 does
408 1409 598 1491 περιεγίνετο
614 1411 676 1482 τοῖς
693 1409 831 1488 βροτοῖς.
874 1395 956 1489 ἦσαν
974 1402 1033 1488 γόρ
1059 1424 1142 1478 τινες
1164 1399 1286 1488 ἔξωροι,

185 1508 217 1574 οἳ
237 1502 443 1589 ποιρεοικότας
471 1505 623 1587 σεισμοός
652 1511 697 1596 apd
728 1499 863 1595 μεγίστῳ
893 1504 1152 1592 δυό,όνέφερον,
1176 1501 1207 1569 οἱ
1227 1508 1287 1587 μὲν

182 1607 294 1674 τοῦτον
314 1603 344 1670 οἱ
363 1608 393 1669 δ’
414 1606 552 1682 ε’κείνοος
571 1604 650 1672 κιττοὶ
671 1609 837 1691 σύγκρισιν
860 1604 1097 1691 όπεραίροντες.
1142 1604 1199 1672 καί
1221 1631 1287 1671 πα-

184 1709 459 1793 ρηκολουθοικίναι
482 1705 552 1772 τότε
573 1708 616 1771 δι’
634 1707 765 1793 ἥμερόν
788 1703 1023 1791 τεσσαράκοντα
1046 1711 1102 1773 κατ’
1121 1705 1165 1792 μὴ
1188 1711 1286 1773 πλείω

183 1813 318 1892 βραχεῖς
339 1807 427 1886 τινός
451 1813 704 1897 προσεπέφερον·
729 1809 765 1873 τό
790 1811 824 1874 dd
845 1801 899 1874 ded
922 1811 1048 1883 διετοῦς
1070 1806 1191 1892 χρόνον
1212 1815 1330 1873 alo-15

185 1913 311 1994 νεῖσθιιι
339 1909 397 1994 την
429 1914 486 1995 γῆν
515 1913 612 1976 πᾶσιν
638 1905 879 1994 ἀμνημόνευτον
906 1903 946 1992 ἦν
977 1908 1032 1974 καί
1057 1911 1132 1995 μηό
1155 1911 1287 2000 νόστορίρ

187 2008 388 2096 περιληπτόν.
439 2011 595 2095 Ἀγιιθίιις
628 2010 689 2097 γὰρ
719 2015 796 2095 περί
820 2016 877 2077 τοῦ
905 2011 938 2078 ἐν
967 2020 1038 2086 ταῖς
1063 2007 1199 2095 η’μέραις
1227 2012 1287 2075 τοῦ

188 2113 415 2198 Ἰουστινιοινοό
431 2113 667 2198 συμβεβηκότος
688 2116 822 2196 σεισμοῦ
843 2110 1020 2200 γεγραφώς,
1050 2115 1106 2176 καί
1125 2116 1288 2197 καταπλη-

189 2210 296 2277 κτικόν
323 2214 433 2279 τοῦτον
463 2214 519 2280 καί
551 2218 695 2297 μέγιστον
723 2213 1005 2299 συγγραψάμενος·
1027 2213 1070 2290 σός
1099 2217 1155 2278 καί
1183 2211 1289 2286 κίονας

182 2311 485 2400 όποσφενδονοῖσθαι
512 2319 606 2381 rodda
637 2317 697 2382 τοῦ
726 2314 818 2380 οἴκου-
846 2314 926 2399 πρός
952 2312 1081 2399 ἕτερον,
1111 2313 1185 2390 ιοός
1205 2312 1284 2395 μετό
1295 2320 1331 2374 20

183 2415 284 2478 ταῦτα
311 2414 451 2498 τρόμους
485 2414 653 2490 ἐλάττονας
681 2409 760 2501 όίχρι
791 2419 1128 2501 τεσσαρακονθημὲροο
1158 2417 1213 2478 καί
1238 2412 1282 2498 μη

182 2516 359 2597 περαιτέρω
374 2517 531 2602 προβῆναι
546 2513 699 2600 ἱστόρηκε.
721 2512 801 2601 μετό
819 2517 856 2581 dd
869 2514 927 2600 την
938 2520 1066 2600 διετίαν,
1081 2518 1216 2600 σεισμοῦ
1229 2521 1314 2600 γε-«“

158 2671 194 2750 s
254 2693 281 2782 3
298 2695 388 2818 ποίους
415 2693 446 2760 G,
464 2693 556 2754 πολύν
572 2693 713 2764 interpres.
835 2695 871 2748 o:
888 2694 1061 2766 ὀχυρότητος
1082 2693 1113 2750 0·
1187 2724 1192 2730 -
1238 2693 1280 2746 12.

256 2780 322 2820 οσοι
363 2801 371 2818 .
667 2820 672 2827 ,
1001 2815 1005 2819 .

183 2919 213 2964 nt
232 2913 309 2965 etiam
328 2918 418 2979 partes
437 2929 470 2967 ex
488 2914 554 2982 ipsis
574 2915 752 2969 fundamentis
771 2920 958 2968 everterentur
971 2921 1004 2966 et
1022 2912 1155 2980 plurimae
1171 2912 1281 2976 domus,

184 2991 211 3036 et
237 2985 332 3037 caedes
362 2985 445 3040 multa
470 2988 595 3040 oriretur.
645 2988 672 3038 in
700 2987 879 3054 Hellesponto
907 2993 996 3037 autem
1023 2985 1158 3051 cynicus,
1176 2984 1281 3052 quando

184 3056 264 3107 etiam
284 3054 414 3109 Graecum
429 3053 460 3112 'in
480 3075 512 3110 ea
530 3059 656 3127 templum
677 3074 836 3112 concussum
855 3066 896 3110 est
916 3066 942 3108 et
959 3056 1098 3108 maximam
1123 3063 1205 3108 artem
1231 3055 1281 3106 de.

183 3128 263 3180 cidit:
284 3130 423 3180 maximum
442 3132 597 3197 spectaculo
623 3140 733 3198 propter
758 3133 906 3183 firmitatem
934 3136 962 3180 et
986 3127 1081 3195 lapidis
1107 3127 1281 3195 pulcherrimi

183 3206 210 3250 et
227 3200 332 3250 maximi
357 3200 436 3251 valde
456 3203 627 3255 artificiosam
647 3204 874 3254 constructionem
894 3209 921 3252 et
939 3201 1152 3253 aedificationem
1170 3207 1198 3250 et
1215 3197 1280 3250 alti-

181 3270 281 3322 tudinis
302 3271 546 3340 magnitudinisque
565 3274 763 3325 sufficientiam.
1016 3272 1022 3284 '

287 3357 352 3408 lude
378 3366 465 3409 autem
498 3367 524 3410 et
549 3376 597 3426 per
625 3376 707 3412 annos
727 3363 778 3414 dno
803 3361 901 3428 passim
919 3360 1071 3412 incidebant
1088 3367 1177 3419 terrae
1195 3367 1281 3411 motus

181 3428 296 3498 diversis
316 3430 494 3496 temporibus:
515 3439 542 3482 et
562 3439 655 3498 stupor
674 3448 753 3500 quam
772 3433 900 3484 maximus
920 3432 1029 3483 obortus
1051 3439 1092 3482 est
1109 3428 1280 3481 mortalibus:

182 3506 257 3550 erant
282 3501 351 3550 enim
377 3502 482 3569 quidam
501 3505 663 3570 pergrandes
684 3511 747 3555 natu
769 3505 813 3571 qui
837 3503 938 3555 similes
956 3504 1069 3553 maximo
1088 3509 1176 3553 terrae
1195 3509 1280 3551 motus

180 3572 247 3622 duos
266 3572 434 3636 referebant,
459 3573 506 3624 alii
526 3573 605 3638 huno,
629 3573 675 3624 alii
695 3575 759 3628 illos
778 3575 977 3640 comparatione
997 3573 1157 3635 efferentes,
1188 3580 1280 3623 etse.

181 3650 256 3693 cutos
284 3658 343 3695 esse
366 3653 421 3696 tum
445 3659 493 3712 per
512 3646 568 3698 dies
594 3646 768 3714 quadraginta
791 3661 880 3714 neque
905 3644 1017 3711 amplius
1036 3644 1135 3696 breves
1156 3644 1280 3710 quosdam

181 3713 360 3764 adiiciebautz
387 3717 458 3782 quod
480 3725 567 3768 autem
589 3733 638 3784 per
656 3717 792 3770 biennium
812 3717 963 3768 turbaretur
981 3724 1070 3779 terra,
1091 3714 1210 3766 omuibus
1228 3715 1280 3764 im.

179 3791 351 3834 memoratum
371 3793 442 3846 erat,
462 3801 512 3838 nec
530 3788 642 3841 historia
660 3792 766 3858 quidem
791 3786 1018 3856 comprehensum.
1057 3787 1186 3855 Agathino
1212 3785 1280 3836 enim

180 3856 226 3921 qui
248 3854 281 3904 de
308 3862 396 3906 terrae
415 3866 488 3908 motu
515 3860 679 3928 temporibus
697 3861 838 3913 Iustiniani
863 3860 935 3911 iacto
954 3859 1061 3924 scripsit
1086 3866 1114 3908 et
1131 3856 1279 3908 terribilem

179 3924 249 3976 hunc
269 3931 296 3974 et
314 3928 452 3976 maximum
474 3929 558 3981 luisse
576 3933 697 3996 tradidit,
718 3941 747 3983 ut
766 3934 845 3982 etiam
871 3930 1013 3980 columnae
1028 3929 1061 3980 ab
1083 3929 1136 3979 alia
1153 3928 1185 3977 ad
1201 3927 1281 3977 aliam

179 3997 283 4048 domurn
306 3997 508 4063 disiioercntur,
536 4006 656 4056 tremitns
676 4012 771 4070 postea
790 4003 874 4054 factos
896 4001 1036 4051 breviores
1058 4015 1143 4067 usque
1161 3999 1193 4048 ad
1212 4013 1280 4064 qua-

80 4099 83 4104 ·
179 4067 300 4135 draginta
327 4069 384 4122 dies
408 4081 496 4139 nequ'e
523 4073 635 4141 amplius
662 4089 821 4143 progressos
840 4088 900 4127 esse
917 4073 1044 4124 narravit.
1066 4077 1128 4139 post
1144 4069 1280 4121 biennium

179 4146 266 4220 tutam
292 4146 380 4196 terrae
403 4150 475 4204 motu
502 4142 572 4195 laeto
597 4145 698 4197 maiore
723 4147 837 4214 posteris
858 4144 1051 4215 frequentibus,
1071 4143 1174 4194 minore
1193 4147 1280 4191 autern
