2875 4734
278 232 347 310 156
571 241 791 348 nicentius
820 194 1082 317 λπλωοτλο

208 404 212 410 ’
274 413 309 476 ἐκ
329 414 391 478 τοῖν
412 413 537 496 πληγῶν
566 410 696 488 όδόναις
730 413 984 492 ἐπιστενόζοντες
1017 406 1106 498 ἦσαν.
1159 416 1375 498 ἀναγκασθείς

275 513 305 578 δ’
328 511 345 582 ό
365 509 519 594 βασιλεός
537 511 651 597 ἐξῆλθε
683 511 762 596 μετὰ
783 517 841 578 τοῦ
871 516 984 578 λοιποί
1006 511 1149 598 πλήθους
1169 516 1214 592 είς
1233 514 1291 598 τήν
1312 518 1376 580 τῶν

274 605 498 698 πραττόμένων
512 616 612 691 θέαν,
623 616 681 700 καί
702 613 782 680 οέοεε
805 612 894 690 εἴτις
918 615 1006 700 αὐτῷ
1019 618 1103 680 ἐπίοι
1119 617 1263 697 πόλεμος,
1285 619 1375 699 α’γω-

274 710 437 778 rabaudus.
491 718 590 799 μέχρι
619 717 648 778 δ’
666 713 804 798 ἐσπέρας
833 719 887 781 ἐπί
915 721 1010 788 τινων
1031 715 1139 802 λόφων
1162 711 1261 792 ἑστώς
1282 716 1374 801 όψη-

271 803 355 894 λαόν,
376 815 505 901 ἐπείπερ
528 813 586 878 ου’κ
609 809 674 881 εἶδέ
695 817 766 880 τινα
789 813 843 881 τόν
864 815 1210 899 α’νεικαταστηοόμενον
1239 816 1285 903 (οἱ
1309 815 1400 900 γόρ5

182 967 186 971 .
277 916 410 996 Τοῦρκοι
431 917 565 1004 πονηρίᾳ
593 919 648 980 καί
679 917 801 1006 ἐπινοίρ
819 917 984 1004 βαθστότη
1010 918 1168 996 συζῶντας
1187 914 1239 981 διό
1262 941 1374 1002 μηχα-

274 1018 338 1079 νοῖν
357 1011 393 1078 τό
408 1016 681 1098 πόνκατορθοόσι
700 1016 756 1080 καί
777 1021 937 1107 συστολτόν
957 1017 1268 1104 α’πηγκωνισμένων),
1291 1012 1372 1080 όπέ-

274 1129 412 1198 στρεψεν
438 1115 487 1191 εἰς
515 1112 572 1198 τήν
596 1113 818 1200 παρεμβολήν,
849 1109 924 1199 όρτι
958 1119 1016 1181 τοῦ
1037 1116 1128 1200 ήλίοο
1156 1114 1190 1181 τό
1215 1117 1294 1198 όπέρ
1315 1119 1374 1200 γῆν

273 1215 484 1298 ἡμισφαίριον
506 1215 737 1291 α’πολείποντος.
781 1213 810 1280 οἱ
832 1218 867 1280 δέ
890 1220 1025 1299 Τοόρκοι
1047 1212 1154 1299 οδσπερ
1177 1213 1237 1280 οἷπό
1263 1240 1374 1298 μηχα-

274 1319 329 1397 νῆς
350 1313 480 1380 κατόπιν
511 1319 737 1401 περιχυθέντες
766 1325 830 1392 τοῖς
861 1301 945 1392 ἐκτός
973 1321 1029 1401 τῆς
1060 1317 1262 1398 παρεμβολῆς
1286 1311 1374 1379 Σκό-
1385 1329 1420 1381 10

273 1419 349 1488 θαις
372 1417 513 1491 καὶτοῖς
539 1420 681 1482 πωλοῦσι
703 1413 741 1481 τό
766 1409 846 1482 αόνια
876 1417 1037 1503 ῥαγδαίους
1057 1419 1266 1497 προσέβαλον,
1287 1416 1371 1479 ἐλα-

274 1523 345 1590 καῖς
366 1513 505 1598 ἀσήμοις
537 1518 594 1580 καί
613 1509 703 1594 τόξου
726 1522 835 1600 βολαῖς
864 1521 919 1583 καί
939 1515 1181 1600 περιιππεόσεοι
1210 1514 1308 1601 φόνον
1333 1508 1372 1578 οό

271 1614 387 1700 μικρόν
409 1619 464 1681 καί
485 1620 629 1682 κίνδυνον
650 1616 757 1706 αότρῖς
778 1620 998 1704 ἐπιφέροντες·
1054 1614 1210 1682 bisaeus*
1238 1611 1373 1708 ήναγηό-

273 1719 398 1800 σθησον
420 1715 450 1781 οἱ
471 1715 524 1801 τήν
545 1714 660 1804 ἔφοδον
676 1715 889 1803 όφιοτόμενοι
909 1718 999 1795 ἐντός
1020 1721 1170 1802 γενέσθαι
1192 1718 1249 1781 τοῦ
1267 1717 1376 1799 χόρα-

135 1809 154 1862 δ·
175 1808 336 1891 ¹99¹·uag.
380 1817 496 1901 α’θρόοι
525 1823 632 1884 τοίνυν
663 1813 756 1894 ἄλλος
791 1824 863 1884 κατ’
886 1813 980 1885 όλλον
1008 1814 1050 1895 ὦς
1072 1815 1135 1882 α’πό
1157 1818 1297 1900 διωγμοῦ
1317 1813 1375 1899 τήν
1386 1829 1420 1882 15

161 1915 164 1924 ’
274 1913 397 1982 εἴσοδον
415 1917 610 2001 βιαζόμενοι,
632 1921 770 2002 μεγάλης
792 1923 935 2006 ταραχῆς
966 1917 1042 1994 νοός
1063 1916 1153 1983 ἔνδον
1175 1919 1374 2002 ἐπλήρωσαν,

279 2019 444 2098 οἰομένους
475 2020 531 2083 καί
561 2019 636 2096 τοός
656 2025 815 2096 ἐναντίους
836 2028 1071 2100 συνεισπεσεῖν,
1093 2024 1150 2083 καί
1168 2021 1274 2084 πᾶσαν
1294 2016 1377 2098 όμοό

275 2120 554 2206 τήνζπαρεμβολήν
568 2119 649 2205 μετὰ
668 2124 723 2206 τῆς
745 2115 819 2206 ὅλης
839 2121 1016 2204 ἀποσκευῆς
1030 2112 1183 2203 γενέσθαι
1201 2116 1373 2199 όλοόσιμον.

171 2217 210 2246 ’“
277 2219 334 2297 νὺξ
355 2215 414 2303 γόρ
440 2219 591 2307 οἷοέληνος
614 2214 667 2307 ήν,
697 2222 753 2286 καί
784 2219 942 2304 διάκρισις
963 2222 1019 2284 caia
1048 2213 1088 2303 ἦν
1108 2223 1172 2284 τῶν
1193 2211 1374 2304 φευγόντων

274 2314 295 2405 ή
315 2322 379 2384 τεόν
402 2321 603 2406 διωκόντων,
629 2323 693 2408 ζκαί
713 2324 795 2398 τίνες
818 2323 873 2405 τῆς
895 2321 1040 2398 ἐναντίας
1071 2319 1187 2404 μοίρας
1207 2321 1293 2384 εἰσί·
1337 2316 1421 2385 eisc

274 2420 336 2504 γὰρ
361 2427 424 2486 τῶν
444 2426 578 2496 Σκυδῶν
606 2425 867 2510 μισθοφορικόν,
899 2416 1038 2507 ἐμφερὲς
1075 2422 1153 2486 κατό
1188 2422 1289 2485 πόντα
1309 2427 1373 2493 τοῖς

280 2518 431 2606 Τοόρκοις
454 2514 499 2603 όν,
523 2525 704 2610 α’μφιβολον
726 2523 827 2589 ἐποίει
854 2524 970 2617 scleris
991 2525 1196 2605 incurrissem.
1239 2519 1311 2584 τότε
1330 2517 1371 2608 δή
1437 2539 1438 2550 ’

274 2618 343 2686 τότε
363 2621 418 2686 κατ’
439 2622 538 2708 φόβος
560 2621 698 2702 ἐξαίσιος
718 2624 774 2688 καί
796 2623 886 2708 λόγος
907 2624 1057 2702 α’παίσιος
1087 2625 1143 2687 καί
1166 2619 1226 2704 βοή
1249 2634 1373 2700 συμμι-

1413 2812 1436 2865 4

278 2932 323 2972 sus
347 2926 388 2973 est
409 2933 468 2971 cum
485 2919 591 2990 reliqua
608 2918 779 2972 multitudine
796 2920 829 2971 ad
855 2932 944 2970 eorum
964 2932 1032 2986 quae
1060 2917 1156 2968 flerent
1174 2915 1328 2981 adspectum
1347 2921 1375 2964 et

278 2999 401 3059 tunquam
418 2991 519 3044 bellum
538 2992 683 3063 gerendum
701 2992 752 3043 sibi
771 2992 896 3043 instaret:
916 3006 974 3041 cum
993 3004 1059 3041 vero
1078 2987 1110 3039 ad
1129 3001 1272 3052 vesperum
1290 3000 1376 3051 usquc

277 3061 393 3116 collibus
412 3065 567 3132 quibusdam
585 3065 728 3117 insedisset
749 3063 827 3128 ultis,
845 3064 1032 3129 neminemque
1052 3060 1097 3127 qui
1124 3060 1209 3125 ipsum
1228 3071 1376 3124 aggressu-

275 3149 320 3186 rus
342 3145 413 3187 esset
432 3139 617 3203 conspexisset
635 3135 750 3206 (Tuscae
769 3136 839 3185 enim
853 3133 1022 3199 improbitate
1041 3139 1068 3181 et
1086 3130 1148 3182 dolo
1168 3143 1245 3197 qnam
1263 3128 1376 3178 maxime

275 3205 368 3256 imbuti
386 3207 490 3258 insidiis
509 3209 596 3258 omnia
615 3216 697 3275 agunt
715 3206 913 3273 audacibusque
926 3204 1039 3272 artibus)
1059 3202 1087 3253 in
1105 3209 1192 3252 castra
1208 3199 1297 3262 rediit,
1316 3195 1376 3248 sole

275 3276 327 3325 ium
350 3284 469 3328 nestrum
498 3287 586 3328 terrae
614 3278 748 3328 dimidium
779 3277 960 3344 relinquente.
1009 3274 1110 3325 l'nrcae
1135 3281 1222 3323 autem
1252 3278 1376 3335 tanquam

275 3359 324 3413 per
343 3347 452 3398 insidias
479 3363 494 3398 a
518 3357 593 3416 tergo
614 3348 767 3400 circumfusi
793 3364 856 3412 ces,
884 3349 929 3414 qui
951 3354 1025 3398 extra
1053 3353 1140 3396 castra
1159 3351 1242 3407 erunt,
1262 3339 1375 3422 Scythas

277 3425 304 3469 et
322 3417 368 3486 qui
386 3432 488 3470 merces
508 3419 675 3482 vendebant,
703 3433 799 3486 magno
820 3433 878 3470 cum
904 3420 1004 3484 impetn
1027 3418 1148 3486 aggressi
1175 3422 1246 3477 sunt,
1264 3413 1375 3462 incertis

277 3489 424 3542 ululatibus
444 3498 471 3541 et
489 3505 566 3540 arcus
591 3489 703 3540 iactibus
729 3499 755 3540 et
775 3493 849 3558 equis
870 3490 1042 3541 circumvecti
1068 3488 1176 3538 caedem
1193 3500 1247 3536 nun
1264 3496 1376 3563 parvam

278 3569 305 3613 et
324 3558 472 3628 periculum
491 3562 524 3611 iis
543 3561 701 3611 afferentes:
729 3562 898 3628 quamobrem
928 3562 1005 3611 etiam
1031 3560 1116 3610 coacti
1137 3566 1207 3620 sunt,
1226 3556 1272 3623 qui
1290 3559 1376 3633 pertis
1427 3584 1428 3603 r

279 3633 429 3697 adstarent,
457 3633 526 3683 intra
545 3644 671 3700 aggerem
689 3632 787 3683 redire.
831 3634 921 3700 itaque
946 3631 993 3682 alii
1012 3631 1080 3682 alics
1098 3635 1241 3696 sequentes
1260 3639 1317 3675 cum
1336 3639 1376 3672 sic

276 3713 306 3754 ut
332 3705 360 3754 in
385 3705 574 3771 persecutione
598 3704 625 3755 in
650 3712 751 3769 portam
777 3705 925 3765 irruerent,
954 3717 1000 3754 ecs
1025 3703 1071 3769 qui
1091 3703 1161 3752 intus
1190 3705 1264 3749 crant
1281 3709 1379 3761 magna

278 3775 455 3838 trepidatione
474 3774 627 3843 implerunt,
647 3776 746 3842 quippe
765 3777 810 3842 qui
840 3774 930 3825 hostes
950 3788 1055 3841 quoquc
1074 3771 1153 3824 simul
1172 3769 1277 3838 ingredi
1296 3773 1378 3848 putu-

277 3851 337 3894 rent
359 3851 469 3912 totaque
500 3855 585 3899 castra
614 3861 666 3897 una
691 3851 750 3898 c‘um
778 3848 848 3897 omni
874 3852 1001 3910 apparatu
1027 3844 1183 3910 expugnari.
1227 3854 1281 3890 nox
1307 3851 1378 3886 enim
1425 3904 1426 3909 Ἰ

276 3913 340 3965 luna
360 3915 482 3979 carebat,
512 3933 601 3984 neque
620 3917 701 3968 ullum
722 3926 778 3970 erat
802 3918 943 3969 discrimen
962 3916 1120 3984 fugientium
1146 3912 1190 3964 vel
1209 3923 1379 3979 persequen-

276 3986 341 4036 tium
360 3998 449 4052 neque
468 3989 513 4052 qui
532 3988 565 4038 ab
585 3987 672 4039 aliena
691 3996 793 4040 starent
811 3985 894 4054 parte.
939 3987 1055 4053 Scythae
1087 3987 1156 4036 enirn
1174 3981 1334 4034 mercenarii
1351 3987 1380 4028 ct
1422 4042 1425 4055 ,

278 4055 385 4107 omnino
405 4054 495 4108 Tureis
514 4058 641 4109 simillimi
662 4061 805 4127 ancipitem
824 4069 879 4110 tum
901 4072 989 4109 rerum
1009 4065 1105 4109 suatum
1123 4055 1303 4107 reddiderunt.
1323 4059 1379 4100 tum

279 4141 345 4178 vero
364 4126 460 4196 ingens
489 4127 568 4200 timor
596 4136 622 4181 et
645 4144 735 4181 rumor
759 4130 891 4183 infaustus
917 4138 943 4180 et
962 4126 1250 4203 clemortturbnlentus
1279 4130 1307 4174 ct
1332 4130 1380 4172 tu.
1420 4168 1424 4201 ,
