2875 4734
584 245 794 317 Historia.
1120 270 1124 276 “
1188 245 1238 320 89

139 418 204 488 τοῖς
227 407 343 502 κοιλοις
364 413 420 496 τῆς
441 413 498 496 γῆς
519 409 669 496 κινήσεως
692 415 813 496 κοίτης
833 416 897 478 scir
919 415 1043 497 α’νέμοον
1062 419 1098 482 ἐν
1119 417 1243 505 τούτοις

141 509 293 596 δινήσεως
314 509 329 578 ό
353 512 462 589 κλόνος
483 513 696 597 προσγίνεται,
720 516 953 599 α’νατέτραπται
982 515 1018 580 τό
1043 515 1190 600 ἐννόημα.
1214 519 1245 584 εἰ

139 611 202 699 γοὶρ
227 615 262 678 ἐκ
281 610 380 700 μόνης
401 618 456 698 τῆς
477 616 550 697 βίας
572 615 690 698 αότοόν,
710 611 888 681 όπότανέν
905 624 970 692 τοῖς
992 617 1165 699 κοιλώμασι
1187 621 1244 703 τῆς

140 718 199 798 γῆς
221 720 457 798 περιελιχθεῖεν
478 720 533 782 καί
545 717 712 782 διόπνοιαν
731 720 1011 803 συμπεπιλημένην
1029 717 1164 801 λόβοιεν,
1183 743 1244 787 κα-

116 812 211 891 5θιός
236 805 325 878 οὗτοι
350 817 460 900 φασίν,
487 815 505 900 ἦ
528 819 708 901 συγκίνησις
736 819 898 899 ἐκτελοῖτο,
921 813 980 882 κόν
1005 819 1138 898 α’ταξίαν
1160 812 1250 902 εἶχεν

144 913 162 978 ό
180 911 287 989 κλόνος
309 919 365 980 καί
386 915 462 999 ου’χί
487 923 585 1003 μέχρι
612 916 763 993 πτώσεως
785 917 1013 983 ἐκαταπτοότου
1035 916 1093 1001 τη“ν
1114 910 1245 984 ἄπλετον

144 1013 255 1101 ἔληγεν
275 1011 387 1103 όρμήν,
409 1019 462 1083 ἵνα
485 1018 528 1104 μὴ
552 1018 585 1083 τό
610 1018 674 1084 πᾶν
695 1017 808 1084 αότίκα
832 1022 1007 1108 καταποθῇ.
1051 1021 1109 1085 νόν
1132 1020 1169 1084 δέ
1188 1016 1244 1086 διό

143 1122 202 1202 τῆς
223 1113 379 1203 τοσαύτης
400 1121 455 1183 καί
474 1121 657 1203 συμμέτρου
679 1118 920 1204 παρακινησεονς
943 1121 1102 1187 όεόινοται
1125 1124 1245 1205 eroes-

143 1221 220 1301 μίας
240 1214 331 1301 ἔργον
366 1219 382 1282 ό
419 1219 541 1303 κλόνος,
574 1222 619 1295 εἰς
641 1220 819 1303 α’ναστολην
840 1219 895 1286 καί
914 1223 1080 1288 παίδευσιν
1101 1223 1162 1287 τῶν
1184 1220 1244 1285 όν-

100 1335 135 1388 10
144 1321 316 1403 θρωπίνανν
345 1310 470 1403 όρμιόν,
500 1318 553 1384 καί
582 1322 638 1405 τῆς
667 1325 759 1396 θείας
780 1320 977 1400 ἀνεξικακίας
1006 1322 1026 1407 ἡ
1057 1319 1246 1406 ἐπιτίμησις,

144 1421 197 1506 ἐφ’
222 1409 246 1507 ᾧ
267 1417 311 1503 μη
332 1409 434 1506 όρόην
468 1420 645 1486 οἶπολέσθαι
672 1421 707 1488 τό
736 1425 842 1504 γένος,
865 1420 934 1486 ἀλλ’
958 1423 1146 1506 ἐπιπρέψαι
1167 1420 1246 1508 πρὸς

144 1519 182 1586 τό
207 1507 361 1601 βελτίονα.
403 1520 437 1587 τό
463 1524 493 1586 δ’
514 1524 547 1602 ἐξ
568 1520 733 1598 ἐπιπνοίας
756 1523 924 1603 α’νεμιαίας
943 1519 1005 1587 εἴτε
1029 1521 1093 1606 μὴν
1116 1517 1245 1589 όόότοον

145 1618 296 1705 κινήσεως
316 1625 461 1704 γίνεσθαι
482 1623 537 1688 τόν
557 1622 689 1707 σεισμόν
713 1623 772 1687 οόκ
793 1614 925 1706 όκαιρον
954 1623 1024 1687 oo'ul’
1054 1620 1133 1689 αότό
1166 1619 1246 1707 πρός

145 1719 284 1806 φυσικὴν
303 1726 570 1810 σογκατασκευην.
602 1725 767 1807 ἐνδέχεται
786 1724 847 1809 γόρ
867 1727 962 1789 τοῦτο
975 1727 1031 1790 καί
1051 1723 1153 1790 πόνυ·
1176 1716 1247 1788 αλλ’

100 1835 136 1890 15
147 1821 203 1886 oin
226 1822 412 1905 αότομότως
442 1825 461 1908 ἦ
489 1825 704 1911 ἐπισκίρτησις
736 1828 841 1910 (τοῦτο
869 1823 931 1909 γόρ
959 1826 1027 1890 ἐστι
1051 1823 1087 1891 τό
1110 1829 1248 1908 α’νατρεή

146 1923 280 2007 πόμενον
301 1930 376 2011 παρ’
399 1927 516 2016 ἡμῶν),
542 1931 611 1995 ἀλλ’
632 1930 667 1994 ἐκ
688 1929 780 1992 θείου
802 1927 1012 2012 βουλήματος,
1032 1922 1078 1993 ότι
1099 1925 1143 2010 μη
1166 1927 1248 2009 ἐμέ-

146 2052 209 2103 σονς
229 2027 265 2091 τό
290 2030 378 2094 θεῖον
398 2027 438 2093 τό
460 2034 536 2116 περί
553 2028 610 2116 την
630 2030 739 2115 γηίνην
755 2026 854 2114 φόσιν
876 2032 1041 2113 οἰκονομεῖ.
1085 2023 1166 2095 οότοο
1185 2027 1246 2115 γόρ

147 2131 202 2193 καί
223 2128 322 2193 όετοό
343 2131 362 2216 η“
386 2133 492 2218 νεφῶν
520 2137 711 2218 σομπιλησις
732 2129 795 2211 {uel
818 2133 953 2216 βροντῆς
981 2132 1002 2216 ἦ
1025 2131 1147 2198 τοότοον
1167 2126 1274 2222 σόγχ

149 2253 278 2312 κρουσις
304 2235 359 2298 καί
379 2235 543 2320 α’στραπῆς
573 2233 625 2296 ἐπί
666 2235 765 2321 ταότη
791 2236 954 2316 παραίτιοι
983 2232 1248 2318 καταφαίνονται·

99 2329 229 2404 pediti
250 2329 285 2396 τό
306 2336 368 2400 πᾶν
390 2335 443 2417 τῆς
466 2338 558 2410 θείας
578 2335 704 2418 γνώμης
719 2329 799 2398 κατα
822 2331 896 2407 τούς
917 2333 1133 2415 εόσεβοόντας
1154 2331 1250 2418 ἐξηρ·

149 2455 250 2516 τηται.

249 2536 295 2601 Ἐν
324 2537 360 2600 δέ
383 2544 449 2614 τοῖς
479 2539 712 2613 Μακεδονικοῖς
738 2540 868 2621 μέρεσιν
901 2532 937 2601 αῖ
969 2534 1122 2618 παράλιοι
1143 2535 1250 2611 πόλεις

150 2637 216 2702 κατ’
237 2639 356 2726 ἐκείνην
385 2634 442 2722 τη“ν
463 2638 562 2704 νόκτα
582 2640 702 2724 μᾶλλον
730 2641 792 2704 τοόν
821 2629 925 2727 ἄλλων
946 2631 1136 2722 πεπόνθασι,
1156 2635 1250 2704 Ῥαι-

224 2797 266 2860 18.
286 2759 382 2869 sileat
402 2798 433 2854 G.

151 2961 233 3001 sensu
251 2961 335 3016 aquae
354 2947 382 2999 in
400 2954 488 3000 terrae
505 2947 637 3016 specubus
656 2956 729 2999 motn
749 2954 776 2998 et
795 2953 936 2998 ventorum
954 2946 982 2996 in
1000 2945 1041 2997 his
1059 2944 1166 2996 turbine
1185 2961 1249 2998 ern.

152 3020 271 3086 ptionem
290 3020 358 3084 lieri,
379 3035 501 3072 eversum
522 3028 562 3072 cst
581 3021 735 3087 cogitatum.
773 3032 833 3067 narn
852 3017 875 3066 si
894 3015 952 3068 sola
973 3018 1000 3067 ri
1020 3031 1122 3078 eorum,
1144 3031 1202 3067 cum
1220 3019 1249 3068 in

152 3090 284 3157 specubus
303 3099 389 3143 terrae
408 3097 597 3158 torquerentur
617 3099 645 3140 et
672 3089 794 3154 spiritum
813 3101 993 3153 compressum
1011 3093 1148 3152 cuperent,
1166 3095 1197 3136 ut
1223 3087 1251 3138 bi

152 3162 258 3224 dicunt,
278 3172 364 3216 motus
385 3162 553 3222 efficeretur,
581 3167 653 3210 certe
675 3158 860 3209 confusionem
884 3157 995 3208 haberet
1014 3156 1134 3222 eruptio,
1162 3172 1252 3223 neque

152 3233 186 3284 ad
206 3247 294 3284 casum
312 3230 483 3285 infallibilem
504 3232 639 3297 ingentem
660 3231 750 3281 liniret
768 3229 910 3294 impetum,
935 3229 998 3296 quin
1017 3228 1170 3280 universum
1195 3230 1252 3279 'sta-

63 3313 70 3330 ‘
152 3305 201 3354 tim
219 3305 381 3356 sorberetur.
419 3315 490 3351 nune
508 3308 595 3352 autem
614 3308 688 3353 tanto
706 3309 734 3351 et
752 3299 858 3367 aequali
878 3308 951 3351 motu
970 3299 1120 3352 declaratur
1145 3299 1253 3353 divinae

153 3375 359 3442 significationis
379 3373 476 3424 lactum
497 3373 601 3439 eruptio
620 3373 653 3424 ad
678 3372 862 3424 remissionem
888 3380 914 3423 et
944 3372 1127 3425 educationem
1158 3371 1253 3423 huma-

152 3461 247 3498 norum
267 3445 473 3511 propositorum,
489 3452 516 3496 et
533 3445 641 3496 divinae
660 3442 842 3511 indulgentiae
861 3458 957 3509 poena,
970 3457 1005 3495 ne
1025 3443 1142 3496 {unditus
1160 3449 1254 3508 pereat

154 3533 249 3585 genus,
269 3516 316 3567 sed
338 3523 367 3566 ut
384 3515 411 3566 id
430 3516 551 3568 advertat
571 3515 737 3568 melioribus.
775 3514 846 3583 quod
863 3522 950 3566 autem
971 3517 1092 3581 espiritu
1102 3519 1252 3576 ventorum,

154 3590 214 3642 sive
235 3587 312 3636 etiam
332 3601 457 3654 aquarum
477 3595 550 3638 motu
570 3587 671 3638 oriatur
688 3595 777 3637 terrae
796 3586 952 3648 concussio,
968 3588 1031 3635 'non
1051 3592 1091 3636 est
1116 3584 1252 3648 ineptum,

153 3671 244 3724 neque
264 3658 348 3722 ipsum
369 3658 439 3726 quod
457 3659 552 3710 attinet
571 3658 719 3710 naturalem
740 3665 903 3724 apparatum.
941 3656 1000 3706 lieri
1015 3655 1090 3706 'enim
1117 3654 1168 3704 hoc
1200 3668 1252 3720 po.

155 3737 208 3782 test
227 3729 343 3793 omnino,
364 3730 409 3782 sed
428 3746 482 3780 non
500 3738 602 3781 temere
621 3731 650 3781 lit
670 3732 790 3796 eruptio:
811 3726 862 3777 hoc
882 3726 951 3776 enim
971 3724 1038 3776 illud
1058 3733 1120 3789 est,
1145 3726 1217 3792 quod
1237 3742 1253 3776 a

154 3799 232 3852 nobis
251 3799 398 3852 refutatur:
419 3800 466 3852 sed
484 3802 574 3852 divina
593 3801 742 3864 voluntate,
761 3799 813 3850 uisi
832 3797 891 3848 sine
904 3796 992 3848 medio
1011 3812 1108 3853 numen
1134 3797 1253 3849 divinum

154 3881 287 3924 terrenam
306 3879 425 3923 naturam
445 3873 625 3924 administrat:
646 3873 682 3922 ita
704 3871 775 3922 enim
794 3869 874 3918 ctiam
892 3867 982 3921 imbris
1003 3877 1029 3920 et
1046 3869 1155 3922 nubium
1176 3883 1252 3918 com-

154 3943 258 4009 pressio
286 3950 313 3992 et
337 3945 449 3995 tonitrus
475 3942 568 3994 borum
588 3941 755 4008 compulsio,
783 3947 810 3990 et
828 3937 942 4006 fulguris
961 3941 988 3990 in
1010 3940 1060 3991 bac
1078 3957 1109 3991 re
1128 3947 1253 3989 auctores

154 4022 299 4081 apparent:
318 4014 365 4064 sed
383 4021 465 4065 totum
484 4015 591 4068 divinae
610 4013 762 4066 sententiae
781 4010 923 4062 secundum
943 4011 1001 4077 pios
1020 4013 1190 4062 coniunctum
1202 4016 1252 4059 est.

169 4101 175 4114 ·
257 4085 287 4137 ln
306 4085 485 4140 Macedonicis
505 4094 593 4138 autem
614 4084 734 4151 partibus
753 4083 900 4134 maritimae
918 4082 998 4134 urbes
1016 4083 1065 4132 illa
1083 4087 1164 4130 nocte
1193 4078 1252 4146 plus
1324 4084 1329 4102 ⁸

157 4155 255 4210 ceteris
275 4173 369 4228 passae
388 4165 457 4222 sunt,
477 4157 630 4212 llaidesturn
649 4157 709 4209 dico
729 4163 756 4206 et
774 4155 882 4210 Paulum
902 4161 929 4206 et
946 4156 1033 4221 ipsum
1048 4150 1253 4220 llyriophytuuu
