2875 4734
575 204 783 272 HISTORIA.

118 360 174 432 τόν
197 360 336 446 ἔλεγχον.
378 359 428 428 ’διὸ
460 361 516 428 καί
543 368 599 456 τῆς
629 367 820 452 ἀρχαγγελικ

120 468 289 550 νοέμβριον
311 464 494 550 ε’γγτζοόσης
524 473 712 552 παρεγένετο
744 467 825 553 πρός
845 470 902 555 τήν
926 467 961 535 ἐκ
980 469 1113 556 βόθρων
1135 474 1222 556 ε’γερ-

123 573 236 632 θεῖσαν
259 571 337 648 παρ’
360 567 464 632 ου’τοῦ
482 569 581 654 μονήν
603 569 620 633 ό
647 569 846 657 πατριάρχης
867 568 975 638 οότοσό
994 575 1146 659 Μιχαήλ,
1165 577 1220 640 κατ’

119 671 184 733 τεόν
205 669 381 752 περιβόλων
414 670 472 733 τοῦ
491 667 630 752 μεγάλου
661 675 714 737 καί
734 670 923 758 ἀπορθήτου
955 678 1010 738 κατ’
1030 677 1222 740 θεοτεόκτου

94 773 313 851 5πολίσματος
334 765 395 848 ἔξω
416 772 580 853 γενόμενος
601 775 662 838 τοῖν
695 776 752 855 τῆς
773 769 885 857 ἑορτής
907 779 1081 859 φιλοτίμως
1101 773 1221 862 ἐφρόν-

119 872 185 948 τιζε
206 867 284 936 κατό
311 867 350 935 τό
371 863 501 960 ἑσπέρια
522 877 605 959 με’ρη
626 877 681 958 τής
704 873 833 950 πόλεως.
855 874 871 938 ό
892 878 928 940 di
948 874 1100 957 βασιλεύς
1123 873 1221 959 ήκόνα

72 1041 75 1048 ,
118 968 174 1056 τήν
193 969 368 1056 σκαιωρίαν
397 976 451 1036 καί
478 970 535 1056 τήν
567 973 734 1060 ῥομφαίαν
761 978 906 1057 ε’στιλβου
932 978 987 1040 καί
1007 974 1063 1042 τόν
1084 980 1222 1066 ε’,νόομυ-

118 1075 241 1156 χοόντα·
269 1067 373 1153 θυμόν
401 1081 467 1148 τοῖς
495 1075 654 1156 ἐγγίζουσι
680 1075 906 1159 παρεγύμνου·
962 1075 1017 1140 καί
1040 1082 1221 1162 προπέμπει

119 1177 181 1238 τῶν
204 1170 273 1237 τινόι
300 1175 421 1238 οἰκείων
454 1169 497 1248 τός
525 1171 685 1258 ἱερατικὸν
719 1174 968 1262 συνομιλήσοντα
1000 1183 1044 1266 τρῖ
1074 1180 1226 1263 ἀρχιερεῖ

76 1279 110 1332 10
120 1277 194 1358 περὶ
214 1276 307 1340 τινῶν
327 1272 428 1358 τυχόν
450 1275 654 1360 ἀπορρήτων,
676 1279 730 1341 καί
751 1277 805 1341 τόν
826 1275 937 1362 καιρόν
957 1283 1011 1362 τῆς
1033 1286 1102 1345 κατ’
1124 1279 1221 1343 αὐτόν

119 1377 261 1456 σκέψεως
284 1380 338 1440 καί
359 1379 414 1460 τῆς
433 1374 539 1461 φήμής
570 1375 672 1464 τοότρι
697 1365 952 1460 ἀποτειχίσοντα.
996 1379 1050 1443 stol
1067 1383 1123 1464 τῆς
1146 1383 1220 1443 όια-
1288 1369 1291 1376 ’

118 1480 230 1556 λέξεως
249 1478 411 1561 γινομένης
434 1478 639 1558 ε’πικατέλαβε
666 1479 787 1562 πλῆθος
807 1483 1010 1564 στρατιωτῶν
1032 1475 1141 1557 όπλοις
1162 1505 1221 1545 κα-

118 1571 325 1662 τάφρακτον,
351 1575 406 1640 καί
428 1583 653 1663 περιχυθέντες
675 1578 876 1663 πανταχόθεν
906 1581 990 1668 αὐτῷ
1016 1575 1219 1664 ἀνάρπαστον
1248 1605 1257 1622 ·

120 1679 155 1742 ἐκ
173 1682 230 1741 τοό
252 1674 373 1761 θρόνου
405 1681 513 1743 τοῦτον
536 1681 654 1760 ἀτίμως
678 1684 858 1766 ἐπαίρουσι.
911 1682 967 1746 καί
985 1681 1106 1768 ἦμιόνιρ
1127 1684 1219 1745 καθί-
1314 1680 1319 1693 ’

73 1785 108 1838 15
118 1803 228 1857 σαντες
249 1778 446 1863 συνήλαυνον
467 1771 546 1864 ἀχρι
567 1786 622 1864 τῆς
644 1785 676 1846 έν
699 1787 902 1865 Βλαχέρναις
922 1777 1037 1866 ἀκτῆς·
1062 1782 1118 1847 καί
1137 1805 1219 1864 προ·

118 1876 299 1963 στόγματος
321 1879 539 1956 καταπτάντος
558 1886 728 1964 βασιλικοῦ
748 1879 796 1947 ἑνί
815 1885 876 1948 τῶν
889 1884 1014 1964 λέμβων
1034 1886 1218 1960 σπουδαίως

118 1981 288 2065 ἀντίθετοι,
310 1981 366 2046 καί
385 1977 552 2068 ὑπερόριος
572 1986 634 2048 πυόν
661 1981 856 2048 ἀδικούντων
880 1984 962 2067 τόχα
986 1982 1173 2068 όπερλαλαὶν
1197 1983 1215 2045 ό

120 2078 334 2168 ποιμενόρχης
364 2086 490 2164 γίνεται.
542 2082 697 2160 ὥσαότως
724 2086 760 2149 ἀὲ
783 2082 839 2148 καί
866 2081 947 2149 αάτά
970 2089 1027 2150 τοῦ
1047 2088 1157 2169 γένους
1176 2084 1214 2149 τό

119 2180 255 2266 φίλτατα
275 2188 331 2266 τῆς
352 2183 463 2265 όμοιάς
482 2183 688 2267 ἀπογεόονται
708 2183 817 2268 τόχης.

69 2291 108 2346 20
219 2283 317 2367 Φέρει
336 2286 371 2362 dd
388 2288 534 2350 τοσοῦτον
555 2284 588 2349 τό
612 2283 715 2361 πόθος
736 2285 753 2349 ό
775 2285 854 2370 ἀνήρ
875 2292 1087 2371 μικροψόχως
1105 2281 1217 2370 ήάγε·

118 2388 203 2465 νοός,
234 2383 289 2449 καί
309 2391 472 2451 κατέσεισε
493 2384 550 2470 τήν
572 2389 676 2452 πίστιν
698 2389 799 2453 αότοό
820 2385 855 2452 τό
878 2391 934 2469 τῆς
967 2389 1117 2462 ἀπιστίας
1137 2388 1216 2472 πρός

119 2481 222 2550 αάτόν
241 2473 300 2551 τοό
317 2484 715 2573 βασιλεόοντοςτόλμημας
744 2489 784 2552 ου’
803 2490 862 2570 μὲν
878 2482 945 2570 σόν,
968 2488 1036 2551 ἀλλ’
1062 2485 1216 2572 ου’ψόχως
1290 2510 1295 2516 ’
1359 2571 1365 2582 Ι

115 2584 205 2670 μάλα
229 2585 284 2651 καί
305 2589 456 2673 ου’γονιός,
478 2591 533 2654 καί
554 2592 592 2679 τῇ
614 2597 763 2690 καρτερίρι
794 2588 849 2656 τόν
871 2583 945 2675 ’λώβ
967 2591 1070 2678 πολλῷ
1093 2591 1137 2676 agi
1156 2612 1216 2654 πε-

188 2766 214 2818 5.
233 2767 407 2840 πολίσματος
427 2766 457 2822 G.
522 2776 525 2785 '

115 2913 224 2980 tollere,
245 2924 271 2967 et
290 2915 340 2968 hoc
358 2918 436 2970 modo
456 2917 575 2988 effugere
591 2917 800 2988 inquisitionem.
838 2919 1007 2985 quamobrem
1027 2917 1106 2970 etiam
1124 2911 1215 2970 archi.

53 3011 63 3022 ι
117 2987 209 3053 angeli
228 2987 272 3039 die
292 2989 359 3041 festo
380 2991 451 3041 circa
469 3007 587 3044 mensem
600 2989 775 3042 novembrem
793 2989 917 3051 instante,
935 2990 1050 3041 accessit
1070 2989 1102 3039 ad
1120 3005 1215 3042 mona.

115 3057 226 3109 sterium
245 3074 260 3108 a
279 3075 308 3111 se
328 3077 342 3111 e
362 3060 538 3113 fundamentis
559 3070 677 3113 erectum
701 3059 851 3125 patriarcha
876 3059 920 3110 hic
938 3059 1062 3121 Michael‚
1094 3070 1121 3110 et
1138 3076 1214 3112 moe.

113 3127 193 3180 nibus
212 3146 323 3198 magnae
343 3141 370 3183 et
387 3132 541 3185 indelebilis
562 3140 589 3180 et
606 3147 621 3181 a
640 3132 690 3182 deo
711 3131 798 3190 factae
816 3131 889 3183 urbis
917 3145 1051 3199 egressus,
1070 3145 1114 3182 res
1134 3130 1213 3184 festas

114 3200 234 3252 studiose
254 3202 362 3254 curabat
380 3206 407 3253 in
428 3201 637 3254 occidentalibus
666 3200 738 3251 urbis
758 3201 884 3266 partibus.
928 3218 976 3254 rex
995 3210 1082 3251 autem
1102 3203 1214 3254 acuebat

113 3271 203 3340 dolum
223 3281 250 3324 et
268 3273 383 3341 gladium
412 3272 577 3338 splendidum
597 3271 725 3335 faciebat,
746 3279 772 3322 ct
797 3273 925 3324 internum
954 3273 1067 3324 animum
1086 3275 1213 3340 proximis

112 3343 271 3409 denudabat,
293 3353 318 3395 et
339 3345 434 3395 emittit
458 3345 587 3411 quendam
613 3342 781 3393 familiarium
809 3345 854 3412 qui
873 3353 902 3395 ut
919 3346 1043 3413 sacerdos
1063 3361 1212 3414 proseque-

39 3415 41 3420 '
111 3423 187 3465 retur
205 3417 357 3482 pontificem
384 3415 521 3466 maximum
554 3422 663 3482 propter
687 3414 813 3482 quaedam
837 3418 964 3482 mysteria
989 3425 1016 3467 et
1044 3417 1212 3467 occasionem
1235 3411 1239 3426 ¹

112 3489 285 3552 cogitationis
307 3496 333 3537 et
353 3486 437 3536 famae
457 3486 519 3538 huic
539 3487 707 3549 occluderet;
731 3494 761 3550 et
780 3487 916 3555 colloquio
937 3487 1007 3538 facto
1022 3486 1073 3538 sibi
1093 3488 1213 3536 adiunxit

111 3557 308 3608 multitudinem
336 3557 446 3608 militurn
472 3561 550 3611 armis
570 3560 691 3620 cinctam,
720 3565 747 3607 et
765 3559 918 3609 circumfusi
935 3560 1053 3624 undique
1073 3557 1097 3606 ei
1118 3571 1211 3606 corre-

111 3637 184 3694 ptunr
212 3644 226 3678 e
252 3627 348 3680 throno
375 3628 445 3680 hunc
471 3633 583 3699 turpiter
611 3629 728 3693 tollunt,
755 3637 782 3680 et
805 3629 877 3680 mulo
896 3630 1062 3692 imponentes
1082 3625 1213 3677 ducebant

112 3715 172 3749 eum
192 3715 277 3768 usque
296 3701 328 3752 ad
346 3700 409 3752 litus
429 3702 651 3764 Blachernarnnr‚
672 3707 698 3750 ct
724 3717 757 3751 ex
775 3702 849 3752 iussu
866 3700 943 3764 regio
963 3699 1009 3747 uni
1027 3696 1134 3748 lintrum
1152 3703 1211 3750 stn-

111 3771 187 3822 diose
206 3773 350 3839 imponitur
370 3781 396 3824 ct
416 3773 491 3825 exsul
510 3789 558 3840 pro
573 3774 671 3824 iniuste
685 3771 844 3822 facientibus
860 3769 974 3835 loquens
985 3776 1119 3835 pastorum
1137 3785 1210 3821 sum.
1259 3808 1262 3812 .

111 3858 167 3894 mus
187 3844 231 3895 iit:
252 3845 344 3900 eodem
363 3853 451 3895 autem
471 3847 547 3897 modo
568 3845 646 3895 etiam
666 3843 725 3908 ipsa
742 3843 850 3910 generis
875 3841 987 3892 maxime
1006 3849 1091 3892 amata
1108 3857 1235 3910 aequa,

111 3913 165 3964 lem
185 3916 325 3983 degustant
345 3916 484 3967 fortunam.
955 3924 959 3929 '

209 3985 273 4038 Fert
291 3995 378 4037 autem
397 3995 497 4038 tantum
515 3987 612 4039 malurn
631 3987 674 4038 vir
692 3999 776 4051 parvo
796 3983 882 4049 animo
903 3993 929 4036 et
951 3984 1075 4053 ignobili,
1096 3992 1122 4034 et
1141 3994 1208 4030 cou-

23 4066 27 4074 ’
110 4057 194 4108 cussit
212 4059 268 4109 eius
288 4057 365 4109 iidcnr
384 4059 548 4112 infidelitatis
567 4060 595 4109 in
616 4073 674 4108 cum
693 4057 766 4126 regis
778 4055 933 4123 inceptum?
951 4057 1030 4107 immo
1045 4069 1111 4108 vero
1130 4050 1209 4101 forti.

109 4133 151 4179 ter
169 4127 250 4182 valde
269 4136 296 4180 et
312 4129 440 4183 nobiliter
468 4139 495 4183 et
519 4129 722 4201 perseverantia
749 4144 808 4181 eum
825 4127 917 4180 lolium
942 4128 1026 4179 multo
1045 4125 1145 4176 maiore
1164 4135 1209 4173 ra.
