2875 4734
151 277 242 355 '268
449 280 667 353 moninus
699 276 966 352 lmlnlouln

169 472 261 534 κητος
281 451 337 513 καί
357 440 476 530 ἐβατος
497 442 546 532 ἦν.
589 442 634 523 οἷς
658 445 868 534 δ’ἐφάνησαν
891 444 960 511 τότε
980 442 1017 510 τύ
1048 448 1104 529 τῆς
1129 444 1274 528 Ῥωμαϊ-

169 553 226 633 κῆς
247 551 446 635 ἐπικρατείας
467 545 619 633 ἐπίσημα,
642 550 771 625 πάντας·
797 548 879 630 duod
905 546 978 623 τούς
999 549 1197 627 Βυζαντίους
1228 552 1273 627 εἰς
1323 560 1326 565 “

169 652 290 735 θύρσος
311 654 420 732 μεῖζον
445 650 500 714 καί
527 654 612 735 νίκης
641 652 757 717 ἐλπίδα
789 654 985 736 ἐπέλδησαν,
1007 642 1057 714 ὅτι
1077 647 1132 713 καί
1153 647 1188 713 αἱ
1208 676 1269 715 πα-

169 753 274 838 ρσὶλιοι
294 750 402 829 πόλεις
424 745 548 817 ἅπασαι
568 751 641 829 τούς
662 754 722 816 τού
743 750 956 817 Βστανειύτου
979 747 1096 829 πεζούς
1116 749 1269 836 στρατιιύ.
1310 786 1314 789 -

171 879 229 933 τας
259 856 535 944 παραγενομένους
562 851 714 935 εύθύμως
745 856 906 936 ἐδέξαντο,
930 849 965 915 τό
991 873 1026 915 τε
1057 855 1126 916 τῶν·
1151 853 1300 921 Πυλῶνδ

171 947 254 1022 σἰστυ
279 952 335 1018 καί
352 954 385 1019 τὸ
407 955 441 1018 ἐν
465 957 637 1043 Πραινέτιρ
661 954 717 1018 καί
738 950 818 1036 adri}
843 952 1055 1036 Νικομήδεια,
1080 944 1118 1036 ἧς
1138 951 1155 1015 δ
1173 977 1274 1034 στρα-

170 1055 264 1140 τηγδς
299 1052 360 1137 πρὸ
393 1056 621 1135 τῆςΝικαίας
648 1054 691 1141 τῷ
722 1053 920 1141 Βοτανειοὶτη
954 1047 1033 1134 μετοὶ
1067 1056 1274 1135 περιχαρείας

172 1154 358 1239 ύπὴντησεν.
380 1152 456 1216 ούδέ
479 1152 514 1217 τδ
537 1156 572 1218 ἐν
581 1154 825 1239 ιῬουφινιαναΐς
837 1150 1009 1235 πολίχνιον,
1034 1149 1273 1236 καρτερώτατον

155 1253 227 1319 καί
247 1251 500 1336 δυσμαχώτατον
521 1246 558 1317 ἐν
577 1257 633 1335 καί
651 1250 754 1335 στόμα
775 1256 830 1337 τῆς
856 1252 1096 1335 μεγαλοπόλευς
1119 1251 1270 1337 κείμενον,

172 1352 330 1439 φροντίδα
351 1355 408 1416 τού
440 1351 580 1437 Μιχαηλ
610 1351 664 1419 διὰ
686 1351 743 1438 την
763 1349 842 1435 πρὸς
868 1348 924 1437 τὴν
946 1351 1098 1434 βασιλίδα
1120 1347 1271 1438 ἐγγύτητα
1285 1374 1318 1427 10

172 1452 228 1516 καί
247 1454 436 1537 προσέχειαν
459 1450 561 1536 ἔθετο,
585 1454 663 1519 α’λλδ
689 1457 745 1517 καί
764 1450 884 1528 αύτούς
906 1451 1023 1530 πεζούς
1042 1450 1148 1543 ‘adteri
1171 1476 1273 1535 στρα-

172 1551 289 1643 τιούτας
308 1550 393 1627 ἐντὸς
413 1552 596 1631 δπεδέξατο.
648 1558 704 1619 καί
735 1556 777 1617 δι’
797 1556 903 1636 ὀλίγου
937 1552 990 1616 καί
1008 1551 1177 1635 α’καριαίου
1201 1578 1274 1617 και-

173 1656 233 1738 ρού
252 1652 355 1717 πάντα
379 1651 419 1716 τὰ
438 1655 495 1737 τῆς
528 1651 647 1719 ἐκείνου
670 1652 822 1737 αἱρέσεως
843 1650 1093 1739 ἐπληρώθησαν,
1117 1657 1172 1718 κατ’
1193 1653 1272 1738 πρὸς

173 1750 268 1817 αύτδν
289 1755 376 1816 πᾶσα
399 1749 505 1838 ἡλικία
527 1755 581 1817 καί
601 1751 701 1839 φύσις
723 1757 884 1837 μετέθετο.
937 1746 1020 1818 ούτυι
1048 1752 1123 1819 θεία
1143 1778 1190 1829 τις
1212 1754 1273 1817 δύ-

171 1877 266 1934 ναμις
287 1850 405 1929 πάντας
424 1854 565 1918 συνύθει
586 1853 642 1919 καί
661 1854 812 1939 συνήργει
834 1854 910 1941 πρὸς
938 1855 994 1939 τὴν
1010 1857 1072 1917 τού
1095 1856 1272 1940 ἐρχομένου
1285 1878 1318 1931 15

171 1957 329 2038 βασιλέως
351 1956 527 2020 οἰκείοισιν·
570 1957 641 2021 ἐπεί
658 1960 714 2020 καί
740 1953 770 2019 οἱ
791 1959 867 2040 περί
893 1953 949 2020 τὸυ
969 1952 1179 2039 βασιλεύοντα
1201 1961 1274 2021 Μι-

117 2069 122 2073 ’
171 2055 274 2140 χαήλ,
305 2058 339 2135 ἐξ
359 2051 432 2118 δ’του
451 2078 508 2141 περ
537 2054 567 2120 οῖ
592 2060 650 2121 τού
672 2055 887 2121 Βοτανειοίτου
916 2054 974 2141 την
1006 2058 1099 2120 πόλιν
1132 2060 1275 2121 κατεῖδον

173 2160 313 2233 κδκεῑνος
329 2154 542 2242 προσήγγισε,
570 2160 632 2222 τῶν
654 2161 714 2222 τού
734 2162 913 2243 Βρυεννίου
944 2158 1024 2222 κατύ
1048 2182 1136 2235 τινας
1159 2164 1301 2240 tapam

175 2255 233 2333 λύς
253 2253 340 2343 πυροὶ
362 2258 555 2342 προσδοκίαν
571 2263 792 2341 περιεγίνοντο.
813 2256 1008 2344 στρατιώτας
1030 2257 1091 2343 γάρ
1116 2258 1133 2323 o‘
1145 2262 1275 2345 Βρυέν-
1378 2302 1381 2315 ·

144 2367 146 2372 '
176 2382 240 2433 νιος
271 2360 460 2435 α’ποστείλας
488 2357 615 2444 είςτην
645 2360 700 2441 τῆς
725 2360 867 2437 Κυζίκου
898 2359 1096 2444 χερρόνησον
1128 2360 1183 2443 τῆς
1212 2361 1276 2425 uri-
1286 2360 1323 2428 λῖλ

175 2462 228 2542 τῆς
255 2463 315 2540 μὲν
345 2458 503 2544 ἐπιταγῆς
534 2462 680 2541 ἐπειρᾶτο
708 2457 782 2532 τούς
805 2458 979 2541 ἐγχωρίους
1002 2461 1201 2543 ποιήσασθαι
1222 2462 1279 2526 καί

176 2562 395 2647 δυσμοφορεῖν
424 2557 541 2635 αύτούς
571 2550 703 2644 ἤρξατο·
758 2562 868 2636 στόλος
901 2562 929 2623 δ’
956 2562 991 2624 ἐκ
1022 2563 1077 2646 τῆς
1110 2563 1275 2643 βασιλίδος

175 2658 366 2741 καταλαβών
385 2660 519 2735 τούτους
548 2665 805 2748 κατεπολέμησε,
829 2664 883 2724 και·
903 2660 1040 2737 πολλούς
1058 2664 1121 2727 τῶν
1143 2663 1178 2727 ἐκ
1199 2666 1275 2727 Κυ-

136 2808 139 2813 ’
247 2822 277 2904 ³2
297 2818 439 2891 η’ρέθισσν
456 2821 599 2890 interpres.
685 2819 753 2877 ὅττλ
861 2808 903 2874 112
924 2816 993 2879 αὐτὸ
1011 2816 1077 2884 τυύτ
1093 2822 1149 2880 ru?
1234 2796 1276 2879 ld.

185 2929 197 2948 ι
245 2893 293 2962 το]
313 2889 414 2947 adut?
1019 2893 1028 2901 “

177 3040 296 3094 nationis
315 3041 442 3111 insignia,
462 3056 554 3095 omnes
573 3040 650 3095 rimul
669 3040 816 3109 Byzantion
835 3041 868 3093 ad
886 3041 1000 3095 animum
1025 3044 1152 3096 maiorem
1178 3052 1205 3096 et
1229 3046 1274 3098 vi.

176 3114 278 3165 ctoriae
297 3126 369 3180 rpem
397 3114 561 3177 excitarunt,
587 3114 649 3181 quia
676 3115 754 3165 etiam
779 3114 924 3166 maritimae
948 3113 1027 3166 urbes
1052 3129 1144 3167 omnes
1170 3116 1274 3184 pediteu

175 3186 334 3237 Botaniatae
350 3184 451 3237 militer
469 3185 645 3237 advenientes
663 3184 781 3237 libenter
800 3194 979 3252 exceperunt,
998 3185 1122 3252 Pylarum
1150 3190 1274 3254 oppidum

181 3264 207 3307 et
220 3255 343 3307 Praeneti
364 3263 391 3306 et
408 3255 639 3320 ipeallicodemia,
659 3257 734 3307 cuius
754 3257 807 3308 dux
820 3263 881 3307 ante
895 3256 1020 3309 Nicaeum
1039 3258 1195 3310 Botaniatae
1215 3275 1275 3309 cum

176 3326 259 3377 multo
284 3325 383 3393 gaudio
409 3325 534 3378 obvenit:
560 3342 648 3395 neque
668 3328 802 3394 oppidum,
823 3328 892 3395 qnod
919 3336 959 3379 est
985 3329 1014 3378 in
1040 3329 1201 3393 llullniania,
1227 3330 1277 3379 lir.

176 3397 319 3450 nriaaimum
340 3404 367 3448 et
384 3398 497 3449 maxime
517 3397 700 3467 impugnabile
720 3407 747 3450 et
768 3414 797 3450 οε
816 3398 995 3466 megalopolis
1013 3401 1143 3451 rationem
1155 3398 1277 3453 llichae.

177 3466 362 3532 dehabebat,
392 3469 455 3537 quia
475 3484 560 3536 prope
578 3469 669 3521 urbem
691 3477 718 3520 et
740 3470 764 3519 ei
786 3471 956 3523 coniunctum
976 3479 1047 3522 erat:
1079 3470 1126 3522 aed
1150 3477 1179 3521 et
1193 3470 1276 3537 'ipaor

176 3540 279 3607 pediter
301 3540 358 3591 eiua
376 3538 476 3592 militer
495 3541 566 3593 intua
584 3542 697 3608 recepit.
723 3550 803 3610 atque
823 3556 1001 3609 perpaucum
1021 3549 1048 3593 et
1065 3542 1149 3594 breve
1173 3549 1277 3609 tempus

177 3611 265 3662 omnia
285 3611 342 3661 eiua
361 3612 444 3678 partia
463 3610 572 3678 impleta
590 3620 660 3677 aunt,
681 3613 758 3665 etad
778 3630 836 3665 enm
854 3616 940 3666 omnia
953 3621 1026 3665 aetas
1047 3622 1074 3665 et
1086 3620 1180 3665 natura
1201 3622 1277 3665 tran.

176 3679 262 3733 aibat:
281 3682 319 3732 ita
337 3682 428 3733 divina
447 3682 576 3751 quaedam
595 3684 636 3734 vla
655 3699 748 3737 omnes
768 3685 906 3751 premebat
924 3693 951 3737 et
970 3683 1137 3736 conducebat
1154 3686 1186 3736 ad
1204 3685 1277 3751 regia

175 3752 311 3804 venientia
339 3753 572 3805 coniunctionem:
602 3756 814 3824 quandoquidem
848 3759 927 3808 etiam
952 3758 998 3825 qni
1024 3758 1096 3809 circa
1122 3763 1278 3823 regnantem

177 3820 337 3877 lliohuelem
360 3831 453 3889 erant,
480 3840 515 3876 ex
540 3839 591 3892 quo
610 3824 766 3877 Botaniatae
789 3828 889 3879 militer
913 3828 1005 3880 urbem
1035 3834 1233 3895 conspexerunt
1252 3833 1279 3876 et

175 3893 224 3947 illo
236 3893 472 3961 appropinquavit,
491 3895 609 3962 Bryeuni
628 3895 728 3948 milites
747 3897 901 3965 quibusdam
921 3898 1034 3965 proeliir
1053 3906 1160 3966 praeter
1179 3912 1279 3964 exape-

176 3967 320 4017 ctationom
338 3965 514 4031 superabantt
532 3966 632 4018 militer
652 3968 722 4018 enim
732 3968 882 4033 Bryenniua
901 3971 1009 4023 mittens
1027 3971 1055 4022 in
1067 3969 1160 4035 Cynici
1180 3969 1279 4035 penin-

178 4034 260 4086 sulam
280 4036 307 4087 in
330 4037 441 4088 eandem
459 4037 586 4087 ditionem
606 4037 729 4089 studebat
746 4038 849 4091 incolas
869 4041 992 4107 redigere
1015 4049 1042 4092 et
1055 4039 1202 4107 vectigalia
1218 4038 1279 4089 exi-

178 4118 245 4171 gere
265 4106 351 4158 abiis
372 4107 477 4174 coepit:
496 4105 591 4158 clareia
610 4115 697 4160 autem
717 4124 751 4161 ex
770 4109 837 4161 urbe
855 4111 1001 4164 adveniens
1020 4111 1069 4163 hoa
1088 4109 1235 4162 debellavit
1253 4115 1282 4159 et

181 4172 280 4231 nullm
298 4174 449 4243 cyzicenos
467 4176 590 4233 referens
609 4179 714 4245 privata
732 4188 783 4256 ‘eat
801 4179 843 4245 luia
868 4182 901 4235 ad
920 4181 982 4236 lituu
1000 4196 1016 4236 a
1031 4182 1190 4237 Botaniatae
1207 4177 1284 4234 mili.
