2875 4734
214 282 287 355 ιτο
499 243 729 353 κιοολοοιο
750 280 1011 353 immromu

209 446 515 533 vindemiatoriam
551 447 783 527 ε’κπέμποαοιν·
837 441 872 521 ὃς
905 446 959 509 καί
981 436 1101 520 ’άλλαας
1122 448 1186 513 τῶν
1207 450 1312 531 iuop-

208 550 299 634 χιοάν
328 546 573 630 συλλεξάμενος,
595 543 651 621 οὓς
682 549 718 612 δὲ
743 547 797 612 καί
826 542 879 610 διά
908 544 1105 630 γραμμάτων
1136 550 1312 627 βασιλικῶν

209 646 314 736 incepi
344 647 602 732 συστησάμενος,
621 645 726 731 άδράν
748 670 819 712 τινα
850 646 985 728 δύναμιν
1007 644 1094 723 ἔδοξε
1116 654 1310 733 σονοιγηοχέ·

209 753 281 833 νἀι,
310 748 366 815 καί
385 750 517 833 πλησίοι
538 751 596 813 sod
616 752 838 833 κρησφνγέτοα
861 751 918 830 τῆς
938 747 1071 825 Δοκειάς
1094 747 1151 816 τόν
1181 747 1310 833 χάρακα

209 848 311 917 ἔθετο.
332 848 575 969 ηιροσερρέησαν
595 852 630 913 δέ
648 851 695 935 τῷ
707 851 841 936 Διογένη
866 850 927 913 τάν
942 845 1098 968 Φράγγων
1122 846 1151 916 οἱ
1174 854 1349 938 πλειονς,5

209 942 285 1015 κάν
289 947 405 1018 τούτου
423 947 511 1032 ἔχειν
529 972 564 1014 το
584 949 719 1032 ἰσχυράν
742 945 963 1032 προσεδόκα.
975 946 1076 1015 ἔκτοτε
1099 943 1157 1023 oda
1177 953 1311 1033 uaporis·

209 1055 265 1117 ιιαέ
283 1052 386 1135 μάχαι
406 1058 472 1125 τοῖς
499 1052 610 1135 μέρεσι
632 1048 876 1134 διερρηγννντο·
924 1052 1061 1132 ου’δεμιά
1086 1052 1114 1115 δ’
1142 1050 1335 1134 ον’τοτελης

202 1143 267 1277 ’την
287 1149 456 1236 deuote*
435 1175 567 1236 εκρινε,
587 1154 835 1232 συναπτομένων
859 1152 1007 1236 ἀλληλοις
1028 1176 1084 1217 κατ
1086 1142 1236 1236 ἀνδρας
1258 1155 1312 1217 κατ’

208 1245 305 1329 ανθις
339 1252 624 1334 ἀπαλλαττομένων
653 1254 716 1315 τῶν
739 1253 913 1318 άντιθέτων
945 1277 1155 1337 στρατιωτοιν.
1209 1251 1252 1329 ὥς
1273 1254 1308 1317 dt

208 1352 347 1429 πολλοές
365 1356 429 1418 τῶν
439 1348 700 1419 Καππαδοκῶν
683 1376 700 1415 o
716 1350 868 1433 βασιλεές
890 1350 1074 1437 κηραγμασέ
1082 1377 1115 1419 τε
1130 1359 1185 1419 καὶ
1203 1350 1352 1437 γρέμ-λθ

208 1478 291 1538 μασι
311 1458 546 1538 μετεπέμψατο,
571 1442 616 1519 οἷν
638 1450 719 1537 η’ρχε
744 1450 911 1537 Θεόδωρος
932 1453 1086 1538 πρόεδρος
1108 1454 1125 1518 ὅ
1145 1452 1309 1537 Ἀλυάτης,

210 1552 291 1638 άνηρ
317 1558 427 1638 γένους
456 1557 633 1641 ἐπιφανοῦς
666 1551 705 1617 τά
729 1550 881 1635 πολεμικά
912 1554 967 1619 καέ
992 1557 1153 1640 θεαθῆναι
1174 1560 1309 1636 θαυμα-

210 1652 373 1735 σιώτατος,
391 1658 521 1736 μεγέθει
551 1646 705 1741 κατ’-ὄγκῳ
727 1656 792 1741 ταῖν
821 1656 944 1719 πολλῶν
975 1657 1138 1741 διαφέρων
1166 1652 1220 1720 καέ
1239 1654 1309 1721 ἱκα-

208 1758 270 1830 νοῖς
291 1752 326 1818 ἐν
346 1761 472 1831 πολλοῖς
492 1756 776 1839 στρατευσάμενος,
803 1752 909 1835 ἔδοξεν
933 1756 950 1818 ὁ
972 1761 1123 1842 Διογένης
1145 1754 1223 1821 noir}
1246 1758 1308 1821 ruis

209 1856 357 1921 ε’ναντέοον
377 1857 535 1939 προέχειν,
557 1855 611 1920 καί
631 1852 713 1937 ταχά
735 1858 792 1920 τοῦ
812 1856 866 1939 τῆς
885 1860 1019 1931 Δοκειάς
1046 1850 1128 1939 ἄρας
1149 1860 1308 1941 φρονριλνν
1319 1876 1351 1929 15

198 1953 289 2040 πρὸς
317 1954 467 2040 τὴντῶν
489 1957 715 2022 Καππαδοκῶν
744 1948 899 2041 ἤλαυνεν,
931 1959 964 2034 ἐξ
986 1947 1023 2040 ἧς
1044 1981 1102 2039 περ
1132 1955 1228 2031 αὐτὸς
1249 1956 1308 2039 τὴν

208 2060 331 2141 γένεσιν
356 2054 497 2142 ἔσχηκεν.
553 2052 625 2122 ἀλλ’
654 2055 684 2122 οἱ
705 2060 761 2140 τῆς
782 2062 897 2143 μοι’ρας
930 2062 986 2123 τοῦ
1008 2058 1066 2141 τήν
1085 2058 1251 2141 βασιλείαν
1276 2057 1309 2121 έν

210 2155 545 2223 Κανσταντινοοπόλει
564 2159 768 2242 κατέχοντος,
791 2156 877 2243 παρά
901 2157 994 2237 δόξαν
1012 2155 1195 2245 προσθήκην
1214 2154 1309 2243 δεξάι-

207 2282 298 2342 μενοι
321 2256 398 2323 κατά
422 2284 480 2343 την
499 2257 595 2325 νάκτα
617 2261 747 2345 έκειᾞνην
770 2259 808 2323 οὔ
830 2259 910 2325 πολὺ
934 2258 967 2325 sd
991 2258 1117 2325 ἔλαττον
1131 2261 1308 2341 α’πενέγκα-

206 2362 289 2425 σθαι
310 2358 530 2441 διεγνώκεοαν
573 2363 725 2442 κατέλαβε
745 2360 805 2447 γάρ
827 2358 947 2436 αυτοάς
964 2354 1072 2440 μεθ’ι
1047 2362 1174 2444 ετέροον
1198 2360 1231 2423 έκ
1252 2383 1307 2440 της
1316 2383 1353 2439 20

207 2460 371 2543 βασιλίδος
401 2444 592 2535 ἀποσταλεὶς
618 2458 799 2587 σάρὶμαχος
820 2456 836 2523 ἆ
862 2461 1043 2544 Φράγγος’
1028 2469 1145 2535 εκεινος
1168 2463 1308 2543 Κρισπῒμ

207 2582 259 2636 νος
283 2584 319 2625 ον
348 2583 366 2623 o
390 2563 542 2644 Διογένης
570 2564 630 2643 μὲν
657 2563 705 2626 ἐπ’
734 2564 850 2638 αἰτίαις
880 2554 1075 2637 οἷποστασίας
1107 2559 1252 2626 narside
1274 2561 1309 2623 έν

209 2662 266 2745 τῆς
286 2659 477 2744 στρατιαῖς(
457 2657 627 2746 νπιράριον
654 2662 700 2739 εἰς
712 2656 854 2745 Alisios
878 2665 1067 2748 έιιοιὴσατο,
1088 2660 1106 2724 ὅ
1126 2664 1155 2725 d’
1176 2662 1308 2744 άντιβα·

211 2817 214 2822 ·
282 2795 324 2850 10.
344 2799 402 2854 seir
422 2804 603 2871 στρατιωτῶν
620 2800 830 2858 Καππαδοκῶν
851 2800 880 2855 G.

206 2919 291 2972 nitate
306 2920 456 2987 praesidem
472 2936 608 2988 summum,
628 2930 802 2990 suppetentcs
817 2922 915 2975 milites
929 2924 954 2974 ei
964 2922 1078 2987 tradunt,
1091 2921 1255 2975 etoeloriter
1275 2938 1307 2975 ex

206 2991 274 3044 urbe
287 2992 424 3044 emittunt:
443 2993 488 3061 qui
499 2994 605 3061 quidem
615 3002 755 3062 postquam
771 3003 798 3046 et
807 2993 875 3047 alios
886 2995 1084 3062 provinciarum
1098 2993 1219 3062 collegit,
1239 2993 1307 3046 alios

207 3064 286 3115 etiam
304 3063 402 3130 litteris
419 3066 503 3132 regiis
524 3064 575 3117 sibi
590 3067 750 3134 composuit,
766 3066 872 3133 plenam
883 3065 933 3119 sibi
946 3082 1050 3118 manum
1069 3067 1143 3117 risus
1154 3073 1194 3118 est
1204 3066 1307 3117 condu.
1346 3114 1349 3117 .

204 3138 278 3188 nisse
290 3144 318 3187 et
330 3150 414 3202 prope
426 3135 543 3188 latebras
562 3136 683 3189 Dolreiae
704 3147 790 3189 castra
803 3140 900 3205 posuit.
915 3138 1075 3189 affluxerunt
1085 3145 1172 3188 autem
1186 3135 1307 3204 Augusto

204 3207 368 3260 Francorum
391 3206 497 3274 plurimi
517 3216 596 3276 atque
617 3226 649 3260 ex
670 3210 711 3261 his
730 3226 760 3260 se
780 3209 929 3261 habiturum
947 3210 1107 3276 praesidium
1127 3207 1307 3274 exspectabat·

7 3298 10 3306 ·
75 3322 78 3326 .
158 3338 160 3342 ¹
204 3278 268 3330 inde
286 3278 368 3346 igitur
387 3293 494 3347 pugnae
508 3280 675 3333 intermissae
692 3283 764 3331 inter
777 3288 867 3347 partes
878 3280 1116 3347 disrumpebantur,
1133 3278 1207 3331 nulla
1220 3286 1307 3330 autem

204 3364 254 3417 per
270 3364 299 3401 se
311 3350 385 3400 linita
396 3358 521 3402 eventum
531 3351 700 3416 decernebat,
715 3366 774 3403 cum
793 3353 892 3404 viritim
908 3355 1020 3404 interae
1034 3352 1262 3419 congrederentur
1281 3356 1309 3400 st

203 3436 296 3473 rursus
315 3421 485 3473 discederent
503 3425 620 3491 oppositi
640 3422 748 3476 milites.
770 3439 828 3474 cum
847 3432 934 3475 autem
951 3424 1049 3475 multos
1067 3423 1179 3474 militum
1199 3421 1306 3487 Cappa-

205 3494 298 3545 docum
324 3508 372 3544 rex
400 3496 500 3547 nuntiis
527 3504 554 3546 et
571 3494 668 3546 litteris
688 3504 854 3559 arcesseret,
875 3494 969 3563 quibus
987 3494 1135 3563 imperabat
1152 3493 1306 3545 Theodorus

204 3580 314 3631 praeses
327 3563 450 3631 Alyates,
472 3568 515 3617 vir
533 3566 604 3634 quod
622 3581 666 3617 res
685 3566 798 3618 bellicas
813 3568 908 3618 attinet
922 3582 955 3617 ex
973 3566 1074 3635 genere
1093 3565 1191 3617 illustri
1211 3573 1237 3614 et
1257 3563 1305 3613 ad-

204 3644 298 3702 spectu
311 3635 391 3687 valde
404 3637 567 3689 admirabilis
569 3638 770 3706 ‚magnitudine
785 3646 811 3689 et
823 3640 981 3690 auctoritate
997 3638 1165 3689 multitudini
1169 3642 1305 3703 praestans

205 3715 234 3757 et
257 3707 322 3757 satis
350 3708 377 3757 in
403 3708 492 3761 multis
519 3708 733 3776 expeditionibus
760 3716 904 3776 spectatus,
932 3710 1067 3777 Augustus
1094 3708 1145 3759 sibi
1170 3708 1243 3760 visus
1266 3712 1307 3756 est

203 3775 315 3827 multum
334 3777 455 3829 hostibus
483 3788 637 3846 praestare:
657 3789 742 3865 atque
770 3780 897 3833 celeriter
916 3796 949 3832 ex
974 3780 1087 3832 castello
1110 3779 1217 3831 lloceae
1236 3791 1305 3861 pro-

205 3848 292 3899 iectus
314 3848 351 3903 ad
371 3848 557 3915 Cappadocum
586 3851 754 3918 provinciam
784 3854 836 3904 iter
855 3852 937 3915 iecit,
966 3868 999 3903 cx
1026 3868 1078 3919 qua
1095 3852 1155 3918 ipse
1173 3850 1305 3916 originem

203 3920 288 3970 duxit.
330 3918 378 3968 sed
404 3922 451 3985 qui
484 3937 499 3970 a
523 3931 599 4005 parte
626 3938 739 3990 regnum
768 3922 1000 3993 Constantinopoli
1030 3922 1175 3973 obtinentis
1202 3918 1307 3971 stabant

202 3997 312 4057 praeter
335 4004 409 4055 spem
432 3994 614 4045 accessionem
645 3996 809 4078 accipientes
836 3994 883 4046 illa
908 4002 989 4045 nocte
1013 4009 1067 4044 nou
1094 3994 1132 4044 ita
1159 3998 1307 4043 statuerant

202 4060 347 4114 inieriores
373 4060 521 4114 discedere.
566 4068 697 4117 convenit
716 4068 786 4117 euim
813 4080 859 4118 eos
887 4080 945 4117 cum
974 4064 1034 4116 aliis
1064 4080 1098 4115 ex
1116 4065 1193 4133 regia
1210 4062 1306 4113 missus

202 4133 293 4185 socius
314 4132 430 4187 Francus
448 4132 497 4185 ille
515 4133 665 4203 crispinus,
685 4152 764 4207 quem
790 4138 927 4205 Augustus
951 4138 1059 4188 nomine
1076 4134 1236 4189 deiectionis
1257 4148 1307 4184 ex.

203 4204 290 4256 ercitu
313 4220 412 4260 exuens
442 4206 564 4262 exsulem
588 4208 710 4278 Abydum
735 4210 859 4273 miserat3
888 4224 965 4278 quem
989 4216 1077 4261 tamen
1103 4208 1149 4275 qui
1169 4212 1263 4273 postea
1282 4205 1308 4257 ei
