2875 4734
592 254 801 358 rumara.
1170 280 1242 357 τοο

141 455 298 535 μίζουσιν,
321 453 357 517 έν
374 452 418 538 τῷ
435 454 494 517 τοῦ
506 456 770 537 χρυσοτρικλίνου
792 454 943 541 βασιλείῳ
956 450 1059 539 θρόνῳ
1082 448 1243 533 καθιδρό-
1335 478 1338 483 ·

144 552 383 631 σαντεςιαότόν,
404 556 460 619 καί
482 550 539 638 τήν
562 552 668 639 σ’ρχήν
690 557 903 638 ἐγχειρίζουσι
922 550 1105 637 μόναρχον·
1131 547 1187 635 τήν
1209 573 1243 615 τε

144 658 315 719 δέσποιναν
334 657 390 720 καί
406 656 527 741 μήτέρα
560 654 674 720 τοότου
697 657 891 739 καθαιροῦσι
911 651 1002 735 ’μετὰ
1025 652 1170 737 σφοδρᾶς
1188 651 1243 735 τής

143 752 312 842 όπιῳορᾶςρ
331 748 402 821 εἶτα
417 755 471 821 καί
488 756 585 846 πλοίῳ
597 756 795 841 παραδόντες
815 752 983 841 ὑπερόριον
1002 753 1143 817 τίθενται
1165 746 1244 815 κατό

117 850 198 927 5τόν
217 851 297 919 ἓοόον
321 853 488 942 πορθμόν,
517 843 553 921 όν
575 856 690 923 Στενόν
716 853 746 920 οἱ
766 862 892 921 πολῖται
915 848 1185 934 κατονομόζουσιν
1211 852 1245 913 έκ

143 958 199 1038 τής
221 955 352 1038 θέσεως,
374 958 654 1043 ε’γκυταστήσαντες
675 955 793 1043 ταύτην
813 958 855 1046 τῷ
879 964 953 1042 παρ’
974 949 1072 1038 υότής
1094 948 1244 1018 συστάντι

145 1060 379 1146 ῳροντιστηρίῳ
399 1058 454 1123 καί
473 1065 629 1149 λεγομένῳ
645 1062 846 1146 Πιπεροόόή,
866 1059 1141 1144 μελαμῳοροόσαν
1162 1056 1244 1120 ε’πα-
1302 1062 1305 1081 “

145 1158 349 1236 ποδιίξαντες
369 1156 425 1222 καί
444 1163 637 1244 κεκαρμένην
657 1158 713 1237 τός
733 1164 856 1247 τρίχας,
878 1163 933 1226 καί
961 1162 1005 1249 τῷ
1026 1157 1160 1242 τάγματι
1181 1156 1251 1221 τεόν

143 1258 354 1338 μοναζουσολν
379 1256 637 1338 καταζεύξαντες.

102 1380 138 1432 10
240 1355 276 1421 ‘O
297 1359 328 1422 d’
355 1351 585 1445 οίνΔιογένής
606 1364 703 1443 μέχρι
732 1367 790 1427 τοῦ
818 1367 959 1444 θέματος
992 1365 1053 1426 τῶν
1071 1362 1274 1443 Ἀρμενια-ί.
1292 1375 1382 1430 2021.

146 1458 209 1519 κοόν
230 1455 359 1539 προϊών,
382 1460 451 1524 ε’πεί
474 1458 605 1547 τὸκατ’
627 1461 727 1527 αυτόν
758 1461 1017 1549 ε’πλήροῳορήθή,
1039 1464 1094 1524 καί
1114 1459 1244 1535 nicandr

147 1555 289 1633 πολίταις
311 1561 366 1623 καί
384 1568 448 1634 τοῖς
470 1556 652 1644 ἀνακτόροις
672 1563 937 1646 ἐπικεκήρυκται,
959 1555 1116 1648 φρυόριόν
1138 1583 1168 1626 τι
1188 1585 1244 1627 και

147 1657 274 1739 τασχοόν
286 1657 423 1727 Δόκειαν
443 1663 732 1744 κατονομαζόμενον
746 1667 844 1729 ίκεῖσε
860 1659 1243 1745 κατεστρατοπεδεύσατο.

146 1756 162 1821 ό
192 1761 229 1823 δὲ
256 1763 387 1843 Καῖσαρ
424 1759 480 1823 καί
512 1758 530 1824 ό
554 1758 592 1825 τό
625 1766 768 1847 σκήπτρα
790 1766 858 1829 νέον
887 1760 1099 1847 ἐγχειρισθεὶς
1129 1759 1244 1825 τούτου

104 1885 137 1938 15
147 1856 288 1941 α’νεψιός,
312 1860 392 1941 μετὰ
415 1857 450 1923 τό
466 1859 576 1926 πιόντα
591 1860 630 1938 τό
650 1862 728 1927 κατὰ
742 1862 809 1944 τήν
828 1863 1063 1946 βασιλεύουσαν
1085 1863 1244 1926 διαθεῖναι

147 1956 225 2023 κατὰ
248 1956 283 2024 τό
306 1964 556 2043 βεβουλευμένον
584 1954 712 2046 αὐτοῖς,
735 1964 790 2029 καί
814 1961 889 2038 τοός
916 1965 975 2044 μὲν
997 1965 1052 2047 τής
1072 1961 1245 2046 συγκλήτου

145 2062 264 2142 βουλῆς
285 2062 515 2139 οἰκειώσασθαι
530 2066 584 2127 καί
603 2067 697 2147 τιμοῖν
711 2063 826 2141 αόεοός
849 2066 1141 2149 προνατόρξσσθαι,
1166 2061 1245 2146 πρός

149 2161 184 2224 δέ
205 2159 279 2238 τοός
299 2167 351 2247 τής
374 2164 492 2248 α’γοροῖς
514 2163 553 2227 τό
578 2165 700 2249 συνήθη
726 2169 946 2252 όήμήγορήσαι
972 2163 1027 2230 καί
1046 2164 1090 2241 αός
1109 2163 1166 2248 τήν
1181 2188 1246 2227 πα-

145 2262 249 2349 τρρόαν
270 2266 436 2345 βασιλείαν
450 2264 552 2352 ψήφῳ
567 2268 647 2329 θεοῦ
668 2267 712 2341 είς
728 2263 845 2331 ἔαυτόν
866 2265 1064 2349 ἀνεκτήσατο,
1087 2253 1142 2328 καί
1164 2261 1247 2327 dno-

102 2364 276 2445 χρσχέσισι
299 2359 540 2448 φιλανθροόποις
563 2364 733 2444 εόέλπιόας
753 2366 882 2441 τούτους
905 2363 1126 2451 ποιήσασθαι,
1147 2389 1248 2449 στρα-

146 2460 221 2527 τιοὶν
242 2466 370 2546 πέμψαι
392 2463 473 2531 κατὰ
494 2470 551 2532 τοῦ
571 2471 741 2551 Διογένους
771 2466 955 2550 ε’σκέψαντο.
998 2464 1054 2530 καί
1072 2470 1247 2552 στρατηγόν

148 2562 367 2650 αότοκροίτορσ
401 2568 678 2653 προχειρισάμενοι
711 2570 773 2633 τῶν
802 2570 861 2633 τοῦ
883 2570 1051 2651 Καίσαρος
1078 2562 1156 2631 υόιόν
1177 2564 1245 2648 ἕνα,

150 2666 388 2731 Κωνσιαντϊνον
408 2665 541 2749 ὀνόματι
547 2716 559 2746 ,
580 2668 615 2732 τό
640 2669 765 2752 ἀξίωμα
785 2668 1064 2754 πρωτοπρόεόρον,
1085 2666 1160 2744 τοός
1183 2692 1247 2733 πα-

150 2765 348 2858 ρατυχόντες
371 2772 659 2856 τοόνιστρατιατιόν
681 2772 768 2859 αὐτῷ
799 2769 1025 2857 ἐγχειρίζουσι,
1048 2775 1104 2839 καί
1124 2774 1247 2855 ταχέας

219 2920 246 2971 2.
265 2933 299 2970 au
317 2912 367 2987 τ’ήν
388 2918 440 2974 dd?
510 3000 515 3017 ι

149 3057 242 3121 lilium,
262 3074 339 3127 quem
360 3074 392 3128 ex
399 3060 480 3112 Ducis
500 3060 689 3112 coniunctione
706 3065 846 3127 genuerat,
864 3060 1051 3124 imperatorem
1070 3066 1098 3109 et
1116 3057 1247 3110 domiuum

149 3132 311 3194 renuntiant,
330 3132 359 3183 in
377 3133 452 3183 aurei
471 3131 583 3181 triclinii
600 3132 683 3199 ‚regio
703 3130 773 3182 solio
794 3129 960 3182 collocantes
984 3144 1043 3181 eum
1063 3136 1092 3180 et·
1107 3128 1247 3195 imperium

150 3203 175 3252 ei
194 3203 299 3253 tradunt
316 3204 432 3264 unicum,
454 3208 480 3249 et
499 3201 630 3251 dominam
655 3210 819 3268 matremque
839 3202 896 3253 eius
916 3200 1045 3252 deiiciunt
1064 3201 1167 3269 ingenti
1187 3216 1245 3252 eum

148 3275 263 3338 impetur
283 3273 379 3324 deinde
400 3270 479 3321 etiam
503 3273 567 3324 navi
584 3272 705 3323 traditam
726 3272 845 3325 exsulem
871 3273 959 3324 ierunt
988 3271 1021 3324 ad
1040 3272 1171 3325 orientale
1189 3272 1248 3325 ire.

148 3353 203 3394 tum
229 3344 314 3413 (quod
337 3348 477 3409 angustum
502 3344 577 3395 cives
596 3352 695 3395 vocant
713 3360 747 3396 ex
765 3345 851 3413 situ),
880 3344 1066 3397 includendam
1087 3346 1247 3397 monasterio

148 3415 182 3466 ab
202 3431 233 3466 ea
252 3415 358 3466 condito
379 3420 406 3463 et
425 3420 521 3465 vocato
541 3414 681 3482 l’iperude‚
707 3416 827 3469 vestibus
846 3417 930 3485 nigris
949 3417 1064 3469 indutum
1085 3424 1112 3467 et
1131 3415 1247 3467 crinibus

148 3488 234 3537 tonsis
253 3484 339 3535 ordini
357 3483 545 3537 monacharum
563 3487 731 3554 adscriptam.

247 3555 383 3623 Augustus
400 3556 490 3623 igitur
517 3574 602 3626 usque
628 3560 661 3610 ad
682 3562 848 3627 provinciam
872 3560 1056 3612 Armeniacum
1081 3570 1248 3624 progressus,

148 3634 290 3696 postquam
314 3642 383 3695 quae
409 3628 442 3679 ad
468 3644 527 3680 eum
554 3631 723 3696 pertinebant
742 3632 889 3698 comperit,
909 3630 1087 3696 proscriptum
1105 3642 1135 3680 se
1155 3642 1248 3679 essea

149 3697 254 3751 civibus
281 3707 307 3750 et
330 3699 450 3771 palatio,
479 3701 591 3753 castello
610 3710 704 3769 capto,
735 3703 805 3770 quod
824 3702 939 3755 Dosceia
964 3704 1084 3764 vocatur,
1105 3698 1143 3750 ihi
1163 3707 1248 3752 cestra

147 3770 247 3839 posuit.
295 3771 393 3825 Caesar
418 3778 507 3823 aulem
533 3781 577 3835 et,
604 3773 647 3823 cui
666 3782 799 3839 sceptrum
824 3787 909 3838 nuper
937 3771 1060 3824 traditum
1085 3778 1150 3834 erat,
1171 3770 1248 3823 liuius

148 3843 236 3895 ailiuis
247 3852 395 3912 postquam,
417 3858 485 3911 quae
504 3845 646 3896 constituta
666 3853 740 3896 eraut
759 3845 786 3895 iu
805 3845 924 3911 reginam
938 3843 1135 3911 disposuerunt,
1156 3851 1183 3893 et
1201 3858 1247 3893 se-

147 3922 256 3968 natores
275 3916 326 3968 sili
345 3915 523 3977 conciliarunt
539 3915 710 3968 ethonorare
731 3929 777 3983 eos
798 3921 954 3982 coeperunt,
975 3917 1003 3967 in
1022 3914 1081 3966 soro
1100 3923 1188 3966 autem
1204 3930 1247 3965 res

149 3996 291 4040 consuetas
309 3987 392 4039 locuti
412 3994 486 4051 suut,
513 3996 539 4038 et
558 3988 689 4054 quomodo
712 4002 825 4054 regnum
843 3994 981 4054 paternum
1001 4002 1035 4037 ex
1053 3985 1185 4040 sententia
1203 3984 1246 4035 dei

148 4058 200 4112 sibi
218 4059 437 4123 reconciliasset,
464 4065 491 4109 et
503 4066 647 4127 ,postquam
670 4059 807 4126 promissis
833 4058 953 4110 humanis
971 4059 1041 4109 bona
1060 4057 1108 4107 hos
1127 4056 1245 4120 spelm.

150 4129 301 4198 pleverunt‚
323 4134 468 4183 exercitum
486 4131 592 4183 mittere
612 4139 705 4183 contra
722 4130 870 4198 Augustum
894 4136 1051 4183 statuerunt.
1089 4134 1168 4195 atque
1186 4142 1244 4178 cum

150 4202 243 4257 οσοοιιι
262 4220 390 4259 summum
408 4203 530 4257 Caesaris
549 4202 666 4256 liliorum
691 4219 771 4257 uuum
790 4211 935 4268 creassent,
956 4199 1164 4264 Constantinum,
1183 4199 1244 4268 dip-
