2875 4734
591 222 802 322 mmcnm
1178 249 1250 326 toa

145 423 252 498 θέσεις
273 425 307 488 έν
325 420 459 506 κρίσεσι,
482 419 605 497 πάντας
629 417 669 487 ἀν
690 424 748 486 οάκ
768 419 801 501 έξ
823 425 920 508 ἀνοής
940 424 1008 488 ἀλλ’
1030 426 1250 501 ε’ξαάτοπτίας

119 532 123 537 ’
143 521 182 589 τά
207 525 342 606 καθεξῆς
367 520 553 607 παραδώσει
577 521 632 588 διὰ
650 528 779 609 γραφής
800 531 864 598 τοῖς
885 527 1064 605 μετέπειτα.

244 617 322 706 Εἶχε
339 625 400 703 μὲν
423 612 478 686 οὖν
498 626 632 704 βασιλέα
648 623 666 708 ή
683 620 744 688 τοῖν
763 628 915 690 Βιθυνῶν
930 626 1083 708 έπαρχία,
1106 629 1161 690 καί
1179 630 1249 708 μετ’

53 739 78 761 ’“
146 723 250 808 ου’τήν
274 725 418 808 Φρυγία,
448 721 481 786 τὸ
505 727 591 804 θέμα
624 729 704 807 λέγω
729 724 1019 789 τῶνιάνατολικιόν.
1074 726 1129 790 καί
1150 725 1250 810 συνή-

117 837 234 908 5γοντο
270 826 304 888 ἐκ
341 822 564 907 διαταγμάτων
601 825 903 910 προσφοιτήσάντων
934 823 964 889 ot
988 828 1052 889 τῶν
1079 825 1250 910 ταγμάτων

144 923 347 1007 ἐξάρχοντες,
382 927 437 988 καί
459 917 528 988 ὅσοι
551 925 607 1008 τήν
639 928 727 1004 τάξιν
750 927 948 1008 ἀνεπλήρουν
969 922 1103 992 ἑκάστου
1127 927 1250 1011 τάγμα-

143 1047 204 1098 τος.
247 1027 303 1087 καί
325 1017 362 1108 ήν
381 1028 461 1090 ἰδεῖν
481 1025 553 1101 τούς
575 1025 762 1109 διαβοήτους
795 1026 912 1108 λόχους
933 1029 966 1104 ἐξ
988 1027 1104 1112 ἀλέγων
1124 1052 1251 1110 συγκει.

142 1125 259 1226 μένους
280 1126 425 1209 ἀνδρῶν,
449 1130 503 1189 καί
520 1127 647 1205 τούτωνΙ
667 1125 911 1212 συγκεκυρότων
934 1130 974 1215 τῇ
997 1132 1088 1214 πενίρ
1110 1128 1166 1192 καί
1184 1154 1250 1193 πα-

143 1229 274 1299 νοπλιάς
296 1229 513 1309 ἐστερημέναι
535 1228 591 1290 καί
612 1230 710 1291 ἵππου
736 1233 925 1312 πολεμικῆς·
970 1230 1005 1292 ἐκ
1025 1229 1165 1303 πλείονος
1186 1227 1249 1311 γάρ

98 1323 420 1409 λοπαραμελήθέντες
441 1319 497 1390 ἅτε
515 1330 599 1412 μηδὲ
618 1333 777 1409 βασιλέως
797 1333 1077 1409 στρατευσαμένου
1095 1326 1149 1391 διά
1170 1335 1249 1392 πολ-

142 1427 207 1489 λῶν
231 1422 383 1490 ἐνιαυτῶν
406 1427 480 1512 περί
499 1427 555 1512 τήν
576 1425 670 1510 ἐάαν,
705 1433 761 1492 καί
781 1430 832 1492 τὸν
854 1428 1079 1514 ἀφωρισμένον
1098 1427 1246 1509 ὀψωνια-

142 1524 222 1605 σμὸν
242 1524 286 1609 μή
313 1529 534 1614 ἀπειληφότες,
559 1528 714 1595 καὶκατὰ
736 1528 850 1613 μικρὸν
871 1530 937 1605 τοῖς
960 1531 1111 1604 ἐναντίοις
1132 1531 1166 1592 έκ
1188 1533 1244 1614 τῆς
1312 1575 1320 1588 -

142 1618 427 1709 ἀπαρασκευάστου
461 1636 636 1716 προσβολῆς
669 1635 724 1695 καί
748 1633 872 1712 λυπρᾶς
897 1632 1168 1710 καταβαλλόμενοι
1192 1632 1249 1694 καί

141 1725 335 1808 τρεπόμενοι,
360 1724 461 1806 οὕτως
479 1734 526 1806 εἰς
540 1733 674 1816 ἐσχάτην
694 1736 913 1813 ταλαιπωρίαν
933 1736 1156 1807 συνελαθέντες
1178 1733 1246 1795 δει-

96 1835 130 1886 15
141 1826 191 1891 λεί
211 1833 266 1892 καί
288 1829 454 1906 ἀνάλκιδες
476 1830 532 1896 καί
552 1832 631 1915 πρὸς
646 1835 738 1896 οὐδέν
758 1841 900 1915 γενναῖον
914 1831 1165 1916 χρησιμεάοντες
1185 1854 1245 1894 κα-

140 1928 334 2014 τεφαίνοντο.
389 1931 431 2006 uic
461 1935 496 1998 δὲ
516 1938 574 1998 καί
594 1931 699 2009 αάτάς.
731 1937 788 2009 τάς
811 1934 952 2016 σημαίας
971 1933 1146 2020 μονονουχὶ
1165 1956 1244 1997 σιω-

139 2032 246 2113 πηροῖς
269 2030 534 2117 ἀποφθέγγεσθαι
555 2036 674 2114 ταῦτα,
696 2031 833 2117 πιναράς
856 2029 1019 2114 δρωμένας
1045 2026 1150 2117 ὥσπερ
1172 2030 1242 2118 ,ἀπό

91 2157 98 2164 ·
139 2132 261 2193 καπνοῦ
281 2135 336 2195 καί
357 2133 498 2208 ἀπαδοάς
520 2136 734 2218 έρεπομένοος
766 2130 903 2216 έχοάσας
929 2127 1168 2218 εὐαριθμήτους
1189 2135 1244 2197 κατ’

138 2229 316 2313 πενιχροάς.
369 2233 486 2316 πολλήν
515 2235 659 2316 ἀθυμίαν
681 2240 840 2318 προσήγον
869 2235 1144 2315 ἀναλογιζομένοις
1166 2225 1243 2296 ὅθεν

91 2331 193 2397 20καί
213 2333 283 2396 τίνα
305 2330 423 2418 τρόπον
446 2336 490 2408 εἰς
514 2335 549 2398 τὸ
573 2337 707 2422 ἀρχαίαν
729 2331 991 2399 ε’πανελεάσονται
1014 2331 1069 2396 καί
1087 2330 1141 2414 τήν
1161 2354 1243 2412 προ-

138 2433 231 2512 τέραν
255 2427 347 2509 ἀξίαν
368 2433 403 2498 τὸ
421 2433 654 2519 στρατιωτικόν,
671 2437 727 2501 καί
747 2433 800 2500 διά
816 2433 916 2499 πόσου
936 2437 993 2498 τοῦ
1016 2429 1134 2518 χρόνου
1158 2435 1241 2498 ἀνα·

138 2537 312 2614 καλέοοιτο,
335 2539 397 2599 τοῖν
416 2539 475 2617 μὲν
495 2539 769 2627 ἀπολελειμμένων
790 2544 858 2612 τοῖς
880 2536 1038 2619 τάγμασιν
1052 2535 1166 2618 ἀλίγαω
1189 2527 1240 2598 ὅν-

137 2654 200 2696 των
221 2636 276 2697 ναί
297 2637 522 2726 ἀπορουμένων
546 2646 611 2713 τοῖς
632 2633 740 2713 ὅπλοις
761 2641 815 2702 καί
835 2645 898 2711 τοίς
921 2638 956 2700 έκ
978 2637 1040 2701 τάν
1062 2635 1166 2701 ἵππων
1189 2657 1240 2697 κι-

208 2819 233 2872 7.
253 2807 354 2895 λόχους
372 2827 420 2878 καί
438 2817 577 2900 λοχαγοὺς
594 2827 624 2890 tr
641 2824 681 2880 0:
761 2824 803 2878 16.
822 2839 856 2876 on
876 2821 970 2880 ὥστεθ
1039 2863 1044 2868 .

137 2996 252 3061 iudiciis,
275 2999 381 3049 omnino
400 3014 453 3051 non
475 3014 489 3048 e
509 2997 588 3048 lando
609 2997 656 3047 sed
676 2997 761 3046 exiis
781 3009 849 3062 quae
866 2994 924 3059 ipse
943 2994 1020 3057 vidit,
1031 2992 1158 3058 deinceps
1169 2993 1239 3046 iacta

137 3068 223 3119 tradet
241 3067 309 3120 libro
329 3071 453 3137 posteris.
490 3079 492 3084 '

237 3157 355 3210 Habebat
374 3159 456 3224 igitur
476 3169 567 3220 regem
587 3153 726 3218 provincia
745 3153 927 3220 Bithynorum
941 3159 968 3204 et
985 3160 1046 3220 post
1072 3167 1130 3204 eam
1149 3151 1237 3218 Phry.
1297 3161 1303 3165 “

136 3229 191 3296 gia,
211 3230 376 3295 provinciam
398 3225 562 3294 (legionem)
583 3224 642 3274 dico
664 3225 791 3288 orientis,
812 3233 839 3276 et
857 3224 1021 3292 cogebantur
1041 3240 1074 3276 ex
1100 3224 1237 3287 ordinibus

136 3300 341 3354 advenientibus
365 3298 485 3348 ordinum
504 3294 634 3361 praefecti
655 3304 681 3346 et
700 3297 853 3365 quicunque
876 3297 961 3348 aciem
978 3297 1124 3364 ‘opplebant
1144 3297 1236 3348 cuius.

100 3392 105 3410 ι
136 3387 189 3438 qne
215 3368 331 3432 ordinis,
358 3375 385 3417 et
410 3374 532 3450 poteraut
556 3368 671 3433 spectari
698 3368 821 3422 celebres
845 3369 982 3420 centuriae
1002 3376 1029 3419 et
1048 3371 1235 3451 centuriones,

136 3443 276 3508 expanuis
303 3440 466 3504 compositae
491 3440 556 3491 viris
583 3441 670 3508 iisque
689 3443 824 3494 curuvatis
845 3449 964 3509 egestate
984 3448 1011 3490 et
1028 3441 1106 3491 armis
1124 3439 1257 3504 privatior

135 3523 163 3568 et
184 3512 302 3578 equitatu
320 3509 402 3561 belli.
422 3511 559 3563 maximam
578 3512 647 3562 enim
667 3520 766 3578 partem
784 3513 920 3580 neglecti,
936 3527 994 3562 cum
1012 3525 1048 3560 nc
1068 3525 1115 3560 rex
1133 3509 1239 3574 quidem

134 3583 274 3654 proiectus
303 3591 374 3632 esset
403 3598 450 3648 per
476 3582 573 3633 multos
599 3598 681 3636 annos
708 3586 779 3634 eirca
809 3586 963 3643 orientem,
989 3595 1077 3644 neque
1103 3579 1239 3630 delinitum

135 3661 309 3709 commeatum
329 3655 417 3721 adepti
438 3661 464 3704 et
479 3669 565 3720 paene
586 3654 617 3704 ab
636 3655 757 3706 hostibus
787 3663 896 3720 propter
924 3654 1078 3732 imparatam
1102 3651 1237 3702 incursio-

134 3741 196 3780 nem
217 3731 244 3774 et
262 3726 382 3777 miseram
402 3726 501 3780 deiecti
521 3733 547 3774 et
565 3727 647 3789 versi,
667 3727 703 3776 ita
723 3727 750 3775 in
771 3734 914 3776 extremam
931 3722 1065 3772 miseriam
1084 3723 1171 3774 coacti
1192 3723 1238 3790 ig-

133 3800 197 3852 navi
219 3805 245 3848 et
264 3798 358 3849 infirmi
380 3808 407 3850 et
434 3797 597 3863 adnullant
613 3815 668 3850 rem
691 3797 811 3848 nobilem
835 3795 916 3848 utiles
943 3792 1120 3859 apparebant,
1145 3796 1183 3844 ita
1209 3800 1238 3843 ut

134 3875 192 3938 ipsa
212 3870 288 3936 signa
308 3869 432 3920 militaria
459 3885 546 3935 paene
571 3871 652 3920 tacite
672 3869 740 3922 haec
763 3874 929 3928 enarrarent,
955 3865 1059 3916 sordida
1083 3865 1237 3931 apparentia

135 3943 209 4011 quasi
230 3942 317 4002 inmo,
346 3949 372 3991 et
404 3942 522 3991 comites
533 3941 657 3991 babentia
675 3946 818 4006 sequentes
838 3946 975 4002 etpaucos
995 3944 1022 3986 et
1041 3950 1191 4018 pauperes,
1210 3932 1237 3981 id

135 4015 205 4082 quod
224 4011 358 4063 multam
352 4013 484 4094 ignaviam
504 4013 540 4061 all
540 4021 611 4062 erret
629 4010 823 4077 reputantibus,
843 4010 953 4060 undeet
967 4007 1123 4075 quomodo
1116 4021 1143 4053 in
1165 4005 1235 4053 anti-

137 4101 215 4153 quum
234 4084 401 4136 redirentt
375 4092 401 4133 et
425 4084 541 4151 priorem
564 4085 717 4152 dignitatem
745 4084 878 4134 exercitus
897 4089 924 4131 et
942 4095 989 4146 per
1020 4084 1143 4158 quantum
1167 4081 1236 4124 tem-

135 4171 185 4222 pus
214 4163 365 4220 revocaret,
386 4170 443 4234 cum
464 4153 552 4206 relicti
572 4154 707 4208 ordinibus
725 4155 803 4219 pauci
824 4160 913 4205 essent
931 4159 957 4200 et
970 4145 1138 4198 inexercitati
1157 4144 1235 4196 armis
