2875 4734
587 288 798 361 merome.
916 270 918 277 “
1028 262 1032 272 ’
1168 292 1241 367 aaa

141 454 253 544 ύψηλῷ
273 456 327 519 καί
349 452 428 543 θείῳ
451 457 599 540 βραχίονι
618 455 784 531 άσπασάος
805 453 861 521 καί
880 454 940 522 σύν
964 460 1062 546 πολλῇ
1078 458 1117 544 τῆ
1140 461 1243 546 εάφη-

139 561 197 646 μία
226 561 282 622 καί
303 566 369 633 τοῖς
399 559 593 639 ἀλαλαγμοῖς
625 552 829 638 ύπεδύχοντο.
883 556 1119 645 μισθοφορικόν
1152 562 1181 624 δ’
1207 562 1242 625 ἑκ

141 662 198 744 τῆς
228 662 285 722 τοῦ
312 659 479 724 άντιθὲτον
507 660 668 739 βασιλέως
698 660 876 744 άποστολῆς
906 663 944 747 τῇ
973 655 1054 725 κατά
1082 660 1242 725 Βιθυνίαν

141 761 260 849 Νικαίρ
282 758 520 839 ἐπιξενούμενον
552 760 607 824 καί
635 763 814 844 συντηρούν
844 764 887 847 τῷ
917 764 1048 842 βασιλεῖν
1074 758 1130 845 τὴν
1152 759 1243 825 πόλιν

111 862 236 943 5δῆθεν
256 852 527 944 άπερικτύπητον,
554 862 615 943 πρό
646 861 743 945 τριῶν
762 856 888 943 ἡμερῶν
921 860 1091 927 καταλιπὸν
1111 860 1147 924 τό
1172 858 1244 926 ἐπί-

140 984 245 1043 ταγμα
276 963 331 1023 καί
361 963 416 1045 τῆς
454 965 510 1025 τού
537 965 731 1049 πέμψαντος
769 960 922 1046 εύηθειάς
955 959 1243 1047 κατορχησάμενον,

137 1061 220 1142 μετά
236 1062 386 1124 δουλικοῦ
398 1065 454 1125 καί
472 1063 690 1145 συντάγματος
705 1066 760 1127 καί
774 1065 935 1146 σχήματος
957 1061 1116 1146 άπῆντησε
1139 1062 1241 1151 τούτῳ

138 1165 184 1249 τῷ
209 1164 377 1247 Κοτυαείῳ
399 1166 620 1245 προσμίξαντι.
640 1167 693 1227 καί
714 1160 771 1248 τὴν
795 1164 942 1229 δουλείαν
969 1158 1167 1247 ὁμολογῆσαν
1190 1162 1246 1226 καὶ

137 1257 174 1327 τό
197 1262 256 1344 τῆςἱ
272 1263 408 1335 πίστεως
437 1265 671 1348 τρανολογῆσαν
702 1258 903 1345 ὑπόδειγμα,
935 1261 1169 1348 προεπορεύετο
1190 1261 1245 1326 καί

91 1386 128 1440 10
139 1358 381 1448 προεκινδύνευε
411 1360 525 1426 τούτου
545 1361 624 1444 μετὰ
654 1367 716 1427 τάν
739 1364 828 1429 ἰδίων
859 1356 964 1427 ύπλοον
985 1365 1042 1425 καί
1062 1361 1165 1427 ἵππων
1189 1368 1245 1428 καί

136 1464 193 1546 τῆς
217 1454 316 1544 άλλης
337 1464 550 1546 παρασκευῆς.
604 1460 658 1526 διά
692 1464 860 1545 θαύματος
892 1466 920 1527 δ’
952 1460 1085 1528 ἐποιεῖτο
1120 1467 1185 1537 πῶς
1214 1460 1244 1527 οἱ

140 1566 272 1645 θρασεῖς
294 1564 350 1626 καί
368 1557 612 1641 πολεμικώτατοι
638 1569 774 1647 Τούρκοι
804 1566 957 1628 τιθασσοὶ
984 1565 1040 1627 καί
1060 1559 1244 1648 χειροήθεις

139 1664 294 1745 γεγόνασι,
320 1664 375 1726 καί
392 1660 446 1726 τόν
468 1662 615 1728 δουλικὸν
647 1662 741 1747 ζυγὸν
764 1663 914 1728 ύπελθεῖν
938 1665 1168 1747 κατατίθενται,
1191 1665 1244 1727 καί

144 1764 366 1847 περινοστοῦσι
386 1764 445 1843 μὲν
466 1760 677 1845 ἱππαζόμεναι
683 1811 694 1841 ,
718 1762 908 1850 δορυφόρων
931 1766 967 1829 δὲ
987 1760 1073 1843 τάξιν
1098 1764 1243 1849 άποπλη-

92 1883 129 1935 15
140 1866 279 1949 ρούντεςι
292 1865 365 1928 εἶσί.
404 1933 406 1938 ,

242 1962 311 2028 Καί
331 1966 431 2029 ταῦτα
455 1966 515 2045 μὲν
536 1966 862 2045 ε’θαυματουργούντο
885 1966 990 2049 ’μέχρι
1014 1968 1153 2040 Νικαίας
1183 1965 1243 2029 ού·
1291 2035 1295 2043 ,

141 2070 215 2152 τῆς,
239 2068 298 2129 τοῦ
320 2067 595 2149 προσκυνουμίνου
616 2069 749 2148 σημείου
772 2066 820 2131 ἐπ’
842 2062 974 2147 ὀνόματι
991 2070 1051 2130 τού
1063 2057 1243 2152 άρχιστρα-

137 2153 236 2254 τήγου
266 2169 504 2252 προηγουμένου
526 2165 675 2252 πάντων,
697 2172 752 2231 καί
779 2170 1042 2254 προφυλακτικοδς
1069 2165 1126 2242 τάς
1148 2166 1244 2244 ὁδούς

138 2268 381 2351 ύπανοίγοντος,
416 2270 472 2331 καί
503 2265 562 2351 τ’ἡν
590 2270 635 2344 εἰς
662 2265 762 2332 αάτόν
801 2271 906 2332 πίστιν
936 2271 995 2332 τού
1023 2267 1272 2351 βασιλεύοντοςῐ.
1283 2284 1373 2339 2251,

90 2367 280 2454 γοστερράν
301 2367 356 2433 καί
378 2366 547 2452 άκλόνητον
571 2363 843 2453 ύπεμφαίνοντος,
868 2373 923 2434 καί
951 2365 1009 2451 την
1030 2364 1127 2451 χάριν
1151 2364 1243 2431 διδύ-

141 2495 195 2536 ναι
217 2470 408 2550 θαυμασίαν
426 2471 459 2544 ἐξ
479 2466 580 2552 ἔργων
602 2465 894 2552 παραδεικνύοντος.
939 2472 979 2557 τῇ
1001 2469 1036 2533 δὲ
1058 2472 1178 2559 Νικαίρ
1200 2471 1243 2556 τῷ

138 2576 270 2653 βασιλεῖ
296 2572 550 2653 προσεγγίσαντι·
566 2573 681 2655 χορεία
700 2594 748 2645 τις
769 2568 959 2655 ἐναρμόνιος
981 2578 1045 2646 τοῖς
1073 2573 1242 2653 ἐγχωρίοις

46 2720 49 2728 a
141 2674 276 2757 συνίστη
309 2672 364 2735 καί
385 2669 494 2755 κρότος
529 2673 703 2759 εάφημίαις
731 2672 949 2758 ύπδρσεμνος,
971 2668 1095 2739 πάντων
1111 2669 1242 2757 χαρμό-

141 2795 225 2837 συνα
245 2770 390 2839 θυόντων
419 2774 474 2840 καί
490 2773 704 2861 χαριστήρια,
727 2776 782 2841 καί
804 2776 858 2860 τῆς
880 2780 1039 2864 σωτηρίας
1062 2796 1244 2861 προκηρντ-

140 3111 247 3168 autern,
266 3104 311 3171 qni
331 3120 364 3155 ex
382 3103 499 3170 oppositi
518 3102 591 3169 regis
608 3100 737 3153 missione
756 3098 871 3152 Nicaeae
895 3098 1040 3166 Bithyniae
1064 3100 1240 3153 versabantur

141 3184 168 3227 et
185 3176 245 3243 regi
263 3176 407 3228 servabant
424 3173 516 3222 urbem
536 3170 629 3222 turbae
649 3180 795 3237 expertem,
815 3177 877 3221 ante
896 3179 951 3223 tres
970 3171 1028 3223 dies
1055 3169 1239 3239 relinquentes

139 3246 288 3298 mandatnm
308 3254 335 3296 et
361 3246 418 3294 eins
444 3243 489 3308 qui
516 3256 563 3292 eos
585 3243 694 3293 miserat
719 3242 883 3308 simplicitati
910 3241 1069 3295 insultantes
1095 3242 1189 3295 servili
1214 3252 1241 3295 et

140 3318 233 3370 ordine
260 3326 287 3368 et
305 3315 396 3367 babitu
416 3312 584 3382 obvenerunt
602 3313 665 3366 huic
684 3315 730 3381 qui
751 3315 869 3380 Cotpaeo
881 3331 919 3367 se
938 3316 1113 3366 coniunxerat
1134 3322 1161 3366 et
1180 3330 1240 3367 ser.

139 3390 251 3441 vitutem
261 3387 417 3453 prolitentes
431 3391 457 3433 et
475 3383 536 3434 fidei
555 3392 657 3435 certum
676 3385 768 3437 dantes
787 3386 981 3451 documentum,
1001 3386 1241 3453 progrediebantur

140 3468 168 3511 et
185 3456 389 3526 propugnabant
408 3453 470 3504 huic
490 3471 548 3506 cum
568 3456 622 3507 suis
642 3458 721 3508 armis
742 3458 853 3524 eloquis
874 3466 901 3509 et
920 3465 1010 3509 celero
1022 3462 1159 3523 apparatu.
1188 3458 1241 3507 mi.

138 3526 231 3581 rac'ulo
251 3535 338 3578 autem
357 3526 445 3589 fiebat,
468 3527 599 3594 quomodo
618 3528 707 3593 asperi
727 3535 754 3579 et
771 3528 973 3581 bellicosissimi
992 3528 1093 3579 Turcae
1117 3527 1195 3577 mites
1215 3536 1242 3579 et

140 3599 271 3652 mansueti
292 3598 355 3648 lacti
374 3598 427 3649 sint
456 3605 483 3647 et
506 3597 538 3648 ad
566 3599 671 3649 servitii
695 3601 787 3666 iugum
811 3599 976 3650 subeundum
1003 3612 1033 3648 se
1056 3597 1191 3662 deponant
1216 3606 1243 3648 et

140 3672 305 3722 circumeant
324 3670 475 3736 equitantes
496 3676 522 3719 et
540 3668 685 3720 satellitum
706 3671 825 3728 ordinem
843 3669 980 3734 impleant.

239 3758 327 3824 Atque
346 3756 413 3808 haec
433 3756 538 3823 quidem
556 3756 718 3808 miraculose
740 3756 838 3808 fiebant
856 3771 941 3823 usque
961 3754 1127 3807 adllicaeam
1146 3755 1240 3822 ipsam,
1313 3784 1316 3791 ν

139 3844 198 3881 cum
217 3828 353 3879 adoratam
372 3830 477 3895 signnm
498 3827 547 3879 sub
570 3828 678 3878 nomine
704 3829 784 3893 primi
814 3828 889 3878 ducis
916 3826 1034 3893 praeiret
1066 3826 1187 3879 omnibus
1216 3836 1243 3879 et
1295 3874 1297 3877 .

139 3907 217 3952 caute
235 3900 293 3951 vias
312 3900 429 3965 aperiret
449 3899 558 3966 etregis
577 3898 655 3950 iidem
666 3899 694 3948 in
705 3914 764 3949 eum
782 3898 881 3949 firmam
900 3905 927 3948 et
943 3898 1128 3950 inconcussam
1147 3905 1242 3949 osten.

138 3973 226 4034 deret,
255 3978 283 4021 et
311 3971 423 4037 gratiam
449 3970 563 4021 reddere
590 3968 772 4021 admirabilem
800 3970 945 4020 secundum
976 3969 1047 4021 laeta
1072 3975 1241 4019 monstraret.
1283 3998 1289 4010 s

138 4044 198 4108 regi
219 4049 307 4093 autem
316 4042 432 4093 llicaeae
453 4040 676 4109 appropinquanti
692 4040 790 4091 chorus
809 4042 955 4093 concinnus
974 4039 1122 4092 incolarum
1142 4038 1245 4091 adstitit
1273 4064 1277 4070 ·

142 4121 168 4163 ct
186 4114 286 4165 clamor
298 4112 424 4164 laudibus
437 4120 575 4181 augustus,
595 4112 715 4164 omnibus
732 4126 807 4164 sacra
818 4111 909 4180 gaudii
923 4118 949 4163 et
961 4112 1063 4180 gratiae
1074 4108 1244 4174 iacientibus,

141 4190 169 4235 et
188 4185 282 4240 salutis
300 4183 484 4238 nuntiantibus
505 4184 592 4252 signa,
611 4184 649 4236 ita
667 4189 698 4235 ut
717 4191 745 4235 et
766 4183 817 4252 ipsi
835 4190 976 4252 stuperent
992 4181 1084 4235 hostes
1102 4185 1244 4249 atquetum
