2875 4734
180 198 256 274 238
461 184 681 264 ulduinus
714 181 976 262 ΑΊΤλΗΟΤλΕ

180 387 272 450 τητος
292 368 358 438 τοῖς
380 363 443 426 τῶν
475 354 621 423 ἁπάντων
644 361 768 437 ψυχαῖς
792 354 932 435 ἐγένετο,
954 346 1009 409 καί
1030 336 1224 423 παγκόσμιος
1243 325 1285 418 ’ἦν

181 466 300 546 πόθος,
332 460 387 529 καί
412 466 472 543 μιά
492 460 620 549 γλοίσρα
642 452 677 521 τὸ
701 456 818 540 στέφος
843 450 928 537 αὐτῷ
962 447 1004 533 τῷ
1028 443 1086 532 υἱῷ
1108 444 1164 523 τῆς
1186 442 1286 519 βασι-

183 569 271 641 λείας
294 555 389 642 α’ξίωξ
414 566 449 627 ἐκ
468 564 588 627 πολλοῦ
608 560 664 623 τοῦ
680 557 797 641 χρόνον
813 551 1060 637 ε’πιφημίζονσα.
1103 545 1159 605 καί
1179 538 1287 619 οἱμὲν

171 669 300 743 εἰδότες
321 664 420 731 ου’τόν
449 668 504 730 καί
531 656 636 749 ἄκρως
665 660 870 745 ἐξησκημένοι
898 648 952 737 τὴν
984 643 1085 733 ἄκραν
1107 644 1207 709 αὐτοῦ
1228 642 1287 705 εί-

184 774 315 851 τολμίαν
336 791 368 831 τε
401 768 456 830 καί
475 766 611 849 σίνδρίαν
631 765 686 826 καί
707 753 803 831 αὖθις
823 752 918 819 πάλιν
951 749 1007 835 τὴν
1030 743 1210 831 οἶγαθὸτητα
1234 742 1288 807 καί
1296 748 1314 801 5

185 873 410 935 πλουτοποιίαν
440 864 499 952 ,καί
520 864 555 929 τὸ
584 865 686 948 πρᾶον
717 857 771 925 καί
793 854 826 921 τί
861 848 1043 937 ὃμιλητικὸν
1077 847 1130 913 καί
1164 840 1290 911 οἷστεΐον
1360 882 1368 901 .

186 968 240 1035 καί
260 965 387 1052 εὔχαρι,
407 970 464 1053 ἀφ’
487 960 609 1034 ἑαυτῶν
634 958 721 1046 εἶχον
750 956 805 1043 τήν
827 954 1026 1040 μαρτυρίαν,
1050 949 1216 1035 κεχηνότες
1239 942 1291 1009 τίεί

186 1075 242 1136 καί
262 1072 304 1134 δι’
321 1072 426 1152 ,εὐχῆς
457 1066 639 1147 ποιούμενοι
661 1061 696 1127 τὸ
722 1065 777 1144 τῆς
809 1056 975 1141 βασιλείας
998 1050 1100 1139 τούτῳ
1124 1049 1291 1133 περίοπτον

151 1200 155 1207 ·
187 1174 301 1257 κράτος
314 1170 467 1237 ἔσεσθαι·
491 1166 520 1231 σί
535 1170 571 1231 δὲ
585 1164 629 1249 μὴ
646 1163 763 1239 εἰδότες
781 1155 801 1243 ἢ
820 1157 898 1243 πρὸς
916 1157 1019 1239 ὀλίγον
1035 1155 1244 1237 γινώσκοντες,
1260 1148 1293 1225 ἐξ

189 1276 284 1357 α’κοῆς
302 1270 514 1356 ’τυγχάνοντες
536 1266 678 1354 ἐρασταί,
701 1264 763 1347 οὐχ
783 1252 876 1345 ἦττον
901 1261 1024 1323 ἐκείνων
1047 1254 1105 1338 τήν
1126 1252 1204 1335 ὑπὲρ
1231 1246 1338 1313 ari-10

189 1371 523 1453 intercessissent
542 1371 599 1452 τὴν
615 1366 762 1433 διάθεσιν
782 1362 926 1449 ἔτρεφον.
972 1358 1015 1434 οἷς
1037 1358 1064 1419 d'
1087 1356 1106 1439 ἦ
1130 1350 1220 1440 φήμη
1238 1353 1294 1434 τῆς

192 1476 290 1541 αὐτοῦ
313 1471 517 1559 οίναρρὴσεως
546 1469 603 1555 τήν
635 1470 786 1552 βασιλίδα
810 1468 984 1543 κατέλαβε,
1006 1460 1160 1541 μετέωροι
1180 1455 1294 1525 πάντες

190 1575 336 1661 γεγόνασι
349 1580 403 1639 καί
422 1576 588 1657 χαρμονῆς
610 1568 857 1653 ἐνεπλήσθησαν.
902 1561 956 1627 καί
976 1552 1013 1645 ἦν
1036 1562 1116 1627 ἰδεῖν
1137 1554 1212 1631 τους
1235 1555 1297 1618 οἶν-ε

191 1672 343 1766 θρώπρυς
377 1671 479 1753 πιοροὶ
506 1676 686 1753 περιθεῖναι
712 1663 854 1750 ἑαυτοῖς,
877 1666 905 1729 εί
926 1656 990 1729 οἷον
1012 1684 1046 1725 τε
1068 1651 1117 1741 ἦν,
1138 1656 1297 1739 βουλομέ-

192 1799 283 1856 νους,
312 1778 369 1840 καί
387 1772 468 1860 πρὸς
491 1771 589 1838 ου’τὸν
611 1773 809 1853 α’ποπτῆναι,
840 1769 895 1831 καί
930 1767 1053 1829 παίδων
1082 1760 1344 1833 ἐπιλαθέσθαι-15

195 1875 251 1941 καί
270 1876 428 1960 γυναικοῖν
448 1878 503 1940 καί
523 1874 629 1938 αίτῶν
649 1872 769 1935 σίκαὸν.
812 1866 830 1932 ὃ
853 1866 890 1951 dr}
913 1870 968 1929 καί
989 1865 1100 1927 πολλοί
1120 1861 1181 1925 ταῖν
1205 1859 1299 1939 cicrc-

197 1981 260 2043 κῶν
283 1978 502 2061 πεποιήκασιν.
560 1968 769 2057 ἀλογήσαντες
800 1970 860 2053 γὰρ
889 1970 944 2033 καί
972 1966 1076 2051 φόβου
1099 1959 1298 2035 παντόςτοῦ

196 2076 266 2144 τότε
289 2080 475 2162 κρατοῦντος
508 2078 553 2153 είς
583 2074 616 2138 τὸ
641 2070 818 2151 Βυζάντιον
841 2069 896 2135 καί
918 2064 1087 2149 τιμωρίαςΙ
1104 2066 1144 2127 δι’
1170 2062 1300 2141 αἳματος

120 2206 123 2208 Α
200 2181 256 2245 καί
276 2180 395 2245 odotem
422 2182 477 2245 καί
505 2180 566 2245 τῶν
586 2163 772 2257 τοῦγένους
807 2170 968 2257 φιλτάτων
989 2165 1044 2230 καί
1073 2167 1136 2228 τιόν
1157 2165 1192 2227 ἐν
1214 2164 1299 2246 μέσῳ

122 2315 125 2320 ’
200 2285 260 2364 τῆς
277 2280 357 2343 ὁδοῦ
377 2276 493 2362 κόπων,
517 2277 572 2343 καί
594 2278 675 2361 μηδὲ
696 2278 760 2338 τῶν
781 2267 1041 2337 ὁίοσκοποιίντων
1055 2264 1110 2329 καί
1126 2266 1183 2347 ,τῆς
1206 2260 1349 2328 ὑπαί-20

81 2443 86 2456 ,
201 2385 284 2464 θρου
311 2379 504 2465 κρατούντων
530 2379 681 2461 Τσίρκων
704 2373 739 2439 τί
757 2375 878 2457 πλῆθος
895 2374 1068 2442 κλείσαντες,
1092 2359 1207 2446 συχνοί
1216 2362 1305 2425 ’καθ’

203 2476 339 2565 ἑκάστην
360 2481 599 2563 σίπηντομόλουν
613 2475 692 2561 πρὸς
714 2474 823 2556 αὐτόν,
846 2474 977 2557 πρᾶγμα
992 2470 1066 2553 πρίν
1089 2468 1237 2549 γενέσθαι
1259 2458 1302 2543 μή

205 2578 436 2661 πιστευόμενον.
480 2580 606 2670 ου’ίίιρω
634 2578 696 2661 γάρ
717 2574 788 2641 τινσὶ
824 2597 873 2648 τις
893 2566 975 2637 εἶδεν
995 2565 1057 2633 α’πό
1080 2570 1135 2650 τῆς
1153 2568 1307 2647 βασιλευ-

283 2739 324 2794 14.
344 2744 372 2796 ct
388 2756 431 2793 om
449 2740 479 2795 (i.
555 2741 597 2795 15.
617 2736 705 2805 αὐτὴν
725 2735 935 2804 cicatricosi).

208 2887 374 2958 declarabat)
394 2887 494 2955 duplex
520 2902 595 2939 amor
613 2895 642 2937 et
660 2886 737 2939 favor
762 2886 790 2936 in
823 2884 938 2935 omnium
973 2880 1066 2933 animis
1100 2877 1250 2930 oriebatur:
1283 2882 1309 2929 at

209 2962 281 3012 amni
307 2961 405 3011 mundo
436 2968 494 3011 erat
514 2959 675 3012 desiderium
701 2966 789 3009 etuua
818 2964 874 3007 erat
890 2970 944 3006 vox
964 2967 1088 3005 coronam
1107 2952 1132 3001 ei
1151 2948 1208 3001 filio
1231 2949 1309 3014 regni

134 3061 136 3065 v
210 3033 290 3101 digne
310 3048 344 3083 ex
363 3031 446 3085 multo
465 3040 586 3097 tempore
607 3032 779 3097 portendens,
798 3035 877 3095 atque
897 3027 942 3093 qui
963 3041 1021 3075 cum
1039 3029 1173 3075 noverant
1193 3019 1310 3072 etvalde

210 3112 362 3170 spectarunt
380 3107 437 3155 eius
458 3119 583 3155 summam
603 3102 740 3153 audaciam
760 3108 786 3151 et
813 3098 994 3150 fortitudinem
1018 3110 1163 3161 rursusque
1192 3091 1310 3145 strenui.

210 3182 291 3226 tatem
310 3182 337 3225 et
354 3175 546 3242 benignitatem
569 3182 596 3225 et
614 3173 784 3225 clementiam
804 3180 830 3222 et
849 3171 1000 3221 comitatem
1027 3175 1053 3218 et
1079 3164 1256 3219 urbanitatem
1286 3168 1311 3213 ct

211 3247 336 3312 gratiam,
357 3260 438 3296 exse
458 3244 592 3311 habebant
609 3246 805 3306 testimonium,
829 3244 966 3308 cupientes
986 3254 1091 3305 semper
1111 3246 1137 3287 et
1155 3242 1308 3302 precantes,

212 3325 242 3367 ut
260 3318 339 3384 regni
357 3316 471 3368 illustris
490 3318 611 3382 potentia
630 3316 692 3367 huic
717 3316 903 3381 contingeret:
929 3314 948 3361 ii
973 3319 1069 3373 autem,
1096 3309 1140 3376 qui
1169 3322 1227 3357 eum
1258 3319 1312 3355 non

212 3395 345 3440 noverant
363 3395 409 3439 aut
426 3402 518 3454 parum
546 3388 678 3439 audiendo
701 3382 771 3437 'eum
799 3392 993 3452 cognoscentes
1023 3398 1081 3431 eum
1109 3378 1238 3441 amabant,
1257 3387 1314 3425 non

213 3461 300 3511 minus
319 3458 376 3511 iliis
399 3460 549 3526 cupidinem
580 3466 607 3509 et
631 3460 833 3524 dispositionem
854 3472 917 3523 erga
937 3471 995 3504 cunr
1014 3452 1130 3503 alebant.
1168 3464 1227 3500 cum
1245 3447 1314 3497 iama

216 3532 274 3582 eius
292 3532 497 3585 renuntiationis
516 3530 608 3581 urbem
634 3538 809 3595 occupasset,
835 3528 899 3579 elati
927 3542 1017 3579 ornnes
1045 3526 1152 3575 fuorunt
1172 3530 1198 3573 et
1218 3520 1314 3588 gaudio

215 3602 339 3669 impleti,
357 3605 438 3670 atque
457 3610 563 3669 poterat
581 3601 679 3669 aliquis
707 3601 800 3652 videre
826 3597 1030 3657 bominesalas
1056 3596 1107 3647 sibi
1126 3596 1148 3646 si
1170 3593 1228 3645 lieri
1250 3605 1315 3659 pos.

216 3680 268 3736 tet,
287 3675 450 3725 circumdare
470 3672 604 3737 volentes,
625 3681 651 3723 et
674 3672 708 3723 ad
729 3686 786 3722 eum
806 3669 915 3723 avolare
937 3677 964 3719 et
980 3667 1126 3720 liberorum
1146 3664 1271 3717 oblivisci
1290 3669 1317 3712 et

217 3758 328 3795 uxorum
349 3752 377 3795 et
394 3746 511 3811 ipsorum
529 3746 667 3797 domuum:
687 3744 713 3795 id
727 3743 798 3811 quod
818 3744 897 3793 etiam
915 3740 991 3792 multi
1013 3756 1046 3791 ex
1063 3738 1136 3789 urbis
1157 3735 1254 3789 incolis
1273 3733 1316 3785 ie-

218 3823 321 3866 cerunt.
341 3831 428 3883 neque
448 3818 517 3868 enim
531 3818 661 3867 rationem
682 3814 811 3866 habentes
830 3815 915 3866 omnis
933 3813 1102 3863 timoris'tum
1121 3806 1317 3875 indistantiam

219 3887 380 3938 dominantis
400 3895 427 3938 ct
446 3889 557 3939 ultionis
576 3888 706 3955 sanguine
727 3893 753 3936 et
770 3884 858 3949 bonis,
885 3893 912 3936 et
929 3884 1041 3935 maxime
1063 3881 1230 3943 dilectorum,
1250 3890 1317 3946 quae

219 3960 327 4012 suntin
346 3973 457 4026 genere,
477 3958 642 4009 et·laborum
661 3958 706 4025 qui
735 3958 762 4007 in
786 3957 874 4008 medio
893 3958 990 4008 itinere
1010 3961 1085 4004 crant
1111 3951 1251 4013 subeundi,
1267 3963 1319 3997 ne-

220 4045 273 4098 que
292 4032 350 4083 vias
370 4030 575 4083 custodientium
596 4037 622 4080 et
641 4037 734 4095 aperta
760 4028 821 4081 loca
840 4028 986 4079 tenentium
1005 4024 1145 4076 Turcarum
1170 4018 1319 4072 multitudi-

187 4135 190 4142 ,
219 4115 282 4152 nem
311 4109 461 4157 metuentes
488 4100 564 4153 multi
592 4101 711 4170 quotidie
737 4100 950 4169 transfugiebant
979 4090 1320 4165 adcum,quaequide1n
