2875 4734
215 219 288 300 stt
443 162 450 310 ἶ
505 219 725 321 necessus
741 214 1015 291 srnmrorua

211 416 267 479 την
288 390 451 474 ἐνέβαλεν,
483 389 521 453 osi
544 388 626 453 πάνυ
646 414 676 454 τι
706 382 887 469 ἀπεχούσης
918 386 975 465 τῆς
1005 381 1069 445 τῶν
1097 374 1232 461 Ταρσοῖν
1255 374 1318 468 sads

213 500 301 570 λεως.
344 490 598 569 δυσδιεξὸδευτοι
619 490 650 553 δ’
672 482 760 562 ὅντες
783 490 838 550 καί
857 490 986 569 τραχεῖς
1020 477 1074 545 καί
1096 478 1240 550 α’νάντεις
1263 478 1320 545 κατ’

218 598 290 659 λίοιν
312 589 498 676 στενόποροι
519 586 549 654 οἱ
571 590 815 672 διατειχίζοντες
843 587 906 650 τῶν
929 584 1009 668 ὄριῦν
1033 583 1164 663 ου’χένες
1183 575 1319 662 τὴνΚι-

214 695 319 759 λικίαν
341 692 381 754 ου’
402 695 536 776 μετριάν
556 692 684 755 ἐποίουν
705 690 774 752 oo'd’
802 680 914 751 εὔοδον
936 688 980 772 τῷ
1010 683 1131 767 στρατῷ
1153 676 1210 761 τὴν
1232 678 1320 741 εἰσέ-

213 790 334 861 λευσιν.
377 788 453 857 ὅθεν
474 790 528 855 καί
551 788 585 855 εἴ
603 814 685 867 τινες
710 794 774 856 τῶν
793 788 851 854 τοῦ
874 790 1045 883 Διογένους
1065 777 1122 855 τὰς
1141 778 1347 861 οἷκρωρειάς5

213 904 379 977 κατεῖχον,
414 896 469 958 κατ’
496 897 619 974 ’μᾶλλον
640 888 786 977 ἑκηβόλον
809 891 865 955 καί
888 898 953 964 τοῖς
974 888 1066 951 ποσίν
1093 883 1319 963 ἐπιβαίνοντες,

215 997 272 1059 oris
294 990 333 1059 δν
355 993 502 1078 η’δυνηθη
533 993 608 1057 ποτὲ
630 991 665 1056 ro*
698 992 757 1057 τοῦ
786 990 992 1074 Ἀνδρονίκου
1023 982 1238 1070 στρατόπεδον
1261 976 1319 1062 τὴν

214 1100 348 1180 πορείαν
364 1090 432 1165 διὰ
467 1094 586 1159 τούτων
615 1091 834 1176 ποιήσασθαι,
868 1094 899 1154 εἰ
920 1087 965 1172 μη
998 1091 1053 1168 καί
1084 1086 1206 1169 μᾶλλον
1227 1084 1338 1154 δέουςΙ

214 1197 420 1280 ἐπειγομένου
441 1202 509 1269 τοῖς
532 1192 743 1277 στρατιώταις
768 1188 848 1276 πρὸς
870 1187 974 1275 φυγὴν
996 1182 1158 1271 δι’ρμησαν.
1199 1181 1318 1247 ’τούτου

215 1295 252 1358 δέ
274 1298 556 1381 παραμεληθέντος
571 1294 616 1369 εἷς
631 1296 777 1357 κίνδυνον
797 1297 947 1377 περιέστη
965 1293 1008 1378 τῷ
1021 1292 1154 1375 Διογένη
1175 1282 1212 1348 τὰ
1234 1281 1318 1367 πρά·
1330 1300 1366 1354 11)

144 1393 151 1402 ’
214 1421 331 1480 γματα.
354 1394 436 1478 μετοὶ
456 1396 515 1480 γὰρ
538 1393 573 1460 τὸ
597 1398 763 1459 κατελθεῖν
782 1394 827 1468 εἰς
848 1390 882 1457 τὸ
904 1391 1012 1455 πεδίον
1031 1386 1085 1453 τόν
1104 1385 1164 1452 οὐν
1185 1386 1227 1474 τῷ
1244 1384 1320 1450 ’Av-

217 1500 349 1585 δρονίκηι
379 1496 519 1582 στρατὸν
554 1490 570 1558 ὅ
601 1496 820 1579 Χατατούριος
857 1490 1001 1557 ἐπελθών
1029 1486 1163 1573 πόλεμον
1195 1484 1319 1558 τούτοις

216 1603 417 1682 συνέρρηξεν.
468 1598 508 1660 οδ
540 1596 593 1661 διὰ
623 1598 739 1678 πολλῆς
771 1596 805 1660 δέ
834 1598 999 1678 γενομένου
1020 1590 1089 1676 ’τῆς
1112 1584 1198 1673 δέρας
1221 1588 1322 1651 adres*

218 1698 262 1773 ὥς
282 1691 322 1763 δν
344 1699 405 1763 τῶν
420 1697 608 1780 Ῥωμαϊκῶν
628 1694 797 1775 δυνάμεων
818 1698 861 1781 τῷ
884 1717 919 1758 τε
949 1692 1065 1777 πλήθει
1091 1692 1147 1754 καί
1166 1691 1206 1777 τῇ
1226 1685 1323 1770 α’ρετῇ
1394 1708 1397 1715 ·

217 1796 453 1887 δπερεχουσοῑν,
475 1793 580 1862 πεσοίν
600 1799 635 1862 ἐκ
655 1799 712 1862 τοῦ
732 1798 831 1861 λ’ππον
847 1792 863 1859 δ
877 1796 1100 1876 Χατατοὺριος
1119 1787 1209 1869 πεζὸς
1229 1785 1370 1863 {diemo

219 1899 274 1963 καί
294 1901 337 1985 τῷ
365 1902 599 1983 στρατηγοῦντι
631 1902 770 1983 παρέστη
799 1894 918 1980 γυμνὸς
945 1892 1012 1958 καί
1033 1889 1168 1967 έλεεινές
1194 1894 1232 1977 τῇ
1259 1914 1324 1953 πα·

220 2001 319 2087 ροὺση
346 2000 428 2086 τύχη
459 2002 516 2063 καί
544 2004 581 2085 τῇ
610 2002 716 2065 ε’λπίδι
748 2002 809 2064 τοῖν
835 1995 1012 2077 μελλόντων
1039 1994 1152 2059 κακῶν.
1203 1996 1264 2057 τῶν
1296 1992 1323 2055 δ’

220 2092 324 2166 ἄλλων
338 2090 579 2185 συμφυγόντων
610 2101 655 2175 εἰς
676 2099 712 2163 τὸ
737 2100 791 2183 τῆς
817 2095 955 2181 Ἀδοὶνης
975 2094 1130 2180 κάστρον,
1155 2096 1188 2158 έν
1217 2084 1322 2183 ηἶπερ

222 2197 240 2262 δ
269 2200 420 2283 Διογένης
446 2198 604 2283 ἐκάθητο,
636 2200 799 2281 πολιορκεά
833 2195 891 2281 τήν
919 2198 1070 2281 τοιαύτην
1106 2193 1199 2261 ’πόλιν
1231 2194 1325 2279 οἷκρι-

221 2302 287 2382 βῶς
320 2300 499 2377 διεδέξατο·
563 2300 825 2386 περικαθίσαντες
864 2297 923 2382 γοὶρ
961 2294 1059 2381 ου’τήν
1098 2295 1127 2360 οἱ
1157 2291 1236 2377 μετὰ
1265 2297 1370 2374 seips)

219 2400 425 2485 Ἀνδρονίκου
443 2401 602 2483 Ῥωμαῖοι
628 2398 752 2466 σποὶνει·
767 2403 828 2465 τοῖν
850 2401 1031 2484 α’ναγκαίων
1062 2397 1136 2474 τοδς
1156 2396 1246 2462 ἔνδον
1266 2398 1323 2460 oris

224 2500 270 2575 εἰς
290 2501 410 2585 μικρὰν
438 2501 494 2583 την
524 2500 662 2584 οἲγωνίαν
685 2505 844 2583 ἐνέβαλον.
896 2506 975 2575 τέως
997 2500 1026 2563 δ’
1050 2491 1107 2563 οὖν
1129 2501 1323 2590 περίὶσπον-

224 2601 289 2664 δοῖν
312 2600 545 2684 διαλεχθέντων
581 2602 751 2687 αλλήλοις,
780 2604 945 2680 συνέδοξεν
979 2600 1163 2666 ἀποθέσθαι
1189 2602 1247 2682 μέν
1268 2594 1323 2681 τὴν

222 2702 389 2779 βασιλείαν
410 2702 465 2767 τδν
485 2706 649 2788 Διογένην,
666 2706 912 2768 συναποθέσθαι
934 2703 970 2766 δὲ
990 2705 1046 2768 καί
1065 2698 1123 2787 την
1142 2701 1256 2787 τρι’χα,,
1270 2699 1325 2762 καί

297 2853 321 2904 1.
343 2853 501 2926 Ταρσέυνθ
591 2856 633 2906 11.
652 2853 704 2911 τὸν
724 2870 767 2906 orn
786 2855 820 2910 (λ’
863 2816 867 2819 -
909 2856 951 2908 13.
970 2858 1124 2930 γενομένης
1145 2854 1175 2909 (λ

164 3021 168 3027 ·
225 2990 331 3045 omnino
361 3007 416 3045 non
446 2994 483 3046 ita
511 2994 618 3049 abesset
645 2995 741 3049 Tarsus
770 2994 841 3047 urbs.
889 2996 979 3047 inviae
1006 3003 1095 3047 autem
1116 3002 1150 3045 'et
1168 3008 1279 3062 asperae
1298 3000 1325 3045 et

223 3064 388 3133 praecipites
415 3073 453 3129 et·
466 3065 546 3119 ualde
565 3076 694 3136 angustae
711 3068 839 3119 montium
857 3064 962 3131 ualles,
982 3082 1051 3135 quae
1078 3074 1175 3118 terram
1194 3064 1324 3118 defende-

223 3134 297 3200 bant,
318 3134 440 3188 Ciliciam
458 3151 512 3188 non
536 3148 624 3204 aptam
646 3140 793 3197 reddebant
818 3153 907 3206 neque
926 3139 1075 3206 expeditam
1100 3138 1230 3189 exercitui
1245 3138 1325 3188 inva-

226 3208 337 3279 sionem.
375 3208 547 3274 quamobrem
566 3211 644 3260 etiam
673 3212 695 3262 si
713 3212 759 3278 qui
780 3226 813 3263 ex
830 3210 944 3277 Augusti
971 3208 1099 3275 militibus
1120 3210 1254 3259 cacumina
1274 3208 1324 3258 ob.

225 3276 369 3328 tinuissent
393 3285 420 3330 et
437 3280 522 3345 magis
546 3282 574 3331 in
598 3281 739 3333 iaculando
769 3290 794 3333 et
818 3282 929 3348 pedibus
959 3283 985 3332 in
1013 3281 1181 3334 ascendendo
1201 3279 1324 3346 expediti,

226 3354 280 3398 nou
299 3348 432 3413 potuisset
449 3364 563 3418 unquam
587 3353 734 3404 Andronici
761 3355 895 3405 exercitus
923 3354 974 3403 iter
992 3368 1041 3419 per
1069 3352 1136 3405 haec
1155 3350 1255 3415 facere,
1273 3350 1326 3401 nisi

227 3419 317 3486 potius
334 3426 407 3471 metu
436 3420 701 3475 militibusxinssanse
728 3426 756 3475 in
775 3426 864 3492 fugam
890 3438 920 3475 se
939 3432 1086 3476 verterent.
1123 3440 1175 3491 qua
1192 3431 1279 3474 tamen
1296 3436 1325 3471 re

226 3489 353 3558 neglecta
371 3491 521 3559 perieulum
539 3489 679 3547 subierunt
696 3496 819 3563 Augusto
838 3510 890 3549 res.
936 3503 1077 3563 postquam
1097 3496 1165 3546 enim
1183 3495 1325 3561 degressus

228 3569 269 3615 est
288 3563 316 3613 in
338 3578 457 3632 eampum
476 3580 536 3616 eum
546 3565 701 3617 Andronico
716 3566 860 3629 exereitus,
880 3565 1049 3620 Chataturius
1064 3581 1206 3635 aggressus
1227 3563 1326 3615 bellum

227 3633 270 3684 hie
290 3634 397 3688 iniecit:
426 3636 474 3687 sed
499 3651 559 3688 eum
577 3650 632 3687 non
649 3636 677 3687 in
696 3635 804 3705 longum
825 3637 1014 3689 extenderetur
1039 3639 1095 3690 eius
1113 3653 1226 3700 aevum,
1251 3634 1327 3702 quasi

229 3704 391 3757 Graecorum
409 3709 483 3760 vires
503 3716 530 3759 et
548 3706 717 3759 multitudine
737 3716 764 3760 et
781 3709 881 3761 virtute
900 3710 1053 3775 superiores
1075 3716 1184 3773 essent,
1202 3706 1327 3772 delapsus

185 3794 189 3799 ’
229 3788 298 3840 equo
320 3776 490 3830 Chataturius
517 3780 601 3845 pedes
629 3788 722 3847 captus
750 3788 807 3843 est,
837 3788 864 3832 et
892 3793 979 3831 coram
1010 3782 1077 3832 duce
1102 3782 1176 3833 stetit
1200 3778 1284 3831 nudus
1301 3783 1328 3826 et

227 3845 309 3895 miser
328 3845 433 3899 fortuna
447 3850 564 3902 instante
584 3858 611 3901 et
625 3852 826 3917 exspectatione
841 3851 988 3903 futurorum
1006 3851 1144 3903 malorum.
1164 3866 1223 3903 eum
1240 3856 1327 3899 auten

229 3917 314 3967 ceteri
332 3917 361 3967 in
382 3918 500 3971 Adanam
519 3921 660 3974 castellum
680 3922 822 3990 fugissent,
842 3923 870 3973 iu
888 3936 940 3989 quo
958 3922 1095 3990 Augustus
1114 3922 1257 3984 residebat,
1276 3933 1327 3985 op-

228 3988 393 4056 pugnatione
413 3988 481 4041 hsnc
499 3992 593 4043 urbem
612 4002 686 4045 certo
705 3995 820 4060 accepit.
859 3992 1011 4045 obsidentes
1031 3995 1101 4045 enim
1122 4009 1180 4045 eam
1205 3993 1328 4060 quicum

228 4059 382 4112 Andronico
404 4067 479 4113 erant
493 4060 587 4113 Graeci
606 4065 698 4137 inopia
710 4080 799 4116 rerum
817 4064 1028 4117 necessariarum
1047 4066 1117 4118 intus
1137 4063 1255 4117 inclusos
1273 4076 1329 4113 non

229 4144 313 4197 parvo
333 4130 419 4201 labori
438 4131 599 4185 iniecerunt
636 4136 797 4203 corrigitur
816 4136 849 4187 de
870 4134 978 4189 foedere
997 4136 1067 4189 inter
1085 4152 1115 4190 se
1134 4134 1328 4203 colloquerer.
