2875 4734
588 229 798 353 maroam
888 275 894 291 ’
1172 278 1245 354 sm

152 435 173 527 ἢ
205 444 259 508 καὶ
287 446 598 530 προσεπιγόννοσθαι
623 453 688 521 τοῖς
714 438 798 510 οότω
827 447 1002 528 δρωμένοις
1036 448 1247 528 despuenda.

152 536 255 627 όρεξις
285 547 345 630 γόρ
375 548 458 622 ἐστιν
489 540 724 631 ἀντιλυπήσεως
747 546 764 609 ό
788 544 908 629 θομόςῇ
953 543 1031 629 ἤδέ
1061 538 1162 628 όρεξις
1191 550 1249 612 δν·

153 648 277 727 σχεροός
297 650 331 709 έκ
354 649 413 712 τοῦ
434 649 607 732 προχείρου
632 644 901 725 κατακοιμιζεται.
947 646 1000 710 διό
1023 646 1112 711 τοότο
1137 648 1192 711 καὶ
1206 652 1252 736 τῷ

152 746 207 830 τῆς
227 744 321 833 ὀργῆς
344 743 470 837 α’κρότηι
491 751 731 830 χαλιναγωγίαν
754 747 770 810 ό
796 746 904 836 σοφός
930 743 1138 831 αότοκρότωρ
1163 746 1249 813 τόνδε

126 841 211 917 5τόν
232 846 328 927 νόμον
350 850 537 931 τιθέμενος,
560 849 619 930 τήν
641 852 697 931 τῆς
717 846 872 932 τιμωρίας
895 848 1064 929 α’νεβόλετο
1096 844 1251 932 ἔκβασιν,

144 942 213 1022 ,ἕως
235 938 275 1010 όν
295 946 441 1026 ό.θομδς
465 949 509 1033 τῷ
541 950 747 1029 βασιλεύοντι
773 951 941 1035 πεπανθῇ,
974 950 1249 1033 τριακονθημέρων

151 1033 378 1130 προβαίνοντος
399 1046 633 1130 διαστήματος·
676 1048 731 1113 ani
742 1054 920 1133 τηνικαῦτα,
941 1050 972 1115 εἰ
984 1053 1042 1131 μέν
1063 1046 1148 1125 ἔλεος
1165 1049 1253 1139 αὐτῷ

152 1139 174 1229 ἢ
193 1147 368 1227 μετάμελος
387 1148 514 1235 εἰσέλθῃ
538 1151 596 1211 τοό
613 1149 671 1232 την
694 1147 869 1235 κεφαλικην
889 1152 1060 1230 δεξαμένου
1084 1150 1250 1232 ιίπόφασιν

151 1239 347 1312 εἶναιτοῦτο
368 1243 449 1311 θεοῦ
481 1247 536 1312 καί
559 1247 665 1329 μένειν
692 1248 745 1314 τόν
768 1240 938 1333 όνθρωπον
961 1250 1087 1333 οἷθιγῆ,
1117 1247 1195 1325 ἴσως
1215 1251 1278 1317 ddi.
1292 1262 1344 1319 283
1357 1277 1382 1315 r.

109 1284 208 1464 Qus*
229 1345 339 1411 α’θτόόν
365 1352 463 1411 ποθεν
483 1349 728 1432 εὑρισκόμενον·
761 1354 791 1415 εἰ
815 1354 843 1413 δ’
866 1345 935 1432 odo,
951 1350 1021 1415 τότε
1043 1358 1251 1437 πεπληροφο-

152 1452 287 1533 ρημένον
307 1444 390 1514 εἶναι
410 1447 445 1513 τό
470 1455 620 1533 πρᾶγμα,
653 1450 696 1526 ὥς
715 1449 787 1517 έπεί
804 1475 862 1535 περ
886 1446 979 1516 οόδέν
1001 1478 1032 1517 τι
1067 1449 1252 1516 κατεδοσιό·

152 1572 249 1633 πηοεν
271 1548 288 1611 ό
308 1536 426 1631 χρόνος
449 1548 501 1614 τόν
522 1550 700 1636 ἀνάκτορα,
721 1557 776 1617 κατ’
801 1552 876 1628 θεός
896 1554 942 1628 εἰς
962 1551 996 1618 τό
1021 1549 1123 1628 πόθος
1150 1552 1253 1616 edroi

151 1650 406 1733 σομψηφόζεταιι
450 1652 481 1715 εἰ
501 1650 563 1734 γὰρ
586 1654 620 1715 ἕν
652 1656 694 1740 τῷ
716 1652 913 1739 παφλόζοντι
933 1657 989 1737 τῆς
1012 1652 1107 1736 όργης
1130 1655 1253 1733 δέξεται

151 1755 210 1830 μέν
233 1743 403 1831 ἅνθρωπος
425 1753 649 1835 θανατηφόρον
665 1748 793 1835 1πληγὴν
817 1747 837 1834 ἢ
858 1751 967 1836 χειρός
989 1752 1125 1837 ε’κτομην
1147 1748 1169 1837 η’
1191 1752 1254 1841 όφ-

109 1854 284 1931 15θαλμιόν
307 1848 457 1934 έκκοπήν,
489 1851 614 1925 οἷνεθείς
646 1855 681 1915 δὲ
704 1855 758 1935 τῆς
789 1853 884 1935 σ’ργῆς
918 1849 1049 1935 ὕστερον
1080 1852 1097 1915 ό
1130 1854 1254 1938 κρατιόν

148 1948 326 2031 μετόμελσν
344 1954 452 2034 ἕληται
481 1950 536 2015 καί
556 1951 613 2036 την
635 1951 801 2035 α’νιόφασιν
822 1953 1080 2018 α’νακαλέσασθαι
1099 1955 1256 2041 βουληθῇ,

150 2056 196 2127 τίς
220 2050 239 2133 ἦ
262 2053 316 2116 τοῦ
346 2053 539 2132 μεταμέλοα
553 2052 712 2137 ω’φέλειας
743 2057 822 2127 τινες
844 2054 872 2116 δ’
896 2050 1035 2134 ἒριννόες
1062 2056 1257 2138 μεταμελητό

135 2154 207 2228 (καί
238 2148 291 2216 τόν
314 2151 470 2234 κολαστὴν
501 2153 559 2218 oda
581 2152 752 2233 ἑλόσουσις
781 2157 856 2217 ποτὀι
881 2156 917 2217 δέ
947 2156 1002 2219 καό
1027 2153 1080 2220 τόν
1110 2153 1255 2221 παθόντα

144 2240 238 2336 νλόπη
260 2254 300 2315 oo'
320 2255 515 2335 διαδέξεται,
550 2249 598 2319 ότι
620 2254 697 2338 πρός
725 2254 782 2340 τη’ν
811 2253 981 2339 α’νόκλησιν
1005 2254 1257 2340 όπερρόπισται;

109 2358 256 2432 ορταότα
287 2346 343 2418 σόν
373 2355 390 2419 ό
426 2355 579 2436 βασιλεός
608 2358 858 2443 μεγαλοφρόνως
893 2355 1174 2439 κατασκεψόμενος
1204 2361 1258 2423 καὶ

154 2454 338 2540 προσθήκην
373 2456 527 2543 ἰδέαντῇ
549 2460 649 2547 νεαρρῖ
669 2458 769 2546 ταότη
792 2457 1070 2541 προσανεμοόξατο,
1102 2457 1272 2535 συντάξας

154 2558 188 2621 έν
209 2555 293 2642 αὐτῇ
314 2559 367 2621 ἴνα
394 2556 476 2638 μετό
508 2559 563 2641 την
597 2563 869 2643 τριακονθήμερον
893 2554 1168 2641 όπομιμνὴσκηται
1190 2557 1255 2621 πό·
1294 2584 1298 2590 ·

154 2662 204 2722 λιν
225 2655 241 2719 ό
261 2660 428 2738 βασιλεύς,
448 2656 503 2722 καί
519 2654 603 2724 οότω
626 2658 662 2723 τό
678 2664 777 2745 πέρας
798 2662 990 2745 α’ποτελῆται
1011 2654 1257 2747 ἢσογχωρῆτοι

155 2757 212 2862 τῆς
232 2754 435 2852 α’ποφοὶσεως.

227 2893 271 2946 23.
291 2894 470 2949 ἀποτελεῖται
490 2892 507 2960 νῖ
528 2898 756 2970 σογχωρετταιῦ.

156 3040 252 3107 cupido
273 3040 342 3092 euim
362 3049 402 3093 est
417 3042 529 3097 ultionis
546 3046 599 3097 ira:
620 3046 716 3112 cupido
737 3053 823 3097 autem
838 3062 920 3116 aegre
939 3049 966 3101 iu
981 3054 1086 3114 promtu
1106 3048 1257 3116 exstingui.

156 3119 215 3164 tur:
236 3120 381 3179 propterea
409 3116 488 3165 etiam
512 3117 569 3165 irae
595 3118 735 3183 impotenti
761 3117 865 3169 frenum
891 3120 998 3186 sapiens
1025 3121 1170 3187 imperator
1189 3118 1257 3171 hauc

155 3182 244 3251 legem
268 3183 408 3250 imponens
434 3200 539 3250 poenae
557 3186 661 3239 distulit
687 3188 805 3253 exitum,
831 3192 917 3243 donee
945 3192 985 3244 ira
1013 3192 1072 3259 regi
1091 3184 1257 3258 mitigaretur

95 3259 100 3284 ⁸
155 3255 265 3323 triginta
290 3255 391 3306 dierum
417 3257 608 3322 progrediente
633 3260 736 3325 spatio:
762 3269 843 3329 atque
871 3270 925 3313 tum
944 3265 967 3314 si
993 3263 1177 3316 misericordia
1198 3277 1257 3313 eum

156 3325 202 3377 vei
218 3326 386 3393 poenitentia
402 3326 511 3379 invadat
536 3330 594 3381 eius
622 3332 668 3398 qui
687 3332 803 3398 capitale
822 3334 941 3400 suscepit
958 3334 1096 3399 iudicium,
1126 3349 1186 3387 esse
1205 3334 1257 3385 hoc

155 3397 199 3448 dei
219 3404 246 3447 et
265 3410 373 3447 manere
392 3394 526 3450 homiuem
543 3400 687 3467 intactum,
714 3404 829 3457 fortasse
849 3406 928 3457 etiam
947 3409 1080 3459 insontem
1098 3407 1255 3459 inventum:

94 3454 109 3476 ⁸
155 3468 197 3519 siu
219 3465 315 3530 aliter,
348 3474 402 3517 tum
428 3477 510 3519 ratam
538 3485 597 3523 esse
614 3487 689 3538 rem,
709 3476 787 3542 qnia,
813 3476 859 3528 ubi
884 3477 951 3529 nihil
971 3477 1143 3530 dubitationis
1162 3478 1257 3529 iniecit

155 3546 259 3602 tempus
287 3538 459 3603 imperatori,
484 3542 564 3592 etiam
590 3544 655 3596 deus
681 3546 752 3597 malo
780 3548 837 3599 eius
862 3551 1015 3602 assentitur.
1063 3550 1161 3601 etenim
1186 3548 1210 3600 si
1228 3548 1256 3599 in

156 3607 285 3675 flagrante
302 3609 342 3659 ira
360 3611 476 3676 accipiet
494 3612 573 3665 homo
590 3617 756 3669 mortiferum
767 3620 856 3685 ictum,
876 3622 935 3675 sius
954 3636 1045 3673 manus
1063 3620 1255 3673 abscissionem

155 3680 215 3733 sive
233 3677 372 3730 oculorum
394 3682 541 3748 excidium,
560 3683 689 3740 liberatus
713 3696 802 3741 autem
821 3692 860 3743 ira
884 3700 977 3758 postea
994 3694 1138 3760 imperator
1156 3692 1255 3759 poeni-

154 3751 263 3802 teutiam
283 3751 418 3818 concipiat
432 3761 458 3804 et
475 3760 633 3809 senteutiam
652 3769 796 3813 retractare
812 3762 894 3815 velit:
913 3779 981 3830 quae
1005 3766 1055 3817 erit
1072 3764 1255 3830 poeniteutiae

155 3818 280 3873 utilitas?
316 3838 385 3890 quae
405 3824 490 3877 furiae
510 3843 544 3878 ex
565 3832 732 3895 poenitentia
758 3834 835 3884 etiam
862 3836 1048 3902 castigatorem
1071 3849 1125 3887 non
1153 3830 1255 3903 agent?

156 3891 244 3961 qualis
264 3893 342 3943 etiam
361 3894 488 3947 afflictum
506 3902 646 3967 aegritudo
671 3918 726 3954 non
748 3906 881 3971 excipiet,
912 3906 981 3973 quod
1006 3908 1039 3959 de
1063 3908 1254 3960 retractatione

156 3972 197 4017 est
215 3963 362 4016 deiectus?
381 3960 448 4018 hae'c
466 3970 549 4037 igitur
567 3988 616 4025 rex
628 3977 795 4043 magnanime
816 3976 967 4031 deliberans
988 3980 1067 4031 etiam
1085 3980 1254 4033 additamen-

110 4104 113 4107 .
154 4042 209 4087 tum
227 4038 364 4103 proprium
382 4041 509 4094 novellae
528 4043 590 4096 huic
611 4045 760 4112 adspersit,
781 4050 945 4102 constituens
961 4051 989 4102 iu
1011 4067 1054 4116 eo,
1070 4052 1105 4103 'ut
1122 4059 1183 4118 post
1202 4055 1254 4105 tri.

155 4108 230 4233 ginta
248 4109 305 4232 pies
324 4112 496 4166 admoneatur
513 4131 604 4170 rursus
623 4133 672 4179 rex
691 4128 717 4170 et
736 4121 772 4170 ita
790 4121 849 4174 finis
868 4123 1022 4189 perficiatur
1040 4131 1086 4183 aut
1105 4126 1254 4179 remittatur

156 4192 205 4233 teu
217 4195 250 4233 eu
262 4193 314 4234 uae.
