2875 4734
179 229 183 234 ’
215 250 290 321 ouo
490 185 732 309 ''uroutmrs
761 235 1040 345 uruuurorlu¹

216 419 316 482 κεῦνα
341 418 380 499 τῇ
398 411 567 491 Ῥωμαίων
588 408 675 492 α’ρχῇ
695 407 900 485 σονειιέρασε.
925 404 1082 465 δέδεικται
1103 399 1163 485 γὰρ
1188 403 1222 465 εἰι
1245 397 1321 465 τοῦ·
1426 484 1431 505 ⁴

217 543 279 583 των
304 511 354 579 ότι
375 517 437 577 τῶν
459 511 618 591 προτέρων
642 510 699 571 τοῦ
719 502 940 587 γένουςαῦτοῦ
965 502 1131 585 δυστήνων
1154 506 1320 585 κατορθω-
1427 532 1432 592 '3

216 618 328 700 μα’ταν
349 612 403 677 καί
418 615 472 695 τής
496 610 644 691 κοσμικῆς
666 605 868 692 καταλύσεως
897 606 990 671 τοῦτο
1022 608 1154 687 κορωνὶς
1183 606 1319 687 κατέστη

212 716 271 782 ’κατ’
290 719 378 790 τέλος
398 712 549 777 α’παόσιον
572 707 627 773 κατ’
646 710 812 773 τελευταία
835 703 935 789 πληγή
961 707 1015 769 καί
1048 706 1104 787 τής
1136 698 1216 779 έοόας
1245 701 1322 787 ἐρή-

214 841 326 899 μωσις.
543 851 554 875 ε
677 826 681 837 ’
722 815 729 826 '
1005 823 1010 835 “
1328 815 1345 868 5

274 916 365 985 Ἀλλ’
387 915 403 980 ό
425 919 484 996 μέν
501 906 601 987 οῦτυς
616 914 672 974 καί
684 906 865 992 πεποιηκώς
881 904 936 972 καὶ
946 904 1061 972 παθιόν
1076 897 1197 982 ῦνειδος
1218 902 1321 994 faurqi
1425 916 1433 952 ⁴

215 1024 270 1087 ιιαδ
282 1016 455 1099 ἁμαρτάδα
479 1009 587 1096 δεινήν
606 1009 823 1093 περιήνεγκεν·
848 1001 920 1091 ῦρτι
937 1010 972 1072 δὲ
984 1010 1042 1072 τοῦ
1058 1006 1237 1090 όκταβριόο
1256 1031 1321 1089 μη-
1431 1010 1434 1023 ⁴

43 1191 48 1203 ¹
216 1120 271 1196 νός
286 1123 342 1203 τῆς
354 1108 461 1201 τρίτης
479 1114 676 1187 ι’νδιιιτιιῦνος
691 1112 910 1191 ἐνισταμένου,
925 1107 1079 1189 κεραυνός
1092 1102 1269 1190 ἐπισκήψας
1286 1110 1319 1172 ἐν
1429 1080 1434 1125 ⁴

46 1287 48 1297 ,
102 1261 105 1265 ·
215 1200 398 1309 τηῦμεγόλιρ
412 1221 491 1280 ιιιόνι
506 1216 564 1278 τοῦ
576 1212 876 1277 Κανσταντινιακοῦ
891 1208 1004 1297 φόρου,
1028 1200 1068 1271 οῦ
1080 1204 1161 1271 κατὰ
1175 1206 1317 1294 κεφαλήν

218 1322 389 1406 ιῖφόδρνμα
408 1321 557 1400 μέγιστον
578 1314 701 1397 χαλκοῦ
723 1316 944 1394 πεποιημένον,
971 1308 1098 1392 όνήλιος
1120 1309 1157 1371 δὲ
1189 1311 1319 1391 λεγόμε.
1331 1327 1364 1386 10

218 1444 283 1502 νον,
305 1421 445 1503 ἵδρυται,
466 1419 564 1499 μέρος
582 1418 642 1496 μέν
662 1437 695 1478 τι
716 1414 773 1478 τοῦ
796 1415 897 1486 κίονος
917 1415 950 1476 ἐν
971 1412 1009 1497 τῇ
1024 1406 1175 1494 οἷκρότητι
1197 1410 1250 1492 τῆς
1265 1424 1320 1473 ἰιι-

124 1596 127 1605 '
220 1496 356 1608 φολίδας
378 1520 518 1599 διέτεμε,
553 1516 720 1596 ζωστῆρας
744 1514 778 1577 δὲ
813 1504 928 1575 τοῦτον
958 1520 1057 1596 τρεῖς,
1083 1510 1236 1595 σιδηροῦς
1262 1512 1321 1590 μέν
1428 1528 1436 1554 t

216 1620 256 1689 τό
279 1619 393 1700 ἔνδον,
417 1618 524 1705 χαλκρῖ
547 1618 582 1680 δὲ
606 1616 888 1699 περιειλημμένους
910 1610 1050 1695 ἔξωθεν,
1070 1612 1241 1695 κατέρραξε
1267 1614 1322 1674 καί

143 1784 146 1789 .
218 1726 375 1799 διέκοψεν,
395 1716 578 1801 ἀνθρώπων
602 1716 637 1778 δὲ
659 1714 776 1778 cottia
799 1712 874 1775 αι’δδ
893 1716 957 1777 τῶν
984 1708 1217 1795 όλόγοονζοόαν
1241 1715 1321 1777 ε’λιο-
1426 1682 1437 1751 ⁴

216 1818 339 1904 βήσατό
361 1844 401 1884 τι.
446 1819 522 1888 ου’δέ
541 1843 572 1881 τι
604 1815 691 1897 ἴχνος
726 1812 845 1879 καπνόν
870 1812 1120 1898 τεκμαιρόμενον
1153 1811 1205 1877 τόν
1233 1818 1320 1877 stom
1334 1836 1366 1889 15

156 2000 160 2006 .
216 1916 370 2004 ῦ-βρισεν,
401 1921 469 1983 a'tt’
491 1914 511 2002 ή
535 1921 593 1982 τοῦ
613 1918 770 2001 κεραυνοῦ
792 1912 972 1999 σφοδρότης
995 1907 1100 1996 οἷόσπερ
1134 1938 1180 1988 τις
1211 1912 1322 1993 όντμι.

219 2023 276 2085 αιά
287 2018 347 2101 τήν
359 2018 458 2105 φῦσιν
479 2019 694 2099 τυγχάνουσα,
709 2018 766 2098 τήν
785 2016 814 2077 δ’
827 2012 923 2095 ἶσχόν
938 2012 1206 2095 δυσπαρόδειιτος,
1221 2006 1323 2086 οὕτως
1433 2003 1436 2024 “

221 2122 418 2205 ἀνυβρίστως
439 2124 475 2184 τὸ
495 2123 681 2203 τηλικοῦτον
693 2114 784 2199 ἔργον
800 2116 855 2180 καὶ
872 2116 928 2195 τήν
948 2117 1007 2178 τοῦ
1027 2110 1161 2196 σιδήρου
1177 2116 1323 2196 scipul-

219 2224 277 2286 τοῦ
297 2220 492 2307 στερρότητα
522 2219 565 2292 ὦς
598 2217 632 2283 τό
664 2218 801 2300 λάχανον
831 2214 1002 2298 έξεθὲρισε.
1048 2216 1102 2277 καί
1130 2212 1186 2289 τός
1218 2216 1321 2289 αἰτίας

179 2350 186 2367 ¹
217 2326 280 2387 τιῦν
302 2322 464 2404 κεραυνῶν
490 2312 579 2384 ἄλλοι
601 2321 660 2399 μὲν
683 2311 778 2390 ἄλλος
798 2316 1073 2399 ι’δι’δονν,,ἓτεροι
1098 2317 1133 2378 δὲ
1156 2317 1366 2395 δνομοιας.γό

219 2420 249 2486 οἱ
271 2421 407 2504 μὲνγὰρ
429 2424 652 2503 μαθηματικοί
670 2418 825 2500 ποτάμιον
846 2410 928 2480 εἶναι
949 2418 1045 2481 τοῦτο
1068 2417 1131 2499 πῦρ
1151 2418 1185 2479 titt
1205 2438 1322 2501 φυσιο-
1433 2495 1436 2501 Ι

119 2549 122 2557 ’
218 2526 326 2606 λογιάς
354 2526 561 2606 ἐφθέγγοντο,
593 2522 630 2607 τῇ
652 2523 715 2584 τῶν
738 2522 843 2605 νεφῶν
863 2516 1054 2601 σαγιιρσόσει
1076 2518 1130 2580 καί
1158 2517 1323 2598 διαρρήξει

217 2622 432 2705 γεννώμενον·
475 2625 665 2705 λεπτομερὲς
688 2622 718 2684 δ’
737 2618 769 2695 ἒς
782 2611 938 2702 ῦγαν,ιιαι’
958 2627 1024 2694 τοϊς
1038 2616 1219 2691 όντιτόποις
1238 2620 1322 2697 μᾶλ-

291 2780 317 2833 9.
338 2782 557 2838 κανστανιαιιοῦ
576 2781 607 2835 0.
700 2781 742 2833 11.
761 2780 861 2854 μέντοι
880 2774 910 2835 0.

220 2925 305 2981 sarius
322 2925 417 2979 tribuit
438 2934 464 2978 et
482 2924 563 2978 talem
581 2922 682 2994 {potum
700 2926 878 2980 Romanorum
905 2927 1018 2993 imperio
1037 2926 1151 2978 miscuit.
1188 2934 1323 2980 monama-

220 3003 274 3048 tum
295 2999 365 3049 enim
384 3006 424 3050 est
442 3014 475 3049 cx
491 2997 545 3063 his,
563 3000 680 3065 priorum
699 2998 807 3067 generis
827 2998 884 3051 eius
902 2998 1016 3051 tristium
1039 2998 1168 3049 lectorum
1188 3006 1216 3051 ct
1232 3006 1322 3051 terrc-

219 3084 271 3121 nae
290 3070 441 3121 eversionis
470 3068 521 3121 hoc
547 3071 681 3121 adstitisse
705 3069 843 3137 fastigium
871 3077 898 3120 et
924 3069 1002 3121 linem
1030 3067 1138 3121 fatalem
1156 3076 1183 3121 et
1201 3069 1321 3123 ultimum

218 3140 299 3191 ictum
320 3149 347 3192 ct
364 3141 475 3191 orientis
494 3141 677 3193 solitudinem.

319 3227 372 3280 Sed
393 3230 416 3280 is
445 3244 503 3278 cum
519 3224 559 3281 ita
586 3230 688 3296 egisset
712 3237 739 3280 et
763 3244 856 3296 passus
883 3236 969 3292 esset,
989 3228 1113 3295 probrum
1132 3229 1183 3281 sibi
1203 3238 1230 3281 et
1248 3230 1322 3282 deli.

221 3306 291 3350 ctum
317 3299 401 3350 dirum
430 3299 551 3351 contulit.
595 3316 655 3352 cum
679 3299 757 3351 modo
783 3300 895 3353 october
919 3302 1018 3351 mensis
1042 3301 1137 3351 tertiae
1166 3301 1322 3355 indictionis

110 3386 116 3395 ⁵
220 3369 334 3432 adesset,
355 3368 455 3420 fulmen
471 3371 575 3423 irruens
592 3372 621 3423 in
633 3387 755 3441 magnam
775 3371 923 3424 columnam
937 3372 989 3423 fori
1001 3370 1222 3438 Constantiniani,
1243 3374 1321 3426 cuius

220 3440 248 3491 iu
270 3441 358 3506 capite
379 3441 489 3507 siguum
502 3444 649 3494 maximum·
663 3458 785 3507 aeneum,
806 3444 872 3497 solis
893 3458 988 3510 expers
1010 3445 1183 3507 nominatum,
1204 3451 1244 3496 est
1266 3459 1320 3511 po.

110 3553 113 3559 .
220 3512 309 3574 situm,
328 3519 430 3577 partem
451 3512 591 3565 columnae
608 3516 636 3565 iu
656 3514 765 3581 fastigio
778 3514 888 3581 capituli
899 3515 1014 3577 discidit,
1035 3529 1116 3567 sonas
1134 3523 1223 3567 autem
1241 3514 1320 3567 huius

220 3589 285 3644 tres,
306 3582 407 3633 ferreas
428 3584 518 3649 intus,
539 3600 603 3636 aere
622 3594 710 3637 autem
730 3586 923 3638 circumductas
942 3593 1026 3650 extra,
1047 3586 1160 3653 disrupit
1179 3593 1206 3637 ct
1223 3587 1320 3639 couci-

220 3652 267 3716 dit,
287 3651 421 3704 hominum
439 3664 526 3707 autem
546 3657 677 3708 nemiuem
696 3671 785 3724 neque
811 3657 948 3709 brutorum
967 3657 1119 3709 animalium
1138 3658 1232 3709 damno
1250 3657 1321 3709 alie.

220 3723 257 3773 cit
275 3724 430 3791 quidquam:
449 3742 537 3795 neque
557 3729 701 3796 vestigium
722 3722 819 3780 fumum
838 3728 990 3797 significans
1016 3728 1165 3780 columnam
1184 3729 1321 3781 deforma-

219 3792 277 3844 vit:
297 3795 344 3845 sed
362 3795 481 3849 fulminis
499 3798 679 3863 vehementia,
705 3800 781 3867 quasi
801 3808 914 3852 ventosa
937 3807 1032 3851 natura
1053 3808 1079 3851 et
1097 3802 1125 3851 vi
1144 3813 1198 3851 nou
1218 3800 1322 3866 recipi.

221 3862 303 3928 cuda,
328 3865 365 3916 ita
388 3882 441 3919 non
466 3869 637 3921 deformando
665 3870 718 3921 tale
745 3885 811 3936 opus
842 3878 868 3921 ot
886 3872 951 3923 ferri
977 3878 1056 3937 atque
1081 3872 1151 3922 aeris
1171 3871 1323 3923 firmitatem

113 3978 124 3997 ,
147 3974 151 3983 .
219 3942 343 4003 tanquam
364 3935 470 3989 herbam
499 3941 665 3993 demetebat:
691 3950 771 4007 atque
797 3956 889 3993 causas
909 3941 1048 3993 fulminum
1077 3941 1124 3993 alii
1143 3941 1210 3993 alias
1228 3941 1323 3993 trade..

219 4005 292 4070 baut,
313 4006 360 4058 alii
380 4017 467 4059 autem
485 4010 639 4063 dissimiles.
676 4011 856 4064 mathematici
877 4014 945 4064 euim
965 4010 1100 4067 fiuvialem
1117 4028 1177 4066 esse
1196 4014 1284 4080 ignem
1305 4028 1324 4063 e

220 4075 394 4146 physiologia
421 4081 644 4145 pronuntiabant,
669 4081 777 4132 uuhium
807 4085 964 4136 contusione
984 4092 1010 4135 et
1035 4084 1201 4151 disruptione
1219 4088 1324 4135 ortum:

221 4153 328 4200 tenuem
353 4149 432 4202 ualde
459 4158 486 4201 et
512 4152 609 4206 ictibus
636 4153 776 4220 magisque
795 4152 897 4206 latente
925 4156 953 4207 si
978 4162 1005 4206 et
1026 4155 1203 4210 concussione
1220 4152 1323 4210 illisum
