<?xml version="1.0" encoding="UTF-8"?>
<!DOCTYPE html PUBLIC "-//W3C//DTD XHTML 1.0 Transitional//EN"
    "http://www.w3.org/TR/xhtml1/DTD/xhtml1-transitional.dtd">
<html xmlns="http://www.w3.org/1999/xhtml" xml:lang="en" lang="en">
 <head>
  <title>
</title>
<meta http-equiv="Content-Type" content="text/html;charset=utf-8" />
  <meta name='ocr-system' content='tesseract 3.04.00' />
  <meta name='ocr-capabilities' content='ocr_page ocr_carea ocr_par ocr_line ocrx_word'/>
</head>
<body>
  <div class='ocr_page' id='page_1' title='image "./corpusscriptoru05theogoog/corpusscriptoru05theogoog_0104.png"; bbox 0 0 2875 4734; ppageno 0'>
   <div class='ocr_carea' id='block_1_1' title="bbox 154 245 953 340">
    <p class='ocr_par' dir='ltr' id='par_1_1' title="bbox 154 245 953 340">
     <span class='ocr_line' id='line_1_1' title="bbox 154 245 953 340; baseline -0.004 -16"><span class='ocrx_word' id='word_1_1' title='bbox 154 251 203 324; x_wconf 79' lang='lat'><strong>86</strong></span> <span class='ocrx_word' id='word_1_2' title='bbox 217 282 235 324; x_wconf 64' lang='lat' dir='ltr'>x</span> <span class='ocrx_word' id='word_1_3' title='bbox 439 248 659 340; x_wconf 76' lang='lat' dir='ltr'><strong>moninus</strong></span> <span class='ocrx_word' id='word_1_4' title='bbox 689 245 953 323; x_wconf 68' lang='lat' dir='ltr'><strong>tt&#39;ttttfflt</strong></span> 
     </span>
    </p>
   </div>
   <div class='ocr_carea' id='block_1_2' title="bbox 24 413 1306 2718">
    <p class='ocr_par' dir='ltr' id='par_1_2' title="bbox 24 413 1288 1209">
     <span class='ocr_line' id='line_1_2' title="bbox 158 413 1260 502; baseline -0.003 -16"><span class='ocrx_word' id='word_1_5' title='bbox 158 419 212 486; x_wconf 89' lang='grc' dir='ltr'><em>ιιαί</em></span> <span class='ocrx_word' id='word_1_6' title='bbox 248 417 360 494; x_wconf 81' lang='grc' dir='ltr'><em>ὅπλαῖς</em></span> <span class='ocrx_word' id='word_1_7' title='bbox 387 416 511 502; x_wconf 86' lang='grc' dir='ltr'><em>ἀλόγων</em></span> <span class='ocrx_word' id='word_1_8' title='bbox 546 415 635 498; x_wconf 75' lang='grc' dir='ltr'><em>ζιόων</em></span> <span class='ocrx_word' id='word_1_9' title='bbox 671 417 727 482; x_wconf 81' lang='grc' dir='ltr'><strong>καί</strong></span> <span class='ocrx_word' id='word_1_10' title='bbox 759 416 874 492; x_wconf 68' lang='grc' dir='ltr'><em>αὐτοῖς</em></span> <span class='ocrx_word' id='word_1_11' title='bbox 902 423 973 495; x_wconf 83' lang='grc' dir='ltr'><em>ταῖς</em></span> <span class='ocrx_word' id='word_1_12' title='bbox 1004 417 1101 492; x_wconf 83' lang='grc' dir='ltr'><em>ι’δίαις</em></span> <span class='ocrx_word' id='word_1_13' title='bbox 1121 413 1260 500; x_wconf 77' lang='grc' dir='ltr'><em>ἀμάξαις</em></span> 
     </span>
     <span class='ocr_line' id='line_1_3' title="bbox 158 515 1261 605; baseline -0.001 -19"><span class='ocrx_word' id='word_1_14' title='bbox 158 523 418 605; x_wconf 73' lang='grc' dir='ltr'><strong><em>συμπατηθέντες</em></strong></span> <span class='ocrx_word' id='word_1_15' title='bbox 434 518 489 583; x_wconf 82' lang='grc' dir='ltr'><strong>καί</strong></span> <span class='ocrx_word' id='word_1_16' title='bbox 507 515 837 604; x_wconf 77' lang='grc' dir='ltr'><em>ἀναιρεθέντεςτιαρά</em></span> <span class='ocrx_word' id='word_1_17' title='bbox 851 523 956 584; x_wconf 77' lang='grc' dir='ltr'><em>πᾶσαν</em></span> <span class='ocrx_word' id='word_1_18' title='bbox 978 516 1185 604; x_wconf 72' lang='grc' dir='ltr'><strong>ἀνθρωπίνην</strong></span> <span class='ocrx_word' id='word_1_19' title='bbox 1205 521 1261 585; x_wconf 85' lang='grc' dir='ltr'><strong>ἔλ-</strong></span> 
     </span>
     <span class='ocr_line' id='line_1_4' title="bbox 159 615 1261 706; baseline 0.001 -20"><span class='ocrx_word' id='word_1_20' title='bbox 159 623 249 702; x_wconf 88' lang='grc' dir='ltr'><em>πίδα,</em></span> <span class='ocrx_word' id='word_1_21' title='bbox 267 623 322 685; x_wconf 83' lang='grc' dir='ltr'><strong>καί</strong></span> <span class='ocrx_word' id='word_1_22' title='bbox 358 622 403 697; x_wconf 86' lang='grc' dir='ltr'><strong>εἰς</strong></span> <span class='ocrx_word' id='word_1_23' title='bbox 427 619 521 686; x_wconf 82' lang='grc' dir='ltr'><em>οὐδὲν</em></span> <span class='ocrx_word' id='word_1_24' title='bbox 551 625 751 706; x_wconf 70' lang='grc' dir='ltr'><em>λογισθέντες</em></span> <span class='ocrx_word' id='word_1_25' title='bbox 779 617 810 685; x_wconf 79' lang='grc' dir='ltr'><em>οἱ</em></span> <span class='ocrx_word' id='word_1_26' title='bbox 839 620 965 685; x_wconf 83' lang='grc' dir='ltr'><em>πόντων</em></span> <span class='ocrx_word' id='word_1_27' title='bbox 995 615 1163 704; x_wconf 70' lang='grc' dir='ltr'><em>κρατήσειν</em></span> <span class='ocrx_word' id='word_1_28' title='bbox 1185 623 1261 687; x_wconf 80' lang='grc' dir='ltr'><em>ποτὲ</em></span> 
     </span>
     <span class='ocr_line' id='line_1_5' title="bbox 160 713 1261 809; baseline -0.002 -22"><span class='ocrx_word' id='word_1_29' title='bbox 160 717 427 807; x_wconf 76' lang='grc' dir='ltr'><em>προσδεκόμενοι.</em></span> <span class='ocrx_word' id='word_1_30' title='bbox 472 719 527 786; x_wconf 80' lang='grc' dir='ltr'><strong>καί</strong></span> <span class='ocrx_word' id='word_1_31' title='bbox 545 714 623 806; x_wconf 84' lang='grc' dir='ltr'><strong>ήνή</strong></span> <span class='ocrx_word' id='word_1_32' title='bbox 650 713 743 807; x_wconf 80' lang='grc' dir='ltr'><em>φήμη</em></span> <span class='ocrx_word' id='word_1_33' title='bbox 765 721 825 783; x_wconf 86' lang='grc' dir='ltr'><em>τού</em></span> <span class='ocrx_word' id='word_1_34' title='bbox 848 720 989 805; x_wconf 83' lang='grc' dir='ltr'><em>ἀληθοῦς</em></span> <span class='ocrx_word' id='word_1_35' title='bbox 1012 716 1057 803; x_wconf 89' lang='grc' dir='ltr'><strong>μή</strong></span> <span class='ocrx_word' id='word_1_36' title='bbox 1083 718 1261 809; x_wconf 78' lang='grc' dir='ltr'><em>ἀπήδοοσα.</em></span> 
     </span>
     <span class='ocr_line' id='line_1_6' title="bbox 78 816 1288 906; baseline -0.002 -18"><span class='ocrx_word' id='word_1_37' title='bbox 78 861 84 872; x_wconf 87' lang='grc'>·</span> <span class='ocrx_word' id='word_1_38' title='bbox 160 820 176 888; x_wconf 89' lang='grc' dir='ltr'><em>ό</em></span> <span class='ocrx_word' id='word_1_39' title='bbox 200 826 236 889; x_wconf 76' lang='grc' dir='ltr'><strong>δὲ</strong></span> <span class='ocrx_word' id='word_1_40' title='bbox 258 819 412 906; x_wconf 82' lang='grc' dir='ltr'><em>βασιλεύς</em></span> <span class='ocrx_word' id='word_1_41' title='bbox 438 819 627 904; x_wconf 75' lang='grc' dir='ltr'><em>παραδόξως</em></span> <span class='ocrx_word' id='word_1_42' title='bbox 649 822 866 886; x_wconf 78' lang='grc' dir='ltr'><em>διασωθείσαν</em></span> <span class='ocrx_word' id='word_1_43' title='bbox 888 816 945 904; x_wconf 90' lang='grc' dir='ltr'><em>τήν</em></span> <span class='ocrx_word' id='word_1_44' title='bbox 977 818 1030 884; x_wconf 83' lang='grc' dir='ltr'><em>ὐπ’</em></span> <span class='ocrx_word' id='word_1_45' title='bbox 1052 817 1149 887; x_wconf 85' lang='grc' dir='ltr'><em>αὐτόν</em></span> <span class='ocrx_word' id='word_1_46' title='bbox 1172 820 1288 903; x_wconf 61' lang='lat' dir='ltr'><strong>idaim</strong></span> 
     </span>
     <span class='ocr_line' id='line_1_7' title="bbox 158 917 1261 1011; baseline -0.007 -21"><span class='ocrx_word' id='word_1_47' title='bbox 158 928 214 990; x_wconf 83' lang='grc' dir='ltr'><strong>ναί</strong></span> <span class='ocrx_word' id='word_1_48' title='bbox 232 921 411 1007; x_wconf 79' lang='grc' dir='ltr'><em>περιχαρὴς</em></span> <span class='ocrx_word' id='word_1_49' title='bbox 432 917 559 997; x_wconf 82' lang='grc' dir='ltr'><em>εἰκότως</em></span> <span class='ocrx_word' id='word_1_50' title='bbox 582 922 756 1005; x_wconf 84' lang='grc' dir='ltr'><em>γενόμενος,</em></span> <span class='ocrx_word' id='word_1_51' title='bbox 778 924 835 986; x_wconf 80' lang='grc' dir='ltr'><strong>καί</strong></span> <span class='ocrx_word' id='word_1_52' title='bbox 853 921 896 1008; x_wconf 75' lang='grc' dir='ltr'><em>τήν</em></span> <span class='ocrx_word' id='word_1_53' title='bbox 916 923 983 1011; x_wconf 73' lang='grc' dir='ltr'><strong>θεῷ</strong></span> <span class='ocrx_word' id='word_1_54' title='bbox 1002 925 1059 986; x_wconf 82' lang='grc' dir='ltr'><em>κατ’</em></span> <span class='ocrx_word' id='word_1_55' title='bbox 1077 924 1116 1010; x_wconf 76' lang='grc' dir='ltr'><em>τῇ</em></span> <span class='ocrx_word' id='word_1_56' title='bbox 1137 946 1261 1004; x_wconf 62' lang='grc' dir='ltr'><em>παναχ.’</em></span> 
     </span>
     <span class='ocr_line' id='line_1_8' title="bbox 24 1019 1282 1113; baseline -0.001 -23"><span class='ocrx_word' id='word_1_57' title='bbox 24 1026 260 1113; x_wconf 65' lang='lat' dir='ltr'><strong>tlatnodvttt</strong></span> <span class='ocrx_word' id='word_1_58' title='bbox 287 1022 343 1088; x_wconf 79' lang='grc' dir='ltr'><strong>καί</strong></span> <span class='ocrx_word' id='word_1_59' title='bbox 371 1023 517 1109; x_wconf 72' lang='grc' dir='ltr'><em>δεσποίνῃ</em></span> <span class='ocrx_word' id='word_1_60' title='bbox 550 1021 690 1112; x_wconf 83' lang='grc' dir='ltr'><em>θιοτόιιηι</em></span> <span class='ocrx_word' id='word_1_61' title='bbox 717 1022 913 1108; x_wconf 73' lang='grc' dir='ltr'><em>χαριστήρια</em></span> <span class='ocrx_word' id='word_1_62' title='bbox 942 1021 1063 1103; x_wconf 89' lang='grc' dir='ltr'><em>θύσας,</em></span> <span class='ocrx_word' id='word_1_63' title='bbox 1096 1019 1180 1086; x_wconf 84' lang='grc' dir='ltr'><strong>εὐθύ</strong></span> <span class='ocrx_word' id='word_1_64' title='bbox 1207 1028 1282 1107; x_wconf 66' lang='grc' dir='ltr'><em>τήςι</em></span> 
     </span>
     <span class='ocr_line' id='line_1_9' title="bbox 155 1107 1260 1209; baseline -0.005 -19"><span class='ocrx_word' id='word_1_65' title='bbox 155 1124 321 1209; x_wconf 80' lang='grc' dir='ltr'><em>βασιλίδος</em></span> <span class='ocrx_word' id='word_1_66' title='bbox 343 1107 563 1204; x_wconf 74' lang='grc' dir='ltr'><em>ἐπεπορεύετο.</em></span> <span class='ocrx_word' id='word_1_67' title='bbox 608 1113 684 1206; x_wconf 71' lang='lat' dir='ltr'><strong>adpo</strong></span> <span class='ocrx_word' id='word_1_68' title='bbox 707 1123 744 1186; x_wconf 79' lang='lat' dir='ltr'><strong>dd</strong></span> <span class='ocrx_word' id='word_1_69' title='bbox 760 1117 878 1206; x_wconf 77' lang='grc' dir='ltr'><em>ταύτην</em></span> <span class='ocrx_word' id='word_1_70' title='bbox 899 1121 1073 1207; x_wconf 81' lang='grc' dir='ltr'><em>ἐκπλήξεως</em></span> <span class='ocrx_word' id='word_1_71' title='bbox 1097 1122 1152 1186; x_wconf 78' lang='grc' dir='ltr'><strong>καί</strong></span> <span class='ocrx_word' id='word_1_72' title='bbox 1172 1119 1260 1187; x_wconf 88' lang='grc' dir='ltr'><strong>θαύ-</strong></span> 
     </span>
    </p>

    <p class='ocr_par' dir='ltr' id='par_1_3' title="bbox 37 1218 1305 1691">
     <span class='ocr_line' id='line_1_10' title="bbox 37 1218 1261 1311; baseline -0.001 -22"><span class='ocrx_word' id='word_1_73' title='bbox 37 1255 42 1260; x_wconf 94' lang='grc'><strong><em>·</em></strong></span> <span class='ocrx_word' id='word_1_74' title='bbox 156 1246 254 1307; x_wconf 81' lang='grc' dir='ltr'><em>ματος</em></span> <span class='ocrx_word' id='word_1_75' title='bbox 273 1227 434 1305; x_wconf 76' lang='grc' dir='ltr'><em>γέμουσαν</em></span> <span class='ocrx_word' id='word_1_76' title='bbox 455 1224 509 1286; x_wconf 78' lang='grc' dir='ltr'><em>κατ’</em></span> <span class='ocrx_word' id='word_1_77' title='bbox 530 1225 660 1307; x_wconf 76' lang='grc' dir='ltr'><em>σῶστρα</em></span> <span class='ocrx_word' id='word_1_78' title='bbox 683 1226 724 1309; x_wconf 76' lang='grc' dir='ltr'><em>τῇ</em></span> <span class='ocrx_word' id='word_1_79' title='bbox 746 1225 910 1311; x_wconf 77' lang='grc' dir='ltr'><em>ζωαρχικγή</em></span> <span class='ocrx_word' id='word_1_80' title='bbox 928 1218 1035 1305; x_wconf 86' lang='grc' dir='ltr'><em>τριάδι</em></span> <span class='ocrx_word' id='word_1_81' title='bbox 1067 1222 1122 1287; x_wconf 79' lang='grc' dir='ltr'><strong>καί</strong></span> <span class='ocrx_word' id='word_1_82' title='bbox 1139 1227 1177 1311; x_wconf 80' lang='grc' dir='ltr'><em>τῇ</em></span> <span class='ocrx_word' id='word_1_83' title='bbox 1197 1246 1261 1309; x_wconf 88' lang='grc' dir='ltr'><strong>μη-</strong></span> 
     </span>
     <span class='ocr_line' id='line_1_11' title="bbox 156 1312 1305 1410; baseline -0.002 -19"><span class='ocrx_word' id='word_1_84' title='bbox 156 1323 209 1410; x_wconf 83' lang='grc' dir='ltr'><em>τρί</em></span> <span class='ocrx_word' id='word_1_85' title='bbox 228 1325 287 1388; x_wconf 79' lang='grc' dir='ltr'><strong>τοῦ</strong></span> <span class='ocrx_word' id='word_1_86' title='bbox 309 1312 532 1408; x_wconf 80' lang='grc' dir='ltr'><strong>θεανθραόποο1</strong></span> <span class='ocrx_word' id='word_1_87' title='bbox 552 1320 645 1404; x_wconf 80' lang='grc' dir='ltr'><em>λόγον</em></span> <span class='ocrx_word' id='word_1_88' title='bbox 671 1324 825 1407; x_wconf 73' lang='grc' dir='ltr'><em>λαμπρῶς</em></span> <span class='ocrx_word' id='word_1_89' title='bbox 851 1318 1060 1388; x_wconf 82' lang='grc' dir='ltr'><em>ἔπιθόοοσαν.</em></span> <span class='ocrx_word' id='word_1_90' title='bbox 1103 1318 1135 1386; x_wconf 74' lang='grc' dir='ltr'><em>οἱ</em></span> <span class='ocrx_word' id='word_1_91' title='bbox 1157 1323 1186 1386; x_wconf 91' lang='grc' dir='ltr'><strong>δ’</strong></span> <span class='ocrx_word' id='word_1_92' title='bbox 1208 1324 1305 1389; x_wconf 71' lang='lat' dir='ltr'><strong>tutto</strong></span> 
     </span>
     <span class='ocr_line' id='line_1_12' title="bbox 156 1414 1261 1510; baseline -0.002 -20"><span class='ocrx_word' id='word_1_93' title='bbox 156 1425 213 1510; x_wconf 86' lang='grc' dir='ltr'><strong>τής</strong></span> <span class='ocrx_word' id='word_1_94' title='bbox 235 1422 391 1508; x_wconf 73' lang='grc' dir='ltr'><em>Εὐρώπης</em></span> <span class='ocrx_word' id='word_1_95' title='bbox 420 1423 475 1488; x_wconf 82' lang='grc' dir='ltr'><strong>καί</strong></span> <span class='ocrx_word' id='word_1_96' title='bbox 504 1421 597 1488; x_wconf 78' lang='grc' dir='ltr'><em>αὐτοὶ</em></span> <span class='ocrx_word' id='word_1_97' title='bbox 628 1419 684 1508; x_wconf 88' lang='grc' dir='ltr'><em>τήν</em></span> <span class='ocrx_word' id='word_1_98' title='bbox 706 1423 917 1509; x_wconf 89' lang='grc' dir='ltr'><em>εὐχαριστίαν</em></span> <span class='ocrx_word' id='word_1_99' title='bbox 944 1414 1018 1488; x_wconf 82' lang='grc' dir='ltr'><em>ὅσον</em></span> <span class='ocrx_word' id='word_1_100' title='bbox 1038 1419 1122 1500; x_wconf 74' lang='grc' dir='ltr'><em>εἰκός</em></span> <span class='ocrx_word' id='word_1_101' title='bbox 1144 1424 1261 1488; x_wconf 80' lang='grc' dir='ltr'><em>ἀπονί-</em></span> 
     </span>
     <span class='ocr_line' id='line_1_13' title="bbox 155 1505 1262 1611; baseline -0.003 -23"><span class='ocrx_word' id='word_1_102' title='bbox 155 1547 285 1609; x_wconf 86' lang='grc' dir='ltr'><em>μσντες,</em></span> <span class='ocrx_word' id='word_1_103' title='bbox 317 1505 475 1611; x_wconf 75' lang='grc' dir='ltr'><em>ἀφήγημα</em></span> <span class='ocrx_word' id='word_1_104' title='bbox 496 1526 644 1606; x_wconf 76' lang='grc' dir='ltr'><em>μέγιστον</em></span> <span class='ocrx_word' id='word_1_105' title='bbox 675 1525 731 1588; x_wconf 79' lang='grc' dir='ltr'><strong>καί</strong></span> <span class='ocrx_word' id='word_1_106' title='bbox 757 1526 846 1587; x_wconf 76' lang='grc' dir='ltr'><em>θεῖον</em></span> <span class='ocrx_word' id='word_1_107' title='bbox 877 1521 969 1609; x_wconf 90' lang='grc' dir='ltr'><em>ἔργον</em></span> <span class='ocrx_word' id='word_1_108' title='bbox 994 1520 1030 1587; x_wconf 89' lang='grc' dir='ltr'><em>τό</em></span> <span class='ocrx_word' id='word_1_109' title='bbox 1058 1519 1150 1609; x_wconf 88' lang='grc' dir='ltr'><em>ἔργον</em></span> <span class='ocrx_word' id='word_1_110' title='bbox 1168 1523 1262 1588; x_wconf 89' lang='grc' dir='ltr'><strong>τούτο</strong></span> 
     </span>
     <span class='ocr_line' id='line_1_14' title="bbox 156 1625 314 1691; baseline -0.013 0"><span class='ocrx_word' id='word_1_111' title='bbox 156 1625 314 1691; x_wconf 84' lang='grc' dir='ltr'><em>ἔτιθεσαν.</em></span> 
     </span>
    </p>

    <p class='ocr_par' dir='ltr' id='par_1_4' title="bbox 152 1713 1306 2417">
     <span class='ocr_line' id='line_1_15' title="bbox 260 1713 1259 1815; baseline -0.001 -24"><span class='ocrx_word' id='word_1_112' title='bbox 260 1719 373 1801; x_wconf 81' lang='grc' dir='ltr'><em>Οὐτως</em></span> <span class='ocrx_word' id='word_1_113' title='bbox 388 1723 442 1790; x_wconf 80' lang='grc' dir='ltr'><em>ἐπὶ</em></span> <span class='ocrx_word' id='word_1_114' title='bbox 456 1727 514 1790; x_wconf 88' lang='grc' dir='ltr'><em>τού</em></span> <span class='ocrx_word' id='word_1_115' title='bbox 536 1713 634 1790; x_wconf 76' lang='grc' dir='ltr'><em>αὐτοῦ</em></span> <span class='ocrx_word' id='word_1_116' title='bbox 649 1728 808 1806; x_wconf 72' lang='grc' dir='ltr'><em>βασιλέως</em></span> <span class='ocrx_word' id='word_1_117' title='bbox 828 1729 883 1790; x_wconf 84' lang='grc' dir='ltr'><strong>καί</strong></span> <span class='ocrx_word' id='word_1_118' title='bbox 905 1728 1024 1811; x_wconf 85' lang='grc' dir='ltr'><em>πληγαί</em></span> <span class='ocrx_word' id='word_1_119' title='bbox 1041 1728 1078 1815; x_wconf 70' lang='grc' dir='ltr'><em>τῇ</em></span> <span class='ocrx_word' id='word_1_120' title='bbox 1088 1720 1259 1808; x_wconf 78' lang='grc' dir='ltr'><em>Ῥωμαίων</em></span> 
     </span>
     <span class='ocr_line' id='line_1_16' title="bbox 156 1817 1306 1914; baseline 0.003 -21"><span class='ocrx_word' id='word_1_121' title='bbox 156 1828 408 1912; x_wconf 81' lang='grc' dir='ltr'><em>προσετρίβησαν</em></span> <span class='ocrx_word' id='word_1_122' title='bbox 432 1825 484 1914; x_wconf 74' lang='grc' dir='ltr'><strong>γῇ,</strong></span> <span class='ocrx_word' id='word_1_123' title='bbox 502 1829 557 1891; x_wconf 83' lang='grc' dir='ltr'><strong>καί</strong></span> <span class='ocrx_word' id='word_1_124' title='bbox 573 1817 742 1910; x_wconf 86' lang='grc' dir='ltr'><em>ἀπαλλαγή</em></span> <span class='ocrx_word' id='word_1_125' title='bbox 760 1821 855 1891; x_wconf 82' lang='grc' dir='ltr'><em>πόλιν</em></span> <span class='ocrx_word' id='word_1_126' title='bbox 872 1828 1020 1892; x_wconf 84' lang='grc' dir='ltr'><em>ιιινδύνοα</em></span> <span class='ocrx_word' id='word_1_127' title='bbox 1031 1824 1183 1909; x_wconf 79' lang='grc' dir='ltr'><em>μεγίσταν</em></span> <span class='ocrx_word' id='word_1_128' title='bbox 1207 1826 1263 1892; x_wconf 83' lang='grc' dir='ltr'><strong>καί</strong></span> <span class='ocrx_word' id='word_1_129' title='bbox 1273 1845 1306 1899; x_wconf 83' lang='grc'><strong>15</strong></span> 
     </span>
     <span class='ocr_line' id='line_1_17' title="bbox 157 1922 1261 2013; baseline -0.003 -19"><span class='ocrx_word' id='word_1_130' title='bbox 157 1926 360 2013; x_wconf 80' lang='grc' dir='ltr'><em>καταστροφή</em></span> <span class='ocrx_word' id='word_1_131' title='bbox 379 1930 538 2010; x_wconf 83' lang='grc' dir='ltr'><em>πολεμίων</em></span> <span class='ocrx_word' id='word_1_132' title='bbox 555 1926 792 2013; x_wconf 70' lang='grc' dir='ltr'><em>ἀπροσδόκητος</em></span> <span class='ocrx_word' id='word_1_133' title='bbox 806 1930 975 2012; x_wconf 82' lang='grc' dir='ltr'><em>ἐπιγέγονε,</em></span> <span class='ocrx_word' id='word_1_134' title='bbox 995 1930 1050 1991; x_wconf 77' lang='grc' dir='ltr'><em>κατ’</em></span> <span class='ocrx_word' id='word_1_135' title='bbox 1065 1922 1142 2013; x_wconf 80' lang='grc' dir='ltr'><em>ὅσην</em></span> <span class='ocrx_word' id='word_1_136' title='bbox 1158 1928 1261 2002; x_wconf 85' lang='grc' dir='ltr'><em>οὐδείς</em></span> 
     </span>
     <span class='ocr_line' id='line_1_18' title="bbox 157 2026 1262 2118; baseline -0.001 -26"><span class='ocrx_word' id='word_1_137' title='bbox 157 2030 282 2093; x_wconf 79' lang='grc' dir='ltr'><em>οὐδέπω</em></span> <span class='ocrx_word' id='word_1_138' title='bbox 295 2029 513 2113; x_wconf 71' lang='grc' dir='ltr'><em>κατορθώσειν</em></span> <span class='ocrx_word' id='word_1_139' title='bbox 535 2030 700 2111; x_wconf 75' lang='grc' dir='ltr'><em>ἐπήλπισε.</em></span> <span class='ocrx_word' id='word_1_140' title='bbox 723 2026 772 2094; x_wconf 89' lang='grc' dir='ltr'><em>διό</em></span> <span class='ocrx_word' id='word_1_141' title='bbox 795 2027 850 2093; x_wconf 81' lang='grc' dir='ltr'><strong>καί</strong></span> <span class='ocrx_word' id='word_1_142' title='bbox 868 2031 962 2118; x_wconf 83' lang='grc' dir='ltr'><em>κακίηι</em></span> <span class='ocrx_word' id='word_1_143' title='bbox 977 2028 1033 2093; x_wconf 84' lang='grc' dir='ltr'><strong>καί</strong></span> <span class='ocrx_word' id='word_1_144' title='bbox 1053 2029 1152 2115; x_wconf 80' lang='grc' dir='ltr'><em>ἀρετή</em></span> <span class='ocrx_word' id='word_1_145' title='bbox 1165 2031 1262 2110; x_wconf 76' lang='grc' dir='ltr'><em>βασι-</em></span> 
     </span>
     <span class='ocr_line' id='line_1_19' title="bbox 156 2121 1262 2214; baseline -0.001 -21"><span class='ocrx_word' id='word_1_146' title='bbox 156 2131 228 2214; x_wconf 77' lang='grc' dir='ltr'><em>λική</em></span> <span class='ocrx_word' id='word_1_147' title='bbox 239 2128 296 2203; x_wconf 82' lang='grc' dir='ltr'><strong>τὰς</strong></span> <span class='ocrx_word' id='word_1_148' title='bbox 312 2128 511 2212; x_wconf 87' lang='grc' dir='ltr'><em>δοσπραγίας</em></span> <span class='ocrx_word' id='word_1_149' title='bbox 522 2131 576 2192; x_wconf 77' lang='grc' dir='ltr'><strong>καί</strong></span> <span class='ocrx_word' id='word_1_150' title='bbox 593 2121 690 2206; x_wconf 87' lang='grc' dir='ltr'><em>αὐθις</em></span> <span class='ocrx_word' id='word_1_151' title='bbox 702 2125 760 2204; x_wconf 81' lang='grc' dir='ltr'><em>τοὶς</em></span> <span class='ocrx_word' id='word_1_152' title='bbox 775 2129 949 2212; x_wconf 72' lang='grc' dir='ltr'><em>εὐπραγίας</em></span> <span class='ocrx_word' id='word_1_153' title='bbox 964 2125 994 2193; x_wconf 77' lang='grc' dir='ltr'><em>οἱ</em></span> <span class='ocrx_word' id='word_1_154' title='bbox 1007 2130 1164 2212; x_wconf 84' lang='grc' dir='ltr'><em>νοονεχούς</em></span> <span class='ocrx_word' id='word_1_155' title='bbox 1175 2152 1262 2209; x_wconf 85' lang='grc' dir='ltr'><em>σομ-</em></span> 
     </span>
     <span class='ocr_line' id='line_1_20' title="bbox 152 2225 1262 2314; baseline -0.004 -19"><span class='ocrx_word' id='word_1_156' title='bbox 152 2230 326 2313; x_wconf 75' lang='grc' dir='ltr'><em>βόλλοντες</em></span> <span class='ocrx_word' id='word_1_157' title='bbox 344 2226 384 2294; x_wconf 82' lang='grc' dir='ltr'><strong>τοὶ</strong></span> <span class='ocrx_word' id='word_1_158' title='bbox 397 2228 567 2314; x_wconf 80' lang='grc' dir='ltr'><em>πράγματα</em></span> <span class='ocrx_word' id='word_1_159' title='bbox 584 2233 772 2314; x_wconf 75' lang='grc' dir='ltr'><em>διεμέριζον.</em></span> <span class='ocrx_word' id='word_1_160' title='bbox 797 2231 828 2296; x_wconf 82' lang='grc' dir='ltr'><strong>εί</strong></span> <span class='ocrx_word' id='word_1_161' title='bbox 844 2228 930 2295; x_wconf 78' lang='grc' dir='ltr'><em>δὲτὰ</em></span> <span class='ocrx_word' id='word_1_162' title='bbox 946 2234 1007 2311; x_wconf 79' lang='grc' dir='ltr'><strong>μὲν</strong></span> <span class='ocrx_word' id='word_1_163' title='bbox 1020 2226 1158 2314; x_wconf 86' lang='grc' dir='ltr'><em>δύστηνα</em></span> <span class='ocrx_word' id='word_1_164' title='bbox 1170 2225 1262 2311; x_wconf 83' lang='grc' dir='ltr'><em>πόθη</em></span> 
     </span>
     <span class='ocr_line' id='line_1_21' title="bbox 157 2320 1306 2417; baseline 0.002 -21"><span class='ocrx_word' id='word_1_165' title='bbox 157 2335 222 2396; x_wconf 70' lang='grc' dir='ltr'><em>τοῖν</em></span> <span class='ocrx_word' id='word_1_166' title='bbox 242 2320 454 2416; x_wconf 52' lang='grc' dir='ltr'><em>’ἀνθρωπίνων</em></span> <span class='ocrx_word' id='word_1_167' title='bbox 488 2331 727 2417; x_wconf 75' lang='grc' dir='ltr'><em>ἁμαρτημάτων</em></span> <span class='ocrx_word' id='word_1_168' title='bbox 754 2332 923 2415; x_wconf 86' lang='grc' dir='ltr'><em>ταγχάνειν</em></span> <span class='ocrx_word' id='word_1_169' title='bbox 956 2332 1146 2408; x_wconf 86' lang='grc' dir='ltr'><em>ἀντέκτισιν,</em></span> <span class='ocrx_word' id='word_1_170' title='bbox 1168 2328 1306 2398; x_wconf 73' lang='grc' dir='ltr'><em>τό-δέθ</em></span> 
     </span>
    </p>

    <p class='ocr_par' dir='ltr' id='par_1_5' title="bbox 97 2429 1303 2718">
     <span class='ocr_line' id='line_1_22' title="bbox 97 2429 1262 2521; baseline 0 -25"><span class='ocrx_word' id='word_1_171' title='bbox 97 2429 99 2434; x_wconf 70' lang='grc'><strong>’</strong></span> <span class='ocrx_word' id='word_1_172' title='bbox 157 2431 299 2508; x_wconf 87' lang='grc' dir='ltr'><em>εὐπαθὲς</em></span> <span class='ocrx_word' id='word_1_173' title='bbox 318 2437 372 2515; x_wconf 86' lang='grc' dir='ltr'><strong>τής</strong></span> <span class='ocrx_word' id='word_1_174' title='bbox 392 2436 483 2510; x_wconf 88' lang='grc' dir='ltr'><em>θειάς</em></span> <span class='ocrx_word' id='word_1_175' title='bbox 502 2434 602 2517; x_wconf 88' lang='grc' dir='ltr'><em>μόνης</em></span> <span class='ocrx_word' id='word_1_176' title='bbox 634 2429 830 2514; x_wconf 75' lang='grc' dir='ltr'><em>ἀντιλήψεως</em></span> <span class='ocrx_word' id='word_1_177' title='bbox 857 2433 929 2521; x_wconf 84' lang='grc' dir='ltr'><em>θείη</em></span> <span class='ocrx_word' id='word_1_178' title='bbox 952 2455 1000 2507; x_wconf 88' lang='grc' dir='ltr'><strong>τις</strong></span> <span class='ocrx_word' id='word_1_179' title='bbox 1023 2437 1080 2496; x_wconf 82' lang='grc' dir='ltr'><strong>καί</strong></span> <span class='ocrx_word' id='word_1_180' title='bbox 1098 2429 1143 2515; x_wconf 89' lang='grc' dir='ltr'><strong>μή</strong></span> <span class='ocrx_word' id='word_1_181' title='bbox 1163 2436 1262 2513; x_wconf 80' lang='grc' dir='ltr'><em>βασι-</em></span> 
     </span>
     <span class='ocr_line' id='line_1_23' title="bbox 157 2527 1303 2628; baseline 0.002 -34"><span class='ocrx_word' id='word_1_182' title='bbox 157 2534 245 2615; x_wconf 84' lang='grc' dir='ltr'><em>λικῆς</em></span> <span class='ocrx_word' id='word_1_183' title='bbox 267 2527 407 2596; x_wconf 76' lang='grc' dir='ltr'><em>ἔπαθλον</em></span> <span class='ocrx_word' id='word_1_184' title='bbox 429 2533 552 2617; x_wconf 81' lang='grc' dir='ltr'><em>ἀρετῆς,</em></span> <span class='ocrx_word' id='word_1_185' title='bbox 576 2531 619 2605; x_wconf 71' lang='grc' dir='ltr'><strong>οἷς</strong></span> <span class='ocrx_word' id='word_1_186' title='bbox 641 2529 903 2628; x_wconf 44' lang='grc' dir='ltr'><em>τήςιεύπραγίας</em></span> <span class='ocrx_word' id='word_1_187' title='bbox 923 2528 1050 2617; x_wconf 84' lang='grc' dir='ltr'><em>γενινής</em></span> <span class='ocrx_word' id='word_1_188' title='bbox 1069 2534 1123 2596; x_wconf 84' lang='grc' dir='ltr'><strong>καί</strong></span> <span class='ocrx_word' id='word_1_189' title='bbox 1142 2528 1187 2617; x_wconf 89' lang='grc' dir='ltr'><strong>μή</strong></span> <span class='ocrx_word' id='word_1_190' title='bbox 1210 2532 1260 2596; x_wconf 83' lang='grc' dir='ltr'><em>α’·-</em></span> <span class='ocrx_word' id='word_1_191' title='bbox 1294 2597 1303 2614; x_wconf 72' lang='grc'><em>,</em></span> 
     </span>
     <span class='ocr_line' id='line_1_24' title="bbox 158 2621 1259 2718; baseline 0 -22"><span class='ocrx_word' id='word_1_192' title='bbox 158 2633 247 2716; x_wconf 83' lang='grc' dir='ltr'><em>δινής</em></span> <span class='ocrx_word' id='word_1_193' title='bbox 267 2630 484 2717; x_wconf 72' lang='grc' dir='ltr'><em>καθεστώσης,</em></span> <span class='ocrx_word' id='word_1_194' title='bbox 505 2633 563 2696; x_wconf 85' lang='grc' dir='ltr'><em>οὐκ</em></span> <span class='ocrx_word' id='word_1_195' title='bbox 587 2625 627 2697; x_wconf 81' lang='grc' dir='ltr'><strong>ἀν</strong></span> <span class='ocrx_word' id='word_1_196' title='bbox 649 2628 821 2717; x_wconf 75' lang='grc' dir='ltr'><em>διαμάρτοι</em></span> <span class='ocrx_word' id='word_1_197' title='bbox 841 2633 897 2697; x_wconf 85' lang='grc' dir='ltr'><em>τού</em></span> <span class='ocrx_word' id='word_1_198' title='bbox 920 2621 1114 2718; x_wconf 79' lang='grc' dir='ltr'><em>πρέποντας·</em></span> <span class='ocrx_word' id='word_1_199' title='bbox 1157 2633 1259 2697; x_wconf 86' lang='grc' dir='ltr'><em>πόντοι</em></span> 
     </span>
    </p>
   </div>
   <div class='ocr_carea' id='block_1_3' title="bbox 155 2859 1274 3556">
    <p class='ocr_par' dir='ltr' id='par_1_6' title="bbox 155 2859 1274 3556">
     <span class='ocr_line' id='line_1_25' title="bbox 158 2859 1274 2931; baseline 0.003 -17"><span class='ocrx_word' id='word_1_200' title='bbox 158 2862 274 2931; x_wconf 84' lang='lat' dir='ltr'><strong>propriis</strong></span> <span class='ocrx_word' id='word_1_201' title='bbox 293 2859 413 2916; x_wconf 84' lang='lat' dir='ltr'><strong>curribus</strong></span> <span class='ocrx_word' id='word_1_202' title='bbox 432 2861 527 2915; x_wconf 85' lang='lat' dir='ltr'><strong>calcati</strong></span> <span class='ocrx_word' id='word_1_203' title='bbox 547 2871 574 2915; x_wconf 93' lang='lat' dir='ltr'><strong>et</strong></span> <span class='ocrx_word' id='word_1_204' title='bbox 595 2864 733 2916; x_wconf 79' lang='lat' dir='ltr'><strong>interfecti</strong></span> <span class='ocrx_word' id='word_1_205' title='bbox 756 2871 863 2931; x_wconf 88' lang='lat' dir='ltr'><strong>praeter</strong></span> <span class='ocrx_word' id='word_1_206' title='bbox 885 2877 989 2914; x_wconf 88' lang='lat' dir='ltr'><strong>amnem</strong></span> <span class='ocrx_word' id='word_1_207' title='bbox 1006 2862 1141 2915; x_wconf 89' lang='lat' dir='ltr'><strong>hominnm</strong></span> <span class='ocrx_word' id='word_1_208' title='bbox 1161 2876 1274 2931; x_wconf 73' lang='lat' dir='ltr'><strong>caspe..</strong></span> 
     </span>
     <span class='ocr_line' id='line_1_26' title="bbox 159 2932 1259 3004; baseline -0.001 -19"><span class='ocrx_word' id='word_1_209' title='bbox 159 2934 311 2998; x_wconf 79' lang='lat' dir='ltr'><strong>mationem,</strong></span> <span class='ocrx_word' id='word_1_210' title='bbox 333 2940 413 3002; x_wconf 88' lang='lat' dir='ltr'><strong>atque</strong></span> <span class='ocrx_word' id='word_1_211' title='bbox 432 2950 480 3001; x_wconf 90' lang='lat' dir='ltr'><strong>pro</strong></span> <span class='ocrx_word' id='word_1_212' title='bbox 499 2933 585 2986; x_wconf 85' lang='lat' dir='ltr'><strong>nihilo</strong></span> <span class='ocrx_word' id='word_1_213' title='bbox 612 2935 695 2986; x_wconf 88' lang='lat' dir='ltr'><strong>habiti</strong></span> <span class='ocrx_word' id='word_1_214' title='bbox 715 2936 761 3003; x_wconf 91' lang='lat' dir='ltr'><strong>qni</strong></span> <span class='ocrx_word' id='word_1_215' title='bbox 780 2933 901 2987; x_wconf 88' lang='lat' dir='ltr'><strong>omnibus</strong></span> <span class='ocrx_word' id='word_1_216' title='bbox 919 2935 1073 3002; x_wconf 74' lang='lat' dir='ltr'>superiores</span> <span class='ocrx_word' id='word_1_217' title='bbox 1094 2932 1153 2987; x_wconf 74' lang='lat' dir='ltr'><strong>fore</strong></span> <span class='ocrx_word' id='word_1_218' title='bbox 1171 2951 1259 3004; x_wconf 78' lang='lat' dir='ltr'><strong>qnon-</strong></span> 
     </span>
     <span class='ocr_line' id='line_1_27' title="bbox 158 3004 1259 3073; baseline 0.001 -17"><span class='ocrx_word' id='word_1_219' title='bbox 158 3005 216 3056; x_wconf 92' lang='lat' dir='ltr'><strong>dam</strong></span> <span class='ocrx_word' id='word_1_220' title='bbox 235 3005 408 3072; x_wconf 85' lang='lat' dir='ltr'><strong>putabantur:</strong></span> <span class='ocrx_word' id='word_1_221' title='bbox 428 3014 508 3073; x_wconf 87' lang='lat' dir='ltr'><strong>atque</strong></span> <span class='ocrx_word' id='word_1_222' title='bbox 528 3014 585 3057; x_wconf 89' lang='lat' dir='ltr'><strong>crat</strong></span> <span class='ocrx_word' id='word_1_223' title='bbox 603 3005 671 3058; x_wconf 87' lang='lat' dir='ltr'><strong>lama</strong></span> <span class='ocrx_word' id='word_1_224' title='bbox 688 3021 743 3058; x_wconf 94' lang='lat' dir='ltr'><strong>non</strong></span> <span class='ocrx_word' id='word_1_225' title='bbox 762 3004 877 3057; x_wconf 83' lang='lat' dir='ltr'><strong>absona:</strong></span> <span class='ocrx_word' id='word_1_226' title='bbox 896 3013 1042 3057; x_wconf 77' lang='lat' dir='ltr'><strong>nexantem</strong></span> <span class='ocrx_word' id='word_1_227' title='bbox 1060 3014 1167 3073; x_wconf 87' lang='lat' dir='ltr'><strong>praeter</strong></span> <span class='ocrx_word' id='word_1_228' title='bbox 1185 3023 1259 3073; x_wconf 88' lang='lat' dir='ltr'><strong>spem</strong></span> 
     </span>
     <span class='ocr_line' id='line_1_28' title="bbox 157 3077 1259 3130; baseline 0.001 -2"><span class='ocrx_word' id='word_1_229' title='bbox 157 3084 289 3129; x_wconf 81' lang='lat' dir='ltr'><strong>servatam</strong></span> <span class='ocrx_word' id='word_1_230' title='bbox 314 3092 388 3129; x_wconf 90' lang='lat' dir='ltr'><strong>suam</strong></span> <span class='ocrx_word' id='word_1_231' title='bbox 413 3085 510 3128; x_wconf 89' lang='lat' dir='ltr'><strong>terram</strong></span> <span class='ocrx_word' id='word_1_232' title='bbox 539 3078 632 3129; x_wconf 87' lang='lat' dir='ltr'><strong>videns</strong></span> <span class='ocrx_word' id='word_1_233' title='bbox 661 3087 687 3128; x_wconf 89' lang='lat' dir='ltr'><strong>et</strong></span> <span class='ocrx_word' id='word_1_234' title='bbox 712 3077 874 3129; x_wconf 85' lang='lat' dir='ltr'><strong>laetissimus</strong></span> <span class='ocrx_word' id='word_1_235' title='bbox 897 3078 993 3128; x_wconf 89' lang='lat' dir='ltr'><strong>merito</strong></span> <span class='ocrx_word' id='word_1_236' title='bbox 1013 3077 1097 3129; x_wconf 83' lang='lat' dir='ltr'><strong>factus</strong></span> <span class='ocrx_word' id='word_1_237' title='bbox 1118 3085 1145 3129; x_wconf 90' lang='lat' dir='ltr'><strong>et</strong></span> <span class='ocrx_word' id='word_1_238' title='bbox 1162 3079 1212 3128; x_wconf 87' lang='lat' dir='ltr'><strong>deo</strong></span> <span class='ocrx_word' id='word_1_239' title='bbox 1232 3087 1259 3130; x_wconf 92' lang='lat' dir='ltr'><strong>et</strong></span> 
     </span>
     <span class='ocr_line' id='line_1_29' title="bbox 158 3146 1258 3216; baseline 0.003 -18"><span class='ocrx_word' id='word_1_240' title='bbox 158 3149 264 3200; x_wconf 92' lang='lat' dir='ltr'><strong>omnino</strong></span> <span class='ocrx_word' id='word_1_241' title='bbox 285 3149 508 3200; x_wconf 71' lang='lat' dir='ltr'><strong>incontaminatae</strong></span> <span class='ocrx_word' id='word_1_242' title='bbox 529 3157 556 3200; x_wconf 85' lang='lat' dir='ltr'><strong>et</strong></span> <span class='ocrx_word' id='word_1_243' title='bbox 574 3151 696 3200; x_wconf 90' lang='lat' dir='ltr'><strong>dominae</strong></span> <span class='ocrx_word' id='word_1_244' title='bbox 714 3146 759 3200; x_wconf 77' lang='lat' dir='ltr'><strong>dei</strong></span> <span class='ocrx_word' id='word_1_245' title='bbox 779 3150 882 3216; x_wconf 89' lang='lat' dir='ltr'><strong>parenti</strong></span> <span class='ocrx_word' id='word_1_246' title='bbox 901 3157 977 3216; x_wconf 86' lang='lat' dir='ltr'><strong>grata</strong></span> <span class='ocrx_word' id='word_1_247' title='bbox 994 3164 1069 3200; x_wconf 89' lang='lat' dir='ltr'><strong>sacra</strong></span> <span class='ocrx_word' id='word_1_248' title='bbox 1080 3149 1183 3201; x_wconf 84' lang='lat' dir='ltr'><strong>faciens</strong></span> <span class='ocrx_word' id='word_1_249' title='bbox 1200 3156 1258 3201; x_wconf 87' lang='lat' dir='ltr'><strong>sta-</strong></span> 
     </span>
     <span class='ocr_line' id='line_1_30' title="bbox 157 3215 1258 3286; baseline 0.001 -16"><span class='ocrx_word' id='word_1_250' title='bbox 157 3221 203 3270; x_wconf 91' lang='lat' dir='ltr'><strong>tim</strong></span> <span class='ocrx_word' id='word_1_251' title='bbox 222 3220 254 3270; x_wconf 94' lang='lat' dir='ltr'><strong>ad</strong></span> <span class='ocrx_word' id='word_1_252' title='bbox 273 3218 416 3284; x_wconf 79' lang='lat' dir='ltr'><strong>capitalem</strong></span> <span class='ocrx_word' id='word_1_253' title='bbox 435 3220 525 3270; x_wconf 89' lang='lat' dir='ltr'><strong>urbem</strong></span> <span class='ocrx_word' id='word_1_254' title='bbox 545 3215 773 3286; x_wconf 85' lang='lat' dir='ltr'><strong>proficiscebatur.</strong></span> <span class='ocrx_word' id='word_1_255' title='bbox 812 3219 916 3269; x_wconf 87' lang='lat' dir='ltr'><strong>invenit</strong></span> <span class='ocrx_word' id='word_1_256' title='bbox 935 3227 1022 3270; x_wconf 90' lang='lat' dir='ltr'><strong>autern</strong></span> <span class='ocrx_word' id='word_1_257' title='bbox 1048 3220 1116 3271; x_wconf 79' lang='lat' dir='ltr'><strong>liano</strong></span> <span class='ocrx_word' id='word_1_258' title='bbox 1141 3222 1258 3286; x_wconf 89' lang='lat' dir='ltr'><strong>stuporis</strong></span> 
     </span>
     <span class='ocr_line' id='line_1_31' title="bbox 157 3289 1258 3362; baseline 0.001 -22"><span class='ocrx_word' id='word_1_259' title='bbox 157 3298 184 3340; x_wconf 88' lang='lat' dir='ltr'><strong>et</strong></span> <span class='ocrx_word' id='word_1_260' title='bbox 202 3289 384 3340; x_wconf 80' lang='lat' dir='ltr'><strong>admirationis</strong></span> <span class='ocrx_word' id='word_1_261' title='bbox 403 3289 508 3356; x_wconf 90' lang='lat' dir='ltr'><strong>plenam</strong></span> <span class='ocrx_word' id='word_1_262' title='bbox 529 3299 556 3340; x_wconf 90' lang='lat' dir='ltr'><strong>et</strong></span> <span class='ocrx_word' id='word_1_263' title='bbox 573 3305 649 3342; x_wconf 88' lang='lat' dir='ltr'><strong>sacra</strong></span> <span class='ocrx_word' id='word_1_264' title='bbox 667 3298 742 3358; x_wconf 81' lang='lat' dir='ltr'><strong>grata</strong></span> <span class='ocrx_word' id='word_1_265' title='bbox 760 3290 871 3342; x_wconf 86' lang='lat' dir='ltr'><strong>trinitati</strong></span> <span class='ocrx_word' id='word_1_266' title='bbox 897 3292 977 3342; x_wconf 90' lang='lat' dir='ltr'><strong>vitam</strong></span> <span class='ocrx_word' id='word_1_267' title='bbox 993 3291 1103 3362; x_wconf 74' lang='lat' dir='ltr'><strong>[creanti</strong></span> <span class='ocrx_word' id='word_1_268' title='bbox 1132 3298 1159 3342; x_wconf 89' lang='lat' dir='ltr'><strong>et</strong></span> <span class='ocrx_word' id='word_1_269' title='bbox 1181 3292 1258 3342; x_wconf 89' lang='lat' dir='ltr'><strong>matri</strong></span> 
     </span>
     <span class='ocr_line' id='line_1_32' title="bbox 155 3359 1258 3429; baseline 0.004 -19"><span class='ocrx_word' id='word_1_270' title='bbox 155 3361 267 3413; x_wconf 87' lang='lat' dir='ltr'><strong>rationis</strong></span> <span class='ocrx_word' id='word_1_271' title='bbox 287 3359 401 3412; x_wconf 84' lang='lat' dir='ltr'><strong>bominis</strong></span> <span class='ocrx_word' id='word_1_272' title='bbox 420 3361 505 3412; x_wconf 84' lang='lat' dir='ltr'><strong>divini</strong></span> <span class='ocrx_word' id='word_1_273' title='bbox 524 3359 663 3428; x_wconf 80' lang='lat' dir='ltr'><strong>splendide</strong></span> <span class='ocrx_word' id='word_1_274' title='bbox 682 3362 892 3413; x_wconf 82' lang='lat' dir='ltr'><strong>sacrificantem:</strong></span> <span class='ocrx_word' id='word_1_275' title='bbox 911 3361 1035 3429; x_wconf 85' lang='lat' dir='ltr'><strong>Europae</strong></span> <span class='ocrx_word' id='word_1_276' title='bbox 1045 3368 1133 3413; x_wconf 89' lang='lat' dir='ltr'><strong>antem</strong></span> <span class='ocrx_word' id='word_1_277' title='bbox 1151 3359 1258 3414; x_wconf 82' lang='lat' dir='ltr'><strong>incolae</strong></span> 
     </span>
     <span class='ocr_line' id='line_1_33' title="bbox 157 3431 1257 3501; baseline 0.002 -19"><span class='ocrx_word' id='word_1_278' title='bbox 157 3438 185 3482; x_wconf 91' lang='lat' dir='ltr'><strong>et</strong></span> <span class='ocrx_word' id='word_1_279' title='bbox 202 3431 254 3498; x_wconf 91' lang='lat' dir='ltr'><strong>ipsi</strong></span> <span class='ocrx_word' id='word_1_280' title='bbox 273 3431 386 3501; x_wconf 80' lang='lat' dir='ltr'><strong>gratiam</strong></span> <span class='ocrx_word' id='word_1_281' title='bbox 404 3438 531 3500; x_wconf 81' lang='lat' dir='ltr'><strong>quantum</strong></span> <span class='ocrx_word' id='word_1_282' title='bbox 550 3447 597 3498; x_wconf 89' lang='lat' dir='ltr'><strong>par</strong></span> <span class='ocrx_word' id='word_1_283' title='bbox 616 3440 674 3484; x_wconf 87' lang='lat' dir='ltr'><strong>erat</strong></span> <span class='ocrx_word' id='word_1_284' title='bbox 688 3432 829 3485; x_wconf 80' lang='lat' dir='ltr'><strong>reddentes</strong></span> <span class='ocrx_word' id='word_1_285' title='bbox 841 3432 955 3501; x_wconf 80' lang='lat' dir='ltr'><strong>gloriam</strong></span> <span class='ocrx_word' id='word_1_286' title='bbox 969 3434 1108 3486; x_wconf 85' lang='lat' dir='ltr'><strong>maximam</strong></span> <span class='ocrx_word' id='word_1_287' title='bbox 1122 3431 1257 3486; x_wconf 84' lang='lat' dir='ltr'><strong>etlacturn</strong></span> 
     </span>
     <span class='ocr_line' id='line_1_34' title="bbox 157 3501 642 3556; baseline 0.004 -2"><span class='ocrx_word' id='word_1_288' title='bbox 157 3502 274 3555; x_wconf 85' lang='lat' dir='ltr'><strong>divinum</strong></span> <span class='ocrx_word' id='word_1_289' title='bbox 294 3501 346 3554; x_wconf 91' lang='lat' dir='ltr'><strong>hoc</strong></span> <span class='ocrx_word' id='word_1_290' title='bbox 368 3501 464 3554; x_wconf 86' lang='lat' dir='ltr'><strong>factum</strong></span> <span class='ocrx_word' id='word_1_291' title='bbox 483 3503 642 3556; x_wconf 89' lang='lat' dir='ltr'><strong>statuebant.</strong></span> 
     </span>
    </p>
   </div>
   <div class='ocr_carea' id='block_1_4' title="bbox 85 3591 1371 4229">
    <p class='ocr_par' dir='ltr' id='par_1_7' title="bbox 267 3591 1256 3661">
     <span class='ocr_line' id='line_1_35' title="bbox 267 3591 1256 3661; baseline 0.002 -19"><span class='ocrx_word' id='word_1_292' title='bbox 267 3591 307 3643; x_wconf 89' lang='lat' dir='ltr'><strong>lta</strong></span> <span class='ocrx_word' id='word_1_293' title='bbox 332 3591 381 3643; x_wconf 90' lang='lat' dir='ltr'><strong>sub</strong></span> <span class='ocrx_word' id='word_1_294' title='bbox 406 3593 500 3644; x_wconf 86' lang='lat' dir='ltr'><strong>eodem</strong></span> <span class='ocrx_word' id='word_1_295' title='bbox 517 3608 584 3661; x_wconf 88' lang='lat' dir='ltr'><strong>rege</strong></span> <span class='ocrx_word' id='word_1_296' title='bbox 609 3600 637 3644; x_wconf 92' lang='lat' dir='ltr'><strong>et</strong></span> <span class='ocrx_word' id='word_1_297' title='bbox 660 3593 729 3646; x_wconf 89' lang='lat' dir='ltr'><strong>ictns</strong></span> <span class='ocrx_word' id='word_1_298' title='bbox 761 3594 922 3645; x_wconf 82' lang='lat' dir='ltr'><strong>Graecorum</strong></span> <span class='ocrx_word' id='word_1_299' title='bbox 947 3601 1035 3645; x_wconf 89' lang='lat' dir='ltr'><strong>terrae</strong></span> <span class='ocrx_word' id='word_1_300' title='bbox 1059 3593 1151 3645; x_wconf 90' lang='lat' dir='ltr'><strong>iniecti</strong></span> <span class='ocrx_word' id='word_1_301' title='bbox 1186 3600 1256 3656; x_wconf 86' lang='lat' dir='ltr'><strong>sant,</strong></span> 
     </span>
    </p>

    <p class='ocr_par' dir='ltr' id='par_1_8' title="bbox 157 3662 1256 3736">
     <span class='ocr_line' id='line_1_36' title="bbox 157 3662 1256 3736; baseline -0.001 -24"><span class='ocrx_word' id='word_1_302' title='bbox 157 3670 184 3713; x_wconf 91' lang='lat' dir='ltr'><strong>ct</strong></span> <span class='ocrx_word' id='word_1_303' title='bbox 218 3662 341 3714; x_wconf 91' lang='lat' dir='ltr'><strong>liberatio</strong></span> <span class='ocrx_word' id='word_1_304' title='bbox 373 3679 464 3716; x_wconf 87' lang='lat' dir='ltr'><strong>rursus</strong></span> <span class='ocrx_word' id='word_1_305' title='bbox 498 3663 613 3736; x_wconf 79' lang='lat' dir='ltr'><strong>periculi</strong></span> <span class='ocrx_word' id='word_1_306' title='bbox 649 3666 755 3718; x_wconf 88' lang='lat' dir='ltr'><strong>maximi</strong></span> <span class='ocrx_word' id='word_1_307' title='bbox 791 3672 818 3716; x_wconf 88' lang='lat' dir='ltr'><strong>et</strong></span> <span class='ocrx_word' id='word_1_308' title='bbox 853 3665 952 3716; x_wconf 88' lang='lat' dir='ltr'><strong>eiectio</strong></span> <span class='ocrx_word' id='word_1_309' title='bbox 979 3665 1094 3716; x_wconf 90' lang='lat' dir='ltr'><strong>hostium</strong></span> <span class='ocrx_word' id='word_1_310' title='bbox 1127 3666 1256 3731; x_wconf 84' lang='lat' dir='ltr'><strong>inexspe.</strong></span> 
     </span>
    </p>

    <p class='ocr_par' dir='ltr' id='par_1_9' title="bbox 157 3735 1254 3805">
     <span class='ocr_line' id='line_1_37' title="bbox 157 3735 1254 3805; baseline 0.002 -21"><span class='ocrx_word' id='word_1_311' title='bbox 157 3737 226 3784; x_wconf 83' lang='lat' dir='ltr'><strong>alata</strong></span> <span class='ocrx_word' id='word_1_312' title='bbox 257 3735 348 3786; x_wconf 91' lang='lat' dir='ltr'><strong>evenit</strong></span> <span class='ocrx_word' id='word_1_313' title='bbox 375 3743 402 3785; x_wconf 88' lang='lat' dir='ltr'><strong>et</strong></span> <span class='ocrx_word' id='word_1_314' title='bbox 424 3745 546 3804; x_wconf 88' lang='lat' dir='ltr'><strong>quantam</strong></span> <span class='ocrx_word' id='word_1_315' title='bbox 574 3752 651 3788; x_wconf 89' lang='lat' dir='ltr'><strong>nemo</strong></span> <span class='ocrx_word' id='word_1_316' title='bbox 677 3753 792 3805; x_wconf 87' lang='lat' dir='ltr'><strong>unquam</strong></span> <span class='ocrx_word' id='word_1_317' title='bbox 820 3752 850 3788; x_wconf 87' lang='lat' dir='ltr'><strong>so</strong></span> <span class='ocrx_word' id='word_1_318' title='bbox 883 3735 1064 3803; x_wconf 78' lang='lat' dir='ltr'><strong>perfecturum</strong></span> <span class='ocrx_word' id='word_1_319' title='bbox 1090 3743 1254 3803; x_wconf 84' lang='lat' dir='ltr'><strong>speraverat.</strong></span> 
     </span>
    </p>

    <p class='ocr_par' dir='ltr' id='par_1_10' title="bbox 158 3805 1255 3877">
     <span class='ocr_line' id='line_1_38' title="bbox 158 3805 1255 3877; baseline 0.003 -24"><span class='ocrx_word' id='word_1_320' title='bbox 158 3818 240 3870; x_wconf 89' lang='lat' dir='ltr'><strong>quare</strong></span> <span class='ocrx_word' id='word_1_321' title='bbox 267 3811 293 3854; x_wconf 89' lang='lat' dir='ltr'><strong>et</strong></span> <span class='ocrx_word' id='word_1_322' title='bbox 319 3805 386 3855; x_wconf 81' lang='lat' dir='ltr'><strong>vitio</strong></span> <span class='ocrx_word' id='word_1_323' title='bbox 407 3815 433 3856; x_wconf 92' lang='lat' dir='ltr'><strong>et</strong></span> <span class='ocrx_word' id='word_1_324' title='bbox 457 3809 550 3860; x_wconf 88' lang='lat' dir='ltr'><strong>virtuti</strong></span> <span class='ocrx_word' id='word_1_325' title='bbox 568 3810 660 3877; x_wconf 80' lang='lat' dir='ltr'><strong>regiae</strong></span> <span class='ocrx_word' id='word_1_326' title='bbox 688 3807 810 3859; x_wconf 83' lang='lat' dir='ltr'><strong>infelicia</strong></span> <span class='ocrx_word' id='word_1_327' title='bbox 835 3815 862 3857; x_wconf 92' lang='lat' dir='ltr'><strong>et</strong></span> <span class='ocrx_word' id='word_1_328' title='bbox 891 3817 982 3860; x_wconf 80' lang='lat' dir='ltr'><strong>rursus</strong></span> <span class='ocrx_word' id='word_1_329' title='bbox 1008 3806 1095 3859; x_wconf 79' lang='lat' dir='ltr'><strong>fausta</strong></span> <span class='ocrx_word' id='word_1_330' title='bbox 1114 3807 1184 3858; x_wconf 83' lang='lat' dir='ltr'><strong>iacta</strong></span> <span class='ocrx_word' id='word_1_331' title='bbox 1210 3808 1255 3873; x_wconf 86' lang='lat' dir='ltr'><strong>qni</strong></span> 
     </span>
    </p>

    <p class='ocr_par' dir='ltr' id='par_1_11' title="bbox 94 3874 1255 3947">
     <span class='ocr_line' id='line_1_39' title="bbox 94 3874 1255 3947; baseline 0.003 -24"><span class='ocrx_word' id='word_1_332' title='bbox 94 3901 96 3910; x_wconf 48' lang='grc' dir='ltr'><em>ι</em></span> <span class='ocrx_word' id='word_1_333' title='bbox 157 3874 303 3939; x_wconf 88' lang='lat' dir='ltr'><strong>prudenter</strong></span> <span class='ocrx_word' id='word_1_334' title='bbox 336 3877 531 3940; x_wconf 87' lang='lat' dir='ltr'><strong>componebant</strong></span> <span class='ocrx_word' id='word_1_335' title='bbox 555 3895 616 3944; x_wconf 89' lang='lat' dir='ltr'><strong>res,</strong></span> <span class='ocrx_word' id='word_1_336' title='bbox 643 3878 855 3947; x_wconf 71' lang='lat' dir='ltr'><strong>distinguebant,</strong></span> <span class='ocrx_word' id='word_1_337' title='bbox 881 3878 976 3945; x_wconf 88' lang='lat' dir='ltr'><strong>quodsi</strong></span> <span class='ocrx_word' id='word_1_338' title='bbox 995 3879 1055 3944; x_wconf 90' lang='lat' dir='ltr'><strong>quis</strong></span> <span class='ocrx_word' id='word_1_339' title='bbox 1073 3879 1159 3929; x_wconf 88' lang='lat' dir='ltr'><strong>tristia</strong></span> <span class='ocrx_word' id='word_1_340' title='bbox 1186 3877 1255 3928; x_wconf 86' lang='lat' dir='ltr'><strong>mala</strong></span> 
     </span>
    </p>

    <p class='ocr_par' dir='ltr' id='par_1_12' title="bbox 85 3943 1371 4088">
     <span class='ocr_line' id='line_1_40' title="bbox 85 3943 1254 4017; baseline 0.003 -24"><span class='ocrx_word' id='word_1_341' title='bbox 85 3957 89 3964; x_wconf 87' lang='grc'>’</span> <span class='ocrx_word' id='word_1_342' title='bbox 157 3943 291 3996; x_wconf 88' lang='lat' dir='ltr'><strong>hominurn</strong></span> <span class='ocrx_word' id='word_1_343' title='bbox 325 3953 493 4011; x_wconf 86' lang='lat' dir='ltr'><strong>peccatorum</strong></span> <span class='ocrx_word' id='word_1_344' title='bbox 531 3965 592 4003; x_wconf 84' lang='lat' dir='ltr'><strong>etse</strong></span> <span class='ocrx_word' id='word_1_345' title='bbox 622 3966 735 4017; x_wconf 88' lang='lat' dir='ltr'><strong>poenam</strong></span> <span class='ocrx_word' id='word_1_346' title='bbox 772 3950 902 4001; x_wconf 80' lang='lat' dir='ltr'><strong>loctunam</strong></span> <span class='ocrx_word' id='word_1_347' title='bbox 935 3957 1022 3999; x_wconf 85' lang='lat' dir='ltr'><strong>antem</strong></span> <span class='ocrx_word' id='word_1_348' title='bbox 1053 3950 1136 4000; x_wconf 86' lang='lat' dir='ltr'><strong>divini</strong></span> <span class='ocrx_word' id='word_1_349' title='bbox 1169 3947 1254 4000; x_wconf 86' lang='lat' dir='ltr'><strong>solius</strong></span> 
     </span>
     <span class='ocr_line' id='line_1_41' title="bbox 157 4015 1371 4088; baseline 0.003 -23"><span class='ocrx_word' id='word_1_350' title='bbox 157 4015 251 4067; x_wconf 83' lang='lat' dir='ltr'><strong>auxilii</strong></span> <span class='ocrx_word' id='word_1_351' title='bbox 279 4016 370 4068; x_wconf 85' lang='lat' dir='ltr'><strong>statuit</strong></span> <span class='ocrx_word' id='word_1_352' title='bbox 393 4031 482 4084; x_wconf 88' lang='lat' dir='ltr'><strong>neque</strong></span> <span class='ocrx_word' id='word_1_353' title='bbox 505 4021 598 4088; x_wconf 80' lang='lat' dir='ltr'><strong>regiae</strong></span> <span class='ocrx_word' id='word_1_354' title='bbox 624 4023 768 4087; x_wconf 87' lang='lat' dir='ltr'><strong>praemium</strong></span> <span class='ocrx_word' id='word_1_355' title='bbox 793 4020 913 4082; x_wconf 83' lang='lat' dir='ltr'><strong>virtutis;</strong></span> <span class='ocrx_word' id='word_1_356' title='bbox 944 4035 1004 4071; x_wconf 90' lang='lat' dir='ltr'><strong>cum</strong></span> <span class='ocrx_word' id='word_1_357' title='bbox 1030 4019 1136 4070; x_wconf 80' lang='lat' dir='ltr'><strong>fortuna</strong></span> <span class='ocrx_word' id='word_1_358' title='bbox 1166 4032 1253 4087; x_wconf 87' lang='lat' dir='ltr'><strong>gene·-</strong></span> <span class='ocrx_word' id='word_1_359' title='bbox 1366 4018 1371 4030; x_wconf 90' lang='lat'>&#39;</span> 
     </span>
    </p>

    <p class='ocr_par' dir='ltr' id='par_1_13' title="bbox 157 4085 1254 4158">
     <span class='ocr_line' id='line_1_42' title="bbox 157 4085 1254 4158; baseline 0.003 -22"><span class='ocrx_word' id='word_1_360' title='bbox 157 4085 221 4138; x_wconf 89' lang='lat' dir='ltr'><strong>ralis</strong></span> <span class='ocrx_word' id='word_1_361' title='bbox 245 4089 280 4140; x_wconf 87' lang='lat' dir='ltr'><strong>sit</strong></span> <span class='ocrx_word' id='word_1_362' title='bbox 303 4103 392 4158; x_wconf 86' lang='lat' dir='ltr'><strong>neque</strong></span> <span class='ocrx_word' id='word_1_363' title='bbox 424 4101 489 4140; x_wconf 83' lang='lat' dir='ltr'><strong>vero</strong></span> <span class='ocrx_word' id='word_1_364' title='bbox 526 4090 711 4158; x_wconf 81' lang='lat' dir='ltr'><strong>singulorum,</strong></span> <span class='ocrx_word' id='word_1_365' title='bbox 736 4107 790 4144; x_wconf 93' lang='lat' dir='ltr'><strong>non</strong></span> <span class='ocrx_word' id='word_1_366' title='bbox 816 4090 991 4144; x_wconf 86' lang='lat' dir='ltr'><strong>aberrabitis</strong></span> <span class='ocrx_word' id='word_1_367' title='bbox 1014 4099 1147 4144; x_wconf 78' lang='lat' dir='ltr'><strong>aroctor.</strong></span> <span class='ocrx_word' id='word_1_368' title='bbox 1165 4089 1254 4142; x_wconf 89' lang='lat' dir='ltr'><strong>omnia</strong></span> 
     </span>
    </p>

    <p class='ocr_par' dir='ltr' id='par_1_14' title="bbox 158 4156 1254 4229">
     <span class='ocr_line' id='line_1_43' title="bbox 158 4156 1254 4229; baseline 0.005 -23"><span class='ocrx_word' id='word_1_369' title='bbox 158 4156 227 4208; x_wconf 84' lang='lat' dir='ltr'><strong>enim</strong></span> <span class='ocrx_word' id='word_1_370' title='bbox 246 4158 357 4212; x_wconf 90' lang='lat' dir='ltr'><strong>meliora</strong></span> <span class='ocrx_word' id='word_1_371' title='bbox 377 4175 392 4211; x_wconf 89' lang='grc' dir='ltr'><em>ο</em></span> <span class='ocrx_word' id='word_1_372' title='bbox 411 4158 564 4214; x_wconf 80' lang='grc' dir='ltr'><em>οοεΙοιεεδ</em></span> <span class='ocrx_word' id='word_1_373' title='bbox 583 4163 660 4216; x_wconf 89' lang='lat' dir='ltr'><strong>etiam</strong></span> <span class='ocrx_word' id='word_1_374' title='bbox 676 4162 818 4216; x_wconf 87' lang='lat' dir='ltr'><strong>clementia</strong></span> <span class='ocrx_word' id='word_1_375' title='bbox 832 4177 922 4217; x_wconf 86' lang='lat' dir='ltr'><strong>rursus</strong></span> <span class='ocrx_word' id='word_1_376' title='bbox 941 4161 1147 4229; x_wconf 85' lang='lat' dir='ltr'><strong>dectitnrpreca</strong></span> <span class='ocrx_word' id='word_1_377' title='bbox 1158 4162 1254 4213; x_wconf 83' lang='lat' dir='ltr'><strong>allecta</strong></span> 
     </span>
    </p>
   </div>
   <div class='ocr_carea' id='block_1_5' title="bbox 0 0 1443 4734">
    <p class='ocr_par' dir='ltr' id='par_1_15' title="bbox 0 0 1443 4734">
     <span class='ocr_line' id='line_1_44' title="bbox 0 0 1443 4734; baseline 0 0"><span class='ocrx_word' id='word_1_378' title='bbox 0 0 1443 4734; x_wconf 95' lang='lat' dir='ltr'><strong> </strong></span> 
     </span>
    </p>
   </div>
  </div>
 </body>
</html>
