2875 4734
394 284 396 292 ’
470 281 700 356 aaronis.
738 286 761 294 ’·
830 281 856 317 ν’
1103 269 1154 350 93

47 445 206 521 θανόντος
230 442 285 512 καί
306 451 430 513 πολλῶν
453 448 724 533 δνερεονηθέντων
758 445 863 524 οὐδείς
884 437 970 524 άξιος
991 443 1074 529 πλην
1094 443 1153 508 ου’-

47 548 108 610 roo
132 545 212 632 πρὸς
233 547 287 612 τὸν
309 551 452 614 τοιοῦτον
473 547 620 632 ἐλογίσθη
644 547 782 631 βαθμδν.
825 546 880 612 καί
903 543 1153 625 α’παναινδμενος

48 644 197 732 ἐδιώχθη
218 649 296 731 πρὸς
318 652 372 734 τῆς
392 653 495 734 τιμῆς,
519 647 573 720 καί
592 647 740 734 λαμπτη“ρ
756 651 811 732 τῆς
831 648 967 738 μεγάλης
988 645 1152 729 ἐκκλησίας

52 750 108 813 καί
131 745 331 834 πατριάρχης
355 745 568 829 οῖκουμενικός
591 747 791 834 ἐχρημάτισε.

25 851 41 902 5
152 846 247 914 Μετά
279 850 315 914 δέ
335 847 369 915 τά
400 849 456 915 τὸν
484 852 620 932 βασιλέα
638 845 789 915 τεθνάναι
814 849 916 914 πάλιν
937 845 967 912 οἱ
989 843 1046 932 την
1068 840 1170 913 ἐάαν,

51 948 295 1031 κατατρέχοντες
308 943 421 1015 Οδννοι
443 951 780 1034 περίΜεσσποταμίαν
796 946 957 1033 γενόμενοι
975 943 1152 1034 ἐφήδρευον

36 1058 116 1125 ,τοῖς
139 1048 213 1132 περί
235 1048 420 1135 Μελιτηνὴν
451 1052 787 1133 ἐστρατοπεδευμένους
813 1048 1001 1131 Ῥωμαϊκοϊς
1025 1047 1152 1130 τάγμα-

50 1173 112 1229 σιν,
134 1149 222 1234 οΐπερ
246 1153 302 1214 τοῦ
337 1152 549 1232 δψωνιασμοῦ
580 1147 813 1234 ὑστερήσαντος
840 1150 954 1225 ἐνδεάς
989 1141 1076 1231 εἶχεν
1098 1147 1153 1214 καί
1179 1191 1185 1201 =

49 1250 207 1325 ταπεινάς
228 1253 283 1314 κατ’
304 1249 437 1335 δργίλως
455 1250 509 1315 διά
530 1245 586 1334 την
607 1248 741 1330 ἔνδειαν,
762 1254 817 1317 κατ’
838 1251 914 1316 ου’δέ
934 1257 1000 1325 τοϊς
1021 1251 1055 1315 ἐν
1076 1252 1153 1315 Με-

12 1364 42 1416 10
51 1353 230 1439 σοποταμίηι
251 1352 459 1437 στρατιώταις
475 1351 645 1432 Ῥωμαίοις
664 1348 803 1434 ἴσχυσαν
816 1355 990 1434 συνελθεῖν,
1010 1348 1056 1433 μη
1073 1355 1153 1434 βου-

50 1451 200 1536 ληθέντες
219 1447 279 1521 ,τδν
300 1451 475 1539 Εδφράτην
496 1453 699 1537 διαπερᾶσαι.
757 1452 979 1537 ἐπερχομένων
1007 1442 1065 1516 odo
1090 1451 1153 1516 τάν
1161 1458 1181 1512 i.
1196 1461 1246 1515 tao
1257 1473 1285 1514 r.

50 1551 227 1637 βαρβάρων
248 1554 302 1617 διά
323 1555 381 1618 τοῦ
411 1555 557 1636 ποταμοῦ
592 1553 784 1638 α’ντέστησαν
815 1542 903 1617 οὗτοι
924 1554 1153 1637 διασπαρέντες
1188 1629 1190 1634 ,

50 1654 128 1736 περί
146 1654 206 1730 τάς
236 1654 396 1732 διεξόδους
420 1649 531 1721 αάτοῦ.
582 1656 635 1718 κατ’
665 1652 695 1718 οἱ
716 1652 877 1740 βάρβαροι
899 1649 1058 1738 ἑκηβόλων
1077 1676 1154 1736 τογ-

2 1779 3 1782 ’
48 1748 201 1835 χάνοντες
219 1753 370 1840 εάμαραές
391 1755 511 1831 αδτοδς
523 1745 644 1820 άποθεν
663 1753 918 1839 κατετίτρωσκον,
932 1746 1070 1830 άπαθεῖς
1090 1753 1154 1820 αδ-

12 1856 100 1921 15τοί
122 1856 333 1936 διαμένοντες,
352 1855 411 1932 ἓως
432 1854 615 1941 ἠνάγκασαν
634 1861 764 1931 τούτους
790 1855 834 1930 εἷς
857 1852 912 1920 τὸν
932 1852 1073 1937 ποταμὸν
1093 1855 1154 1936 ἐμ-

42 1959 168 2050 ,βαλεῖν
188 1958 244 2020 καί
265 1953 322 2042 τὴν
344 1954 453 2043 μάχην
473 1955 709 2042 συστήσασθαι,
755 1960 810 2021 καί
827 1956 923 2023 πάλιν
944 1952 974 2020 οἱ
997 1962 1063 2033 τοῖς
1083 1960 1156 2039 χεί-

52 2057 372 2144 λεσινέφτστάμενοι
405 2057 479 2135 τοάς
506 2057 685 2140 Ῥωμαίους
721 2059 942 2138 ἐπετοξάζοντο
971 2058 1026 2122 καί
1053 2058 1156 2133 κακοῖς

52 2152 134 2244 άγαν
158 2161 320 2226 διετίδουν
342 2159 397 2226 καί
417 2164 502 2227 νῶτα
526 2162 637 2226 δοῦναι
663 2157 909 2246 παρεβιάσαντο.
959 2163 1015 2225 καί
1037 2163 1157 2244 τροπῆς

52 2263 222 2347 γενομένης
251 2258 363 2328 ἔπεσον
394 2264 507 2347 συχνοί
527 2265 590 2327 τῶν
615 2261 799 2343 Ῥωμαίων,
829 2262 930 2347 ἐτεροι
964 2263 999 2325 δέ
1024 2260 1157 2348 ζωγρείηι

11 2373 45 2428 λθ
55 2360 254 2448 ἐλήφθησαν,
275 2361 307 2429 οἱ
329 2367 365 2430 δὲ
388 2370 620 2451 περισωθέντες
641 2366 685 2452 epi
706 2352 794 2428 άστει
814 2364 870 2448 τῆς
888 2361 1070 2446 Μιλττηνῆς
1085 2360 1157 2426 άνε·

54 2462 219 2548 σάθησαν.
265 2467 557 2554 περιφρονήσαντες
587 2467 622 2530 δὲ
643 2463 767 2530 τοάτων
794 2461 824 2528 οἱ
850 2463 1011 2548 βάρβαροι
1033 2455 1075 2537 οδς
1096 2449 1158 2544 ἤδη

54 2571 345 2654 καταστραφέντων
364 2571 420 2634 καί
446 2569 827 2656 καταστρατηγηθέντων,
850 2562 1030 2650 δλοσχεροδς
1051 2559 1159 2647 ἐκτρέ-

17 2877 20 2883 .
129 2754 414 2894 ἒοῐξζξεευιτδέντων
435 2755 485 2822 0.,
564 2755 607 2866 li.
626 2757 677 2810 καλ
694 2761 757 2808 ante
774 2771 870 2817 mm
887 2767 930 2807 om
952 2767 978 2820 η,
994 2750 1095 2807 ,ηηηηηη
1111 2749 1157 2803 5„-

53 2973 215 3043 splendebat
241 2982 351 3042 propter
377 2976 502 3030 virtutem
527 2983 555 3029 et
577 2975 620 3028 dei
638 2975 771 3026 timorem.
809 2980 890 3038 atque
908 2977 1053 3037 propterea
1070 2969 1158 3036 patri.

53 3046 140 3099 archa
158 3053 261 3099 mortno
282 3054 309 3099 et
326 3046 416 3100 multis
436 3047 581 3116 exploratis
598 3059 676 3096 nemo
696 3046 793 3110 dignas
810 3047 917 3109 praeter
936 3056 996 3095 enm
1014 3038 1156 3092 hochabi.

52 3127 97 3171 tus
128 3125 168 3169 est
192 3119 293 3187 grado:
320 3127 346 3170 et
372 3133 500 3172 recusans
525 3117 624 3182 petitus
652 3121 693 3166 est
716 3113 872 3180 abironore
892 3109 1027 3163 etlumen
1045 3124 1158 3178 magnae

53 3188 195 3241 ecclesiae
217 3197 243 3242 et
261 3190 413 3257 patriarcha
431 3187 620 3239 oecumenicus
640 3184 726 3236 factus
746 3191 795 3236 est.

160 3277 237 3347 Rege
255 3287 360 3332 mortno
381 3273 571 3328 rursusHunni
592 3277 722 3327 orientem
742 3279 929 3338 percursantes
948 3269 1178 3335 circadiesopo.¹

53 3349 164 3402 tamiam
184 3349 317 3403 instabant
329 3348 438 3400 Graecis
458 3344 593 3410 ordinibus
614 3343 896 3414 quicircadieiitenen
915 3340 1153 3395 castrutenebant:

55 3422 103 3488 qui
124 3420 229 3488 quidem
250 3425 398 3472 commeatu
417 3417 558 3469 deficiente
577 3425 689 3485 egentes
710 3423 787 3468 erant
804 3422 831 3466 et
850 3423 944 3466 tennes
956 3422 983 3465 et
992 3414 1053 3465 irati
1071 3423 1157 3479 prop.

54 3502 98 3542 ter
117 3492 253 3558 inopiam,
280 3505 370 3557 neque
388 3505 446 3540 cum
465 3488 594 3540 militibus
614 3491 641 3539 in
660 3487 851 3554 Mesopotamia
870 3486 1022 3538 constitutis
1049 3483 1157 3534 Graecis

55 3563 187 3632 congredi
209 3567 371 3628 potuerunt,
399 3575 458 3612 oum
476 3559 582 3611 nollent
600 3559 761 3626 Euphratem
790 3558 915 3610 transire.
952 3551 1157 3607 advenientibus

54 3635 140 3702 igitur
167 3631 287 3684 barbaris
313 3639 361 3698 per
379 3630 489 3684 fluvium
508 3647 538 3684 se
558 3639 741 3698 opposuerunt
759 3629 787 3680 hi
805 3627 919 3696 dispersi
938 3628 966 3677 in
985 3624 1061 3676 radis
1088 3623 1156 3673 cius.

57 3714 139 3773 atque
166 3703 273 3755 barbari
298 3705 402 3772 quidem
430 3706 475 3772 qui
496 3703 598 3756 eminus
616 3701 728 3754 iaculari
747 3708 872 3768 poterant
889 3696 970 3749 facile
990 3709 1036 3745 eos
1056 3693 1157 3744 ominus

57 3775 246 3840 vulnerabant,
261 3775 428 3842 impatientes
444 3775 496 3842 ipsi
509 3781 656 3837 manentes,
676 3773 762 3824 donec
781 3776 911 3838 cogerent
921 3768 981 3830 hos,
1001 3773 1030 3817 ut
1048 3764 1156 3817 dumam

57 3848 263 3916 ingrederentur
274 3854 301 3898 et
311 3862 425 3915 pugnam
440 3854 623 3898 consererent.
645 3852 671 3895 et
683 3857 777 3895 rursus
786 3843 831 3910 qui
842 3840 907 3905 ripis
917 3837 1059 3902 instabant,
1072 3836 1157 3890 Grae.

58 3935 105 3972 cos
124 3919 252 3986 petebant
270 3918 365 3970 iaculis
386 3927 412 3969 et
431 3918 509 3970 valde
527 3917 597 3968 male
612 3913 761 3981 tractabant
781 3919 808 3962 et
826 3919 902 3978 terga
915 3917 1053 3963 verterent
1071 3924 1156 3976 coge.

56 3990 130 4043 bant.
159 4000 185 4044 et
204 3991 268 4060 fuga
288 3990 358 4040 facta
377 3991 533 4042 ceciderunt
550 3987 626 4039 multi
646 3987 817 4046 Graecorum,
837 3981 883 4033 alii
901 3989 988 4033 autern
1006 3981 1064 4033 rivi
1085 3979 1157 4045 capti

56 4069 128 4128 sunt,
144 4063 242 4116 servati
257 4070 345 4114 autem
354 4061 499 4115 Melitenen
512 4060 604 4112 urbem
619 4057 778 4125 effugerant.
793 4061 992 4105 contemnentes
1007 4061 1095 4102 autem
1108 4049 1157 4099 hos

55 4133 163 4186 barbari
177 4142 206 4186 ut
224 4135 275 4186 iam
289 4149 383 4186 versos
409 4141 435 4185 et
454 4132 574 4185 artificiis
596 4129 664 4182 belli
687 4127 824 4190 devictos,
843 4140 952 4192 prorsus
971 4122 1157 4174 excursionem

58 4205 160 4259 iaciunt
178 4221 263 4274 usque
280 4206 313 4258 ad
325 4204 493 4270 Caesaream,
514 4201 662 4270 spoliantes
676 4199 765 4253 omnia
781 4206 808 4249 ct
824 4198 1004 4260 destruentes,
1023 4200 1050 4244 et
1066 4192 1157 4261 ignem

930 4291 934 4312 Ι
