2875 4734
185 233 189 237 ’
226 252 300 323 sto
501 214 742 311 ''urensmrs
772 238 1051 355 ιπλιιοτλα

227 421 327 484 κεῦνα
351 420 391 501 τῇ
409 413 578 493 Ῥωμαίων
599 411 686 500 δρχῇ
705 410 911 487 συνεκέρασε.
936 406 1093 468 δέδεικται
1113 401 1174 485 γὰρ
1198 404 1233 467 ἐκ
1255 399 1326 467 τοῦ·
1421 488 1424 503 .

227 543 289 585 των
315 513 365 580 ότι
386 519 447 579 τῶν
470 512 629 593 προτέρων
652 512 709 573 τοῦ
730 504 951 589 γένουςαότοῦ
975 503 1142 587 δυστήνων
1164 508 1326 587 κατορθω-

227 619 339 701 μότων
359 615 414 679 καί
428 617 482 697 τῆς
506 612 655 693 κοσμικῆς
677 608 878 695 καταλύσεως
906 608 1000 673 τοῦτο
1033 610 1164 689 κορωνὶς
1194 608 1325 687 κατέστη

222 717 282 784 ’καί
301 720 388 791 τέλος
409 714 560 779 α’παίσιον
582 709 637 775 καί
656 712 823 774 τελευταιά
845 705 945 791 πληγὴ
971 709 1026 771 καί
1058 708 1114 789 τῆς
1146 700 1227 781 ἓώας
1255 702 1329 789 ἐρη-

225 844 337 900 μωσις.
553 854 564 877 .
688 828 692 838 “
733 817 739 828 '
1015 825 1021 837 ‘
1336 818 1351 870 5

285 918 375 986 Ἀλλ’
398 916 414 981 ό
435 921 495 998 μὲν
511 909 612 989 οῦτως
627 915 683 977 καί
694 908 876 993 πεποιηκός
891 906 946 973 καί
957 906 1072 974 παδιόν
1086 899 1207 985 ῦνειδος
1229 903 1329 996 ἑαυτοῦ
1423 930 1426 951 ⁴

225 1026 280 1089 καί
293 1018 466 1101 ἁμαρτάδα
490 1011 597 1098 δεινόν
617 1011 833 1096 περιήνεγκεν·
858 1003 931 1093 ῦρτι
947 1013 982 1075 δὲ
995 1011 1052 1074 τοῦ
1073 1007 1248 1091 όκτωβρίοο
1266 1034 1329 1091 μη·

227 1121 282 1198 νός
296 1124 353 1203 τῆς
365 1110 472 1202 τρίτης
490 1117 686 1190 ε’νδικτιοῦνος
702 1114 921 1193 ἐνισταμένου,
936 1110 1089 1192 κεραυνός
1102 1104 1279 1193 ἐπισκήψας
1294 1113 1328 1174 έν

56 1287 58 1298 ,
113 1262 116 1267 -
226 1201 409 1310 τρῦμεγοὶλρι
423 1222 502 1280 κίονι
517 1218 575 1279 τοῦ
587 1215 887 1279 Κωνσταντινιακοῦ
902 1211 1015 1299 φόρου,
1038 1202 1078 1274 οῦ
1091 1206 1171 1274 sard
1186 1208 1326 1296 κεφαλήν

228 1323 400 1407 α’φίδρυμα
419 1323 567 1402 μέγιστον
589 1317 712 1399 χαλκοῦ
734 1318 955 1397 πεποιημένον,
982 1310 1109 1394 δνήλιος
1131 1312 1166 1375 δὲ
1199 1314 1328 1393 λεγόμε.
1339 1329 1369 1386 10

228 1445 294 1503 νον,
316 1422 456 1505 ἵδρυται,
476 1422 574 1500 μέρος
592 1419 653 1496 μέν
673 1438 705 1480 τι
727 1416 783 1481 τοῦ
807 1417 907 1488 κίονος
928 1417 961 1478 ἐν
982 1414 1020 1499 τῇ
1035 1408 1185 1496 όκρότητι
1207 1414 1260 1495 τῆς
1275 1426 1329 1474 ’κε-

135 1597 137 1606 .
231 1498 366 1610 ηαλίδος
388 1522 529 1599 διέτεμε,
564 1517 731 1598 ζωστῆρας
754 1515 789 1578 δὲ
823 1506 939 1576 τοῦτου
970 1522 1068 1597 τρεῖς,
1094 1511 1245 1595 σιδηροῦς
1272 1514 1331 1592 μέν
1426 1530 1429 1549 *

227 1621 267 1689 τό
290 1620 404 1701 ἔνδον,
428 1619 535 1707 χαλκρῖ
557 1620 592 1681 δὲ
617 1618 899 1700 περιειλημμένους
921 1612 1061 1696 ἔξωθεν,
1079 1614 1251 1697 κατέρραξε
1278 1617 1332 1678 καί

154 1785 157 1790 ,
229 1727 386 1800 διέκοψεν,
406 1717 588 1801 ἀνθρώπων
613 1717 647 1780 δὲ
670 1715 785 1779 οὐδένα
809 1714 885 1777 otti
905 1717 968 1777 τῶν
995 1709 1228 1796 ἄλόγων-ζιόωκ
1250 1716 1333 1779 έλα-
1426 1716 1430 1740 ⁴

227 1820 350 1904 βήσατό
372 1846 411 1885 τι.
456 1820 533 1883 ου’δέ
552 1844 583 1883 τι
615 1817 702 1900 ἴχνος
736 1814 856 1881 καπνόν
881 1814 1130 1899 τεκμαιρόμενον
1163 1812 1215 1878 τόν
1243 1820 1332 1879 κίονα
1344 1839 1374 1891 15

118 1940 123 1943 ’
167 2001 171 2007 ¹
227 1918 380 2005 ῦβρισεν,
412 1923 479 1985 ἀλλ’
502 1916 521 2005 ἦ
546 1919 780 2002 crisopassus?
802 1914 983 2001 σφοδρότης
1006 1908 1111 1997 ὥσπερ
1144 1940 1190 1989 τις
1221 1913 1334 1993 όνεμι.
1429 1904 1431 2021 η

230 2025 286 2087 αία
299 2020 357 2103 τὴν
370 2020 469 2105 φῦσιν
490 2022 704 2101 τυγχάνουσα,
718 2020 777 2099 τὴν
795 2018 825 2079 δ’
838 2014 934 2097 ίσχόν
948 2014 1216 2096 δυοπαρόδεκτος,
1231 2008 1335 2088 οῦτως

231 2122 429 2205 ἀνυβρίστως
450 2125 486 2185 τό
506 2124 692 2204 τηλικοῦτον
703 2116 794 2201 ἔργον
811 2118 866 2182 καί
882 2117 939 2197 τὴν
959 2118 1018 2179 τοῦ
1038 2112 1172 2198 σιδήρου
1188 2118 1242 2179 καί
1249 2122 1335 2197 χαλ·
1431 2126 1432 2141 ’

230 2225 287 2287 κοῦ
308 2220 504 2310 στερρότητα
533 2220 577 2293 οῦς
608 2219 643 2283 τό
673 2219 811 2300 λα’χανον
842 2216 1013 2301 ἐξεθὲρισε.
1058 2218 1113 2279 καί
1140 2213 1197 2291 τός
1229 2218 1333 2290 αἰτίας
1429 2264 1432 2283 .

190 2352 197 2369 ¹
227 2327 291 2389 νῦν
313 2323 476 2404 κεραυνιῦν
501 2314 591 2385 ἄλλοι
611 2322 670 2399 μέν
693 2312 789 2405 ἄλλοις
809 2318 1084 2400 ε’δι’δοον,,ἓτεροι
1109 2318 1144 2380 δὲ
1167 2317 1375 2396 ἀνομοίας.οο

230 2421 260 2487 οῖ
281 2426 342 2503 μδν
357 2422 419 2505 γόρ
439 2425 662 2503 μαθηματικοί
681 2419 835 2500 ποτάμιον
856 2412 938 2482 εἶναι
960 2419 1055 2483 τοῦτο
1079 2419 1142 2501 πῦρ
1162 2418 1195 2479 ἐκ
1216 2440 1334 2502 φυσιο-
1430 2356 1433 2489 ό

130 2550 133 2558 ’
229 2528 337 2605 λογιάς
365 2527 572 2607 ἐφθέγγοντο,
604 2523 641 2607 τῇ
663 2524 726 2585 τιῦν
748 2523 853 2605 νεφοῦν
874 2517 1064 2603 συγκροῦσαι
1087 2521 1141 2581 καί
1169 2519 1333 2601 διαρρηξει

228 2624 442 2705 γεννώμενον·
485 2626 676 2707 λεπτομερὲς
698 2624 729 2686 δ’
748 2619 779 2696 ές
793 2612 883 2705 ῦγαν,
894 2625 949 2685 καί
968 2629 1035 2694 τοῖς
1048 2617 1229 2693 α’ντιτόποις
1248 2621 1333 2699 μᾶλ-

302 2781 328 2833 9.
349 2782 567 2839 κωνστανεακοῦ
587 2781 618 2835 G.
711 2780 753 2832 11.
771 2780 872 2854 μέντοι
891 2775 921 2835 0.

231 2925 316 2983 surim
333 2925 427 2978 tribuit
448 2934 475 2978 et
492 2926 573 2979 talem
592 2922 692 2995 lpotum
710 2926 888 2979 Romanorum
916 2928 1029 2994 imperio
1047 2927 1162 2979 miscuit.
1199 2936 1335 2981 monstra..

230 3004 285 3049 tum
305 3000 374 3050 enirn
395 3006 435 3050 est
452 3014 486 3049 ex
503 2998 556 3064 his,
573 3000 690 3067 priorum
709 2999 819 3067 generis
837 2999 895 3051 cius
913 3000 1026 3051 tristium
1049 2999 1180 3051 factorum
1199 3008 1226 3053 et
1243 3008 1335 3053 terre.

230 3084 281 3120 nae
301 3071 451 3122 eversionis
480 3070 532 3121 hoc
557 3072 691 3122 adstitisse
717 3070 854 3139 fastigium
882 3078 909 3121 ct
935 3071 1012 3122 finem
1041 3070 1148 3122 fatalem
1167 3078 1194 3121 ct
1211 3070 1333 3123 ultimum

228 3141 310 3191 ictum
330 3150 358 3191 et
375 3142 486 3192 orientis
505 3142 688 3193 solitudinem.

330 3228 382 3280 Sed
404 3230 427 3280 is
456 3244 513 3279 cum
529 3225 570 3281 ita
597 3231 698 3297 egisset
723 3239 750 3282 ct
774 3245 867 3296 passus
895 3238 980 3293 esset,
1000 3229 1124 3297 probrum
1142 3230 1193 3282 sibi
1214 3239 1241 3282 ct
1259 3232 1334 3283 deli.

231 3307 302 3352 ctum
328 3299 411 3350 dirum
440 3300 562 3352 contulit.
606 3317 665 3352 cnm
689 3302 768 3353 modo
794 3302 906 3353 october
930 3302 1029 3353 mensis
1052 3302 1149 3352 tertiae
1177 3302 1334 3355 indictionis

120 3388 127 3395 ·
230 3370 345 3433 adesset,
365 3370 466 3421 fulmen
480 3372 585 3424 irruens
602 3374 631 3424 in
643 3388 765 3441 magnum
786 3373 934 3425 columnam
948 3372 999 3425 fori
1012 3371 1233 3437 Constantiniani,
1254 3375 1334 3426 cuius

230 3442 259 3492 iu
281 3442 368 3507 capite
390 3442 500 3507 signum
512 3445 659 3494 maximum·
673 3460 796 3507 aeneum,
816 3446 883 3496 solis
903 3460 999 3511 expers
1021 3445 1194 3508 nominatum,
1214 3451 1256 3497 est
1277 3460 1333 3511 po.

121 3555 124 3560 ,
231 3514 320 3575 situm,
339 3520 439 3578 purtem
462 3512 601 3566 columnae
618 3517 646 3566 iu
667 3514 775 3582 fastigio
788 3515 898 3581 capituli
910 3515 1025 3578 discidit,
1045 3530 1126 3567 zonas
1145 3523 1234 3566 autem
1251 3516 1333 3567 huius

230 3591 295 3645 tres,
316 3583 417 3633 ferreas
438 3585 528 3649 intus,
549 3594 720 3637 uersantem
741 3586 933 3638 circumductas
952 3594 1036 3651 extra,
1057 3588 1170 3654 disrupit
1189 3594 1217 3637 et
1235 3588 1333 3639 conci.

230 3654 277 3717 dit,
297 3654 431 3706 hominum
450 3664 537 3706 autem
556 3658 688 3709 neminem
707 3673 796 3725 neque
821 3658 959 3709 brutorum
977 3658 1129 3710 animalium
1148 3658 1242 3711 damno
1262 3657 1333 3709 affc-

231 3724 267 3775 cit
285 3725 440 3792 quidquam:
460 3742 548 3795 neque
567 3730 711 3797 vestigium
732 3722 828 3780 fumum
848 3728 1001 3796 significans
1027 3728 1175 3781 columnam
1194 3729 1334 3781 deforma-

230 3793 287 3845 vit:
307 3796 353 3847 sed
372 3796 491 3849 fulminis
510 3799 689 3864 vehementis,
716 3802 791 3867 quasi
811 3809 925 3853 ventosa
948 3807 1042 3852 natura
1063 3808 1090 3852 et
1108 3802 1136 3851 ri
1155 3813 1208 3851 uon
1228 3800 1334 3867 recipi.

231 3864 313 3929 enda,
338 3866 374 3917 ita
398 3883 451 3919 non
476 3869 648 3922 deformando
675 3870 729 3922 talc
756 3885 822 3936 opus
852 3879 878 3922 et
897 3872 961 3923 ferri
987 3880 1067 3939 atque
1091 3872 1161 3923 aeris
1181 3872 1335 3925 firmitatem

124 3978 135 3997 ,
158 3974 162 3983 .
228 3943 353 4003 tanquam
374 3936 481 3989 herbam
510 3941 676 3994 demetebat:
702 3951 781 4009 atque
807 3958 899 3995 causas
920 3943 1059 3996 fulminum
1087 3944 1134 3996 ulii
1153 3943 1220 3997 alios
1239 3943 1336 3995 trade.

230 4006 302 4070 bant,
322 4006 370 4058 alii
390 4018 477 4060 autem
497 4012 649 4065 dissimiles.
686 4012 867 4065 mathematici
887 4016 956 4065 enim
975 4014 1110 4069 fiuvialem
1127 4030 1187 4069 csse
1206 4016 1294 4082 ignem
1318 4030 1336 4065 e

230 4076 404 4147 physiologia
433 4084 655 4147 pronuntiabant,
679 4083 789 4134 nubium
817 4086 975 4139 contusione
994 4096 1021 4139 et
1046 4087 1211 4154 disruptione
1229 4092 1336 4137 ortum:

231 4154 338 4203 tenuem
364 4151 442 4204 valde
470 4160 497 4204 et
523 4154 620 4208 ictibus
646 4156 787 4224 magisque
805 4154 908 4209 latente
936 4158 964 4210 vi
990 4165 1016 4209 st
1037 4158 1214 4213 concussione
1230 4155 1336 4213 illisam
