2875 4734
255 248 330 334 ³222
403 334 408 341 ,
561 251 782 330 MiCHAELiS
812 252 1073 325 tutelonis

252 449 323 505 ποις
345 424 400 492 καί
418 420 541 509 κτήνεσι
565 420 620 487 τὸν
646 426 716 505 βιόν
738 424 935 507 πεποίηνται,
965 423 1022 486 καί
1043 417 1210 505 διατριβήν
1227 419 1363 506 ἡδίστην

253 532 308 593 καί
329 525 520 612 οἷπριίχμονα
547 526 603 595 καί
631 522 809 610 χαρίεσσαν
831 526 933 611 πάντη
957 524 1011 588 καί
1040 521 1176 601 εύζωίαν
1196 523 1363 607 παρέχου-

253 652 315 694 σιν.
359 624 390 691 οἱ
418 618 475 690 σύν
495 623 553 710 τήν
579 622 735 708 Ἰβηρικὴν
756 627 912 700 οἰκοῦντες
920 672 929 707 ,
952 614 1064 709 ἄνδρες
1084 621 1306 705 α’νελρειύτατοί
1326 648 1361 687 τε

252 719 341 804 ὄντες
370 730 425 791 καί
447 726 589 811 ἰσχυραῖς
609 726 856 808 παλαμοίμενοι,
888 725 939 787 dt'o'
963 721 1079 816 παντὸς
1100 730 1164 797 τοῖς
1181 723 1362 804 Ῥωμαίοις

251 828 499 910 ἀντεπολέμουν,
533 829 589 891 κατ’
617 827 785 911 καρτερίας
813 822 891 910 ἔργα
922 823 976 890 καί
1005 824 1121 908 α’ρετῆς
1153 829 1219 889 κατ’
1248 824 1386 891 atreus

250 931 488 1013 ἐπεδείκνυντο·
523 928 579 992 καί
590 928 764 1011 ’δυσχερῶς
788 926 893 991 αύιῶν
916 922 945 989 ot
962 924 1124 1007 Ῥωμαῖοι
1144 930 1282 1013 μεγίστῳ
1302 926 1363 989 κατ’

250 1030 429 1117 ύνυποίστην
458 1024 576 1113 θάρσει
605 1029 661 1091 κατ’
688 1025 922 1113 α’νεκύιηγήτοτς
954 1026 1069 1110 ὁρμαῖς
1091 1028 1290 1109 ἐκυρίευσαν,
1315 1021 1359 1101 ὥς

247 1127 305 1194 dcci
326 1126 443 1214 χρόνου
467 1127 606 1205 σαονύύς
627 1129 870 1213 ἐπιτελεσθῆναι
891 1132 1011 1207 τούτοις
1032 1127 1086 1193 καί
1101 1126 1219 1211 α’ναμίξ
1240 1123 1359 1223 σύνθε-

250 1254 302 1295 σιν
327 1234 360 1307 ἐξ
382 1231 623 1315 ιέιιιχαμβρείοις
651 1232 707 1294 καί
726 1234 892 1311 μετοικιῶν
920 1227 999 1314 τιρύς
1020 1222 1190 1313 ἀλλήλους·
1235 1224 1359 1293 διὸκαὶ

252 1330 385 1415 ύμένας
406 1334 440 1396 ἐν
461 1334 631 1412 βασιλεύοι
663 1334 718 1396 καί
748 1333 957 1411 παναοίύιμσς
979 1333 1219 1406 Κωνσταυτῖνος
1241 1338 1357 1415 μοῖραν
1368 1347 1400 1400 10

251 1434 310 1497 ούκ
330 1433 502 1516 ἐλαχίστην
524 1434 657 1514 ἐκεῖθεν,
679 1435 713 1497 ἐκ
734 1434 797 1497 τῶν
816 1427 972 1514 ἑσπερίων
989 1427 1129 1515 Ἰβήρων,
1154 1428 1357 1513 ἀποτεμόμε-

163 1582 174 1591 -
250 1553 312 1608 νος.
324 1535 369 1609 είς
391 1531 450 1616 τήν
471 1528 554 1597 ἓοίαυ
573 1533 747 1622 μετῴκισεν
762 1530 795 1598 έν
816 1540 881 1607 τοϊς
899 1537 952 1616 τῆς
971 1534 1142 1617 Ἀσσυρίας
1160 1535 1281 1614 μέρεσι,
1304 1535 1360 1599 καί

251 1632 355 1698 ἔκτοτε
384 1633 443 1716 τήν
472 1636 582 1717 κλῆσιν
612 1642 669 1717 τῆς
697 1636 835 1718 Ἰβηρίας
867 1632 888 1717 ή
921 1635 1074 1716 δεξαμένη
1107 1637 1236 1710 τούτους
1264 1633 1359 1717 χοίρα

251 1737 439 1814 προσέλαβε.
482 1730 638 1818 πρότερον
661 1730 723 1815 γάρ
756 1733 918 1816 Ἀσσύριοι
946 1736 1000 1797 καί
1026 1731 1143 1817 ταύτην
1173 1722 1274 1819 ᾤκουν
1301 1730 1359 1815 τήν

249 1830 373 1918 χώραν,
398 1831 506 1899 ἔπειτα
528 1836 653 1918 Μῆδοι,
674 1833 757 1915 μετα
778 1836 813 1897 δὲ
832 1835 967 1917 χρόνους
990 1831 1117 1911 ἱκανούς
1138 1830 1167 1899 οἱ
1188 1836 1359 1919 Ἀρμένιοι·
1370 1849 1400 1902 15

252 1933 307 1999 καί
327 1936 385 1998 ούκ
401 1926 441 1997 dv
462 1928 551 2018 εύροι
565 1958 614 2010 τις
636 1935 690 1999 ε’πί
711 1938 774 1999 suiv
797 1928 863 1998 ἅνω
882 1931 1009 2018 χρόνων
1023 1928 1154 2020 Ἴβηρας
1176 1958 1358 2020 μνημονευ-

251 2037 367 2115 μένους
389 2037 530 2102 ἐνταῦθα
552 2038 585 2100 ἐν
607 2042 756 2110 παλαιαῖς
778 2032 943 2121 ἱστορίαις,
964 2040 995 2100 εἰ
1014 2032 1057 2119 μή
1081 2039 1115 2113 ε”ξ
1138 2026 1235 2117 οὗπερ
1260 2039 1359 2101 linw-

250 2142 412 2212 σταντῖνος
432 2136 562 2211 τούτους
595 2135 713 2201 αύτύθι
746 2136 929 2223 κατῴκισεν.
972 2140 1005 2201 ἔκ
1034 2138 1155 2202 τούτων
1175 2128 1239 2221 poris
1266 2132 1356 2219 εἴπερ

252 2231 282 2299 οἱ
303 2237 338 2299 dx
357 2239 414 2301 τοῦ
433 2240 544 2318 γένους
565 2239 623 2301 τοῦ
647 2240 750 2303 Φωκιῖ
773 2236 944 2323 μετύληξιν
968 2233 1053 2321 εἶχον
1074 2244 1194 2321 μένους,
1217 2233 1259 2313 ὥς
1280 2233 1355 2319 ύμο.
1428 2282 1429 2285 ¹

251 2339 367 2423 χοίρων
385 2343 560 2422 γενομένων
582 2344 658 2404 ποτέ
675 2342 732 2405 κατ’
752 2335 960 2424 αύτοχθύνων
986 2337 1048 2403 αιίιύ
1070 2342 1125 2423 τῆς
1145 2342 1179 2404 ἐν
1198 2336 1400 2427 τήῬιύμηυο

120 2455 139 2510 i.
157 2444 419 2525 215r.ovptpor'oc
442 2441 498 2504 καί
524 2442 719 2521 συναυλίας,
733 2444 880 2522 ,ούύεμία
903 2436 1043 2528 ύιαφορύ
1064 2440 1201 2524 εύγενῶν
1220 2442 1276 2505 o’n'
1296 2442 1358 2506 α’λ-
1416 2496 1428 2526 ,

252 2539 358 2624 λήλων
390 2543 447 2605 καί
477 2540 632 2629 α’νδρείων
661 2543 919 2627 συνεληλυθότων
948 2545 993 2619 εἰς
1025 2545 1103 2623 μιᾶς
1130 2538 1358 2628 συμπλήρωσιν
1426 2534 1427 2543 “

254 2640 464 2727 κοσμίατηισς.

221 2998 227 3011 .
255 2974 376 3014 securam
396 2968 535 3031 etgratam
553 2966 661 3018 omnino
680 2972 707 3017 et
725 2967 806 3019 sitnm
823 2966 964 3019 lautiorem
982 2967 1119 3035 praebent.
1140 2966 1253 3020 lberinm
1272 2969 1355 3037 igitur

254 3032 433 3085 inhabitantes
452 3036 520 3101 viri,
547 3038 684 3091 fortissimi
705 3046 732 3090 et
750 3039 829 3090 valde
846 3040 959 3103 strenui,
979 3041 1085 3103 omnino
1108 3049 1200 3092 contra
1219 3040 1353 3092 Romanos

253 3102 328 3155 belia
347 3106 486 3173 gerebant,
508 3117 534 3160 et
545 3111 692 3177 patientiae
709 3110 779 3162 iacta
792 3117 872 3177 atque
883 3113 989 3163 virtutis
1002 3116 1093 3162 contra
1105 3126 1153 3164 eos
1172 3111 1353 3163 ostendeban-

226 3206 228 3214 ,
255 3182 309 3238 tur,
321 3183 401 3243 atque
419 3194 501 3245 aegre
520 3182 554 3232 iis
564 3181 675 3232 Romani
696 3183 808 3233 maxima
828 3190 855 3233 ct
872 3182 1036 3235 irresistibili
1055 3184 1164 3235 audacia
1186 3191 1213 3233 et
1232 3184 1353 3250 ingenti.

252 3245 302 3296 bus
321 3247 424 3299 viribus
443 3251 597 3316 superiores
618 3260 679 3304 sunt
701 3254 782 3305 facti:
808 3255 845 3305 ita
864 3263 893 3305 ut
911 3257 1008 3307 sensim
1029 3255 1167 3321 pactiones
1186 3256 1352 3321 perficeren-
1423 3254 1424 3269 ¹

252 3323 295 3365 tur
313 3314 354 3367 his
374 3325 401 3368 ct
418 3319 535 3372 invicem
555 3326 712 3389 compositio
729 3340 763 3376 ex
780 3324 911 3377 affinitate
931 3332 958 3376 et
975 3326 1077 3377 sedium
1094 3327 1164 3377 inter
1182 3341 1212 3377 se
1231 3341 1353 3377 commu-

251 3386 342 3438 nione.
381 3390 552 3456 quamobrem
580 3396 658 3445 etiam
683 3409 793 3463 magnus
812 3398 882 3448 inter
905 3412 985 3465 reges
1011 3405 1037 3448 ct
1056 3398 1163 3448 omnino
1183 3398 1352 3449 venerandus

253 3457 442 3512 Constantinus
461 3472 563 3529 partem
581 3480 636 3515 non
654 3467 787 3518 minimam
805 3469 868 3520 inde
883 3484 916 3519 cx
933 3467 1053 3520 iberibus
1073 3467 1283 3520 occidentalibus
1302 3467 1351 3519 ab.

251 3530 376 3584 scindens
394 3532 422 3584 in
448 3535 578 3587 orientem
597 3540 776 3604 transposuit,
802 3546 831 3590 ut
854 3539 1003 3593 habitarent
1018 3541 1048 3590 in
1069 3538 1196 3606 Assyriae
1216 3539 1350 3606 partibus:

251 3609 332 3671 atquc
349 3603 413 3656 inde
433 3620 466 3657 cx
484 3622 516 3657 eo
530 3615 650 3675 tempore
662 3624 759 3660 nomen
772 3609 876 3662 iberiae
893 3620 965 3662 terra
983 3626 1051 3685 qnae
1068 3611 1175 3679 excepit
1191 3610 1251 3676 hos,
1271 3626 1351 3662 acce-

250 3674 300 3793 pit.
320 3684 399 3727 nntcn
419 3677 489 3728 enim
498 3678 603 3745 Assyrii
623 3688 649 3731 ct
668 3680 736 3732 hanc
752 3681 906 3733 incolebant
924 3688 1038 3746 terram,
1057 3682 1154 3735 deinde
1166 3684 1245 3748 biedi,
1264 3682 1352 3749 piuri-

269 3758 301 3795 ns
320 3748 484 3813 temporibus
503 3759 565 3817 post
574 3752 703 3816 Armenii,
724 3768 813 3820 neque
825 3753 946 3805 inveniat
964 3755 1103 3821 quisquam
1123 3754 1193 3823 quod
1211 3754 1244 3805 ad
1262 3753 1352 3819 priora

251 3820 372 3880 tempora
390 3821 507 3884 pertinet
516 3821 608 3875 Iberes
628 3824 845 3876 commemoratos
865 3824 902 3875 ibi
920 3825 948 3874 in
966 3826 1080 3892 antiquis
1099 3825 1229 3890 historiis,
1247 3824 1300 3877 nisi
1319 3839 1352 3874 ex

195 3932 198 3935 ,
252 3900 305 3952 quo
325 3902 434 3954 magnus
455 3891 643 3946 Constantinus
670 3895 712 3946 bis
732 3894 768 3946 ibi
787 3895 865 3947 sedes
884 3895 965 3946 dedit.
1010 3911 1043 3947 ex
1061 3896 1104 3949 his
1122 3899 1204 3965 igitur
1222 3896 1352 3963 siquidem

253 3958 298 4024 qni
318 3972 333 4007 e
351 3972 453 4025 genere
471 3961 577 4014 Pbocae
603 3972 677 4017 erant
695 3968 868 4018 mutationem
886 3966 1019 4019 hebebant
1037 3969 1155 4036 generis,
1175 3969 1274 4035 quippe
1294 3982 1352 4017 cum
1419 4020 1420 4032 χ

253 4032 421 4081 conterranei
442 4041 531 4084 essent
551 4043 577 4085 et
595 4037 738 4105 indigenae
768 4038 920 4089 aRomana
946 4040 1136 4091 coniunctione
1158 4047 1185 4091 et
1202 4052 1352 4091 commora-

251 4100 326 4152 tione
345 4101 422 4153 nnlia
440 4102 582 4156 diversitas
601 4108 694 4158 incidit
711 4107 842 4160 nobilium
861 4110 977 4162 invicem
997 4118 1024 4162 et
1041 4111 1160 4177 fortium,
1182 4111 1226 4179 qni
1247 4123 1351 4164 conve.

252 4180 349 4223 nerant
365 4174 393 4225 in
412 4174 490 4229 nnius
509 4178 731 4243 compositionem
750 4181 860 4233 ordinis.
