2875 4734
221 292 293 371 166
509 295 729 368 HICHAELIS
761 294 1023 367 tuturoutu

217 463 347 548 τομον.”
370 464 676 547 διακαρτερήσαντες
696 456 755 528 σόν
768 464 802 528 ἐν
814 461 939 537 τούτοις
955 458 1137 546 ἀμφότερον
1147 461 1246 544 μέχρι
1259 463 1325 527 τεόν

219 565 426 651 δηλωθεισιόν
448 561 589 647 ῆμεροόν,
622 567 676 629 καί
696 561 837 639 σπονδός
858 560 1064 648 ποιησόμενοι
1087 565 1142 625 καί
1162 562 1325 646 συνθήκας

217 667 377 751 εἰρηνικός
384 711 395 742 ,
417 659 488 729 εἶτα
509 664 564 729 καί
585 668 679 748 κῆδος
694 666 747 730 ε’πί
767 672 830 740 τοῖς
850 664 943 739 ι’δίοις
968 661 1063 727 παισί
1077 662 1324 748 συστησάμενοι,

216 763 317 848 μόνην
338 767 481 842 δεξίωσιν
505 760 684 848 οἷδρόν-τοό
702 768 858 845 βασιλέως
883 764 970 851 ου’τῆ
991 760 1323 845 προσομολογῆσαντος

218 868 342 953 ἐκεῖθεν
363 860 418 929 εἶπ’
438 863 583 950 ἀλλήλων
606 866 884 947 διεχωρίσθησαν,
911 858 1128 944 ἀπολύσαντος
1148 859 1245 927 ον’τόν
1264 865 1323 925 τοῦ
1333 884 1351 935 5

219 965 396 1031 σονλτόνου
421 962 480 1029 σόν
500 969 600 1054 πολλῆ
621 968 658 1053 τῆ
679 968 852 1051 περιπλοκῇ
876 966 929 1029 καί
943 967 983 1051 τῆ
1005 962 1222 1057 συντακτηρίῳ
1244 963 1322 1047 τιμῇ

219 1066 301 1148 πρός
319 1063 378 1150 τῆν
398 1067 514 1130 οίκειάν
535 1070 723 1148 βασιλείαν,
753 1066 1000 1149 προσεπιδόντος
1030 1064 1066 1127 δὲ
1088 1067 1143 1127 καί
1162 1068 1224 1127 τεόν
1240 1062 1322 1127 Ῥω-

219 1173 325 1249 μαίων
346 1163 484 1243 ὁπόσους
503 1164 653 1253 ᾐτῆσατο,
675 1171 731 1231 καί
752 1169 900 1249 πρέσβεις
926 1163 961 1229 ἐκ
983 1167 1046 1230 τῶν
1068 1166 1200 1229 οἰκείων.

320 1268 383 1341 Εἰς·
406 1267 441 1329 δὲ
468 1261 504 1328 τό
538 1268 757 1350 Μαντζικίερτ
784 1262 819 1329 τό
843 1260 980 1349 κόστρον
1009 1260 1194 1348 φθάσαντες
1213 1268 1326 1329 πολλοί

202 1369 282 1431 ,τοόν
297 1365 464 1447 Ῥωμαίων
484 1375 680 1451 καταφυγεῖν
709 1373 853 1447 κατεῖχον
878 1362 966 1430 ου’τό.
1022 1359 1065 1440 τός
1083 1366 1112 1427 δ’
1134 1359 1150 1425 ό
1171 1362 1323 1446 βασιλεός
1336 1386 1369 1440 10

219 1466 395 1548 ἐπανῆλθε,
420 1468 462 1528 δι’
487 1460 585 1549 όλλης
607 1464 685 1529 όδοό
708 1468 842 1550 οίφίντες
865 1465 959 1528 τοῦτο
981 1467 1094 1529 ε’κεῖνοι
1117 1463 1230 1539 νυκτός
1254 1466 1323 1541 ἑξέ-

220 1589 331 1650 φυμον.
376 1566 434 1651 ἀφ’
464 1560 510 1630 τόν
543 1571 601 1630 καί
620 1590 700 1640 τινες
724 1565 886 1646 πολεμιόις
914 1560 1181 1650 περιπεπτωκότες
1207 1566 1324 1631 διεκιν-

220 1664 399 1730 δόνευσαν·
443 1666 473 1731 οἱ
493 1668 524 1729 δ’
542 1661 632 1729 ἄλλοι
663 1663 742 1749 πρός
761 1662 801 1730 τό
823 1670 964 1751 σφέτερα
994 1662 1205 1750 διεσεόθησαν.
1250 1661 1323 1733 ὅδὲ

217 1764 371 1849 βασιλεός
395 1765 593 1851 κατηντηκιός
610 1768 656 1839 εἰς
680 1764 945 1831 Θεοδοσιοόπολιν
966 1764 1047 1847 μετοὶ
1073 1768 1247 1850 Τουρκιιιῆς
1267 1769 1323 1849 τῆς

218 1871 349 1951 στολῆς,
367 1871 423 1931 καί
444 1867 634 1949 όποδεχθείς
661 1869 853 1951 φιλοτίμως,
874 1866 998 1950 ἡμέρας
1026 1862 1115 1939 τινός
1135 1868 1235 1930 ἐκεῖσε
1258 1869 1325 1931 διε·
1335 1886 1368 1941 15

219 1972 405 2052 καρτίρησε,
428 1964 686 2053 θεραπευόμενος
706 1970 766 2047 μὲν
788 1964 844 2051 τῆν
866 1975 977 2051 χεῖρα,
996 1968 1265 2033 συνδιαναπαόων
1287 1970 1321 2033 δὲ

220 2069 276 2132 καί
296 2065 331 2132 τό
368 2062 445 2132 όλλο
478 2072 571 2148 σῶμα
603 2070 659 2132 καί
690 2065 924 2149 α’νακτοόμενος,
944 2066 1121 2151 Ῥωμαϊκήν
1150 2090 1183 2133 τε
1205 2065 1321 2151 σκευῆν

221 2161 294 2251 όρτι
319 2170 478 2246 καινίζων,
498 2170 554 2234 καί
573 2166 627 2252 τῆν
650 2163 749 2253 όλλην
773 2171 873 2233 ε’κεῖσε
899 2165 1146 2246 κατασκευάζων
1167 2165 1322 2246 ἐπίτευξιν

222 2264 276 2333 διό
297 2267 331 2333 τό
354 2273 482 2349 μέλλειν
519 2273 564 2344 είς
593 2267 632 2334 τό
655 2269 765 2356 πρόσω
795 2272 852 2353 τῆς
872 2266 1047 2355 ΙῬωμαίων
1068 2277 1196 2352 χωρεῖν.
1241 2262 1348 2363 ἄρεω

222 2362 279 2433 οὖν
307 2371 431 2435 εἰιεῖθεν
462 2368 543 2452 μετό
573 2376 741 2456 βασιλικῆς
769 2375 823 2455 τῆς
853 2376 968 2455 σκευῆς
986 2394 1019 2435 τε
1050 2374 1105 2435 καί
1136 2371 1322 2454 προπομπῆς
1331 2397 1367 2449 20

222 2470 307 2557 διῄει
324 2469 381 2546 τοὶς
403 2471 558 2558 Ἰβηρικὰς
582 2472 701 2554 κώμας,
725 2472 848 2556 ὀλίγους
868 2475 950 2537 πάνυ
965 2472 1152 2555 καταλαβών
1170 2476 1233 2536 τῶν
1257 2496 1322 2557 φυ-

220 2567 329 2654 μόδων
350 2575 403 2657 τῆς
420 2570 527 2659 μόχης
551 2578 768 2659 σιρατιωτοδν,
792 2568 848 2647 οός
864 2578 919 2640 καί
939 2571 1057 2649 αότοός
1076 2574 1156 2656 μετὰ
1180 2577 1242 2639 τῶν
1263 2598 1322 2638 ον-

220 2676 523 2757 νελευθερωθόντων
538 2669 606 2759 εἶχε
626 2677 703 2757 μεθ’
723 2672 850 2741 ἑαυτοῦ.
873 2675 907 2742 τό
933 2679 961 2741 δ’
976 2669 1196 2760 όλλοπλῆθος
1217 2672 1323 2741 συνεί-

222 2980 355 3051 equidem,
374 2982 471 3053 iuquit,
489 2998 543 3035 uon
563 2984 687 3037 imitabor
707 2992 829 3038 austeros
851 2991 910 3037 tuos
930 2993 956 3038 et
975 2983 1098 3039 crudeles
1115 3001 1212 3059 mores.
1246 2995 1323 3054 post·

221 3069 299 3123 quarn
318 3054 401 3122 igitur
418 3057 447 3106 iu
461 3055 503 3108 his
521 3055 597 3108 ambo
617 3060 717 3110 versati
737 3066 892 3125 suutusque
907 3058 938 3111 ad
956 3056 1105 3133 declaratas
1124 3058 1182 3111 dies
1201 3065 1229 3109 et
1245 3058 1323 3110 fidem

223 3133 251 3176 et
271 3127 344 3192 pacis
363 3136 443 3192 pacta
460 3128 613 3193 iunxerunt,
633 3130 730 3181 deiude
745 3131 824 3181 etiam
838 3128 992 3183 affinitatem
1011 3131 1039 3181 iu
1059 3128 1153 3181 liberis
1173 3131 1228 3182 suis
1247 3144 1322 3181 com-

221 3205 379 3263 posuerunt,
399 3198 491 3249 dextra
510 3208 611 3252 tautum
630 3201 692 3251 fidei
711 3201 859 3273 testeaedata
887 3202 949 3253 iude
969 3202 1148 3253 discesserunt
1167 3216 1182 3252 a
1201 3217 1231 3253 se
1249 3202 1322 3253 invi-

223 3281 291 3330 cem,
312 3283 370 3318 cum
389 3267 510 3322 sultanus
537 3287 596 3321 eum
630 3273 776 3324 dimitteret
793 3273 875 3324 multo
905 3289 963 3324 curn
990 3271 1113 3339 amplexu
1133 3281 1160 3323 et
1178 3271 1322 3324 honoribus

221 3339 421 3404 prosecutionis
442 3340 474 3391 ad
494 3343 577 3407 ipsius
596 3358 718 3411 regnum,
733 3351 814 3413 atque
832 3345 942 3396 adderet
960 3346 1038 3396 etiam
1054 3345 1223 3407 Graecorum,
1242 3350 1321 3411 quot-

224 3415 291 3478 quot
307 3410 459 3478 requisivit,
480 3420 507 3462 et
524 3411 629 3479 legatus
649 3429 683 3464 ex
701 3416 765 3466 suis.

323 3497 364 3551 Ad
388 3498 591 3551 Muutzikertum
617 3508 705 3552 autem
734 3501 872 3554 castellum
898 3502 1024 3554 celeriter
1056 3503 1133 3555 multi
1164 3503 1330 3556 Graecorum*

224 3569 413 3641 confugientes
432 3571 458 3624 id
476 3579 628 3623 tenuerunt.
666 3588 725 3623 cum
743 3582 831 3624 autern
847 3590 896 3626 rex
909 3573 964 3625 alia
982 3575 1027 3625 via
1044 3575 1153 3637 rediret,
1172 3574 1270 3626 relicto
1289 3586 1320 3623 eo

222 3640 264 3691 itti
283 3649 364 3692 nocte
386 3642 526 3709 fugeruut:
548 3660 581 3695 ex
601 3643 696 3712 quibus
715 3646 795 3696 etium
813 3644 858 3697 alii
887 3646 915 3696 iu
935 3646 1027 3698 hostes
1046 3646 1194 3697 incidentes
1212 3646 1320 3712 pericu-

222 3710 278 3761 lum
297 3712 449 3778 subierunt,
478 3717 562 3767 ceteri
587 3718 614 3768 in
638 3732 686 3768 sua
714 3718 862 3769 incolumes
886 3724 1026 3769 venerunt.
1070 3734 1118 3769 rex
1136 3724 1241 3780 autem,
1262 3732 1321 3767 cum

224 3780 378 3833 advenisset
395 3784 621 3855 Theodosiopolin
640 3803 699 3839 cum
718 3790 825 3856 agmine
843 3787 953 3840 Turcicc
983 3796 1010 3839 et
1028 3788 1176 3840 honorifice
1195 3794 1320 3854 exceptus

189 3867 196 3873 ’
223 3858 311 3914 esset,
339 3853 395 3904 dias
419 3858 563 3911 nonnullos
582 3859 619 3911 ibi
644 3868 761 3911 moratus
781 3867 830 3923 est,
851 3874 945 3911 curans
974 3874 1077 3911 manum
1093 3872 1169 3911 'suam
1189 3860 1321 3927 simulque

221 3921 356 3990 reliquum
375 3925 498 3978 reficiens
518 3945 614 3997 corpus
634 3939 661 3982 et
680 3932 823 3982 restituens
844 3930 1024 3997 Graecumque
1048 3936 1200 3999 apparatum
1220 3934 1320 3982 λιστεαε

222 4002 304 4061 atque
323 4002 413 4044 cetera
436 3997 473 4048 ibi
493 4015 586 4063 parans
605 4003 794 4068 impedimenta
826 4003 887 4069 quia
905 4001 1012 4068 lougius
1039 4005 1066 4053 iu
1086 4002 1245 4055 Graecorum
1263 4009 1320 4052 ter.
1355 4035 1360 4043 .
1429 4024 1430 4033 ι

222 4080 287 4115 επιπ-
302 4076 475 4133 processurus
502 4080 565 4120 erat.
604 4074 740 4137 profectus
768 4074 849 4140 igitur
876 4072 938 4122 inde
963 4088 1020 4122 cum
1046 4076 1122 4142 regio
1148 4080 1275 4141 apparatu
1295 4079 1321 4121 et

223 4140 349 4188 comitatu
367 4137 487 4192 ibericus
506 4154 589 4207 pagos
608 4145 771 4212 peragravit,
790 4157 890 4211 paucos
906 4144 1014 4197 omniuo
1033 4146 1169 4213 recipiens
1188 4144 1321 4211 fugitivu-

222 4218 281 4255 τοτα
299 4208 398 4273 proelii
416 4209 538 4278 militum,
558 4228 624 4281 quos
645 4222 672 4265 et
699 4216 772 4279 ipsos
792 4230 850 4268 cum
869 4213 989 4267 liberatis
1007 4232 1097 4269 secum
1115 4214 1237 4281 habebat,
1275 4230 1320 4267 re·
