<?xml version="1.0" encoding="UTF-8"?>
<!DOCTYPE html PUBLIC "-//W3C//DTD XHTML 1.0 Transitional//EN"
    "http://www.w3.org/TR/xhtml1/DTD/xhtml1-transitional.dtd">
<html xmlns="http://www.w3.org/1999/xhtml" xml:lang="en" lang="en">
 <head>
  <title>
</title>
<meta http-equiv="Content-Type" content="text/html;charset=utf-8" />
  <meta name='ocr-system' content='tesseract 3.04.00' />
  <meta name='ocr-capabilities' content='ocr_page ocr_carea ocr_par ocr_line ocrx_word'/>
</head>
<body>
  <div class='ocr_page' id='page_1' title='image "./corpusscriptoru05theogoog/corpusscriptoru05theogoog_0362.png"; bbox 0 0 2875 4734; ppageno 0'>
   <div class='ocr_carea' id='block_1_1' title="bbox 215 230 1153 336">
    <p class='ocr_par' dir='ltr' id='par_1_1' title="bbox 215 230 1153 336">
     <span class='ocr_line' id='line_1_1' title="bbox 215 230 1153 336; baseline 0.001 -15"><span class='ocrx_word' id='word_1_1' title='bbox 215 237 316 336; x_wconf 49' lang='lat' dir='ltr'><em>aadx</em></span> <span class='ocrx_word' id='word_1_2' title='bbox 437 304 441 309; x_wconf 94' lang='lat'>.</span> <span class='ocrx_word' id='word_1_3' title='bbox 519 249 736 321; x_wconf 80' lang='lat' dir='ltr'><strong>urenauars</strong></span> <span class='ocrx_word' id='word_1_4' title='bbox 764 234 1067 322; x_wconf 75' lang='lat' dir='ltr'><strong>amauroran&#39;</strong></span> <span class='ocrx_word' id='word_1_5' title='bbox 1148 230 1153 241; x_wconf 88' lang='lat'>&#39;</span> 
     </span>
    </p>
   </div>
   <div class='ocr_carea' id='block_1_2' title="bbox 157 412 1352 2115">
    <p class='ocr_par' dir='ltr' id='par_1_2' title="bbox 157 412 1352 2115">
     <span class='ocr_line' id='line_1_2' title="bbox 215 412 1309 501; baseline 0.001 -22"><span class='ocrx_word' id='word_1_6' title='bbox 215 412 400 499; x_wconf 79' lang='grc' dir='ltr'><em>ἀπήμβλονε</em></span> <span class='ocrx_word' id='word_1_7' title='bbox 424 418 478 480; x_wconf 86' lang='grc' dir='ltr'><strong><em>καί</em></strong></span> <span class='ocrx_word' id='word_1_8' title='bbox 496 413 673 496; x_wconf 75' lang='grc' dir='ltr'><strong><em>καθύβρισε</em></strong></span> <span class='ocrx_word' id='word_1_9' title='bbox 694 412 729 478; x_wconf 86' lang='grc' dir='ltr'>τὸ</span> <span class='ocrx_word' id='word_1_10' title='bbox 750 414 980 501; x_wconf 81' lang='grc' dir='ltr'><em>φιλάνθρωπον</em></span> <span class='ocrx_word' id='word_1_11' title='bbox 1001 415 1309 501; x_wconf 58' lang='lat' dir='ltr'><strong>restituendisque,</strong></span> 
     </span>
     <span class='ocr_line' id='line_1_3' title="bbox 208 510 1309 610; baseline 0.003 -32"><span class='ocrx_word' id='word_1_12' title='bbox 208 512 271 610; x_wconf 79' lang='grc' dir='ltr'><em>Ικαί</em></span> <span class='ocrx_word' id='word_1_13' title='bbox 290 511 355 580; x_wconf 85' lang='grc' dir='ltr'><em>εἴτε</em></span> <span class='ocrx_word' id='word_1_14' title='bbox 376 510 420 591; x_wconf 79' lang='grc' dir='ltr'><em>ἀς</em></span> <span class='ocrx_word' id='word_1_15' title='bbox 442 522 507 592; x_wconf 73' lang='grc' dir='ltr'><em>τοῖς</em></span> <span class='ocrx_word' id='word_1_16' title='bbox 528 516 716 598; x_wconf 75' lang='grc' dir='ltr'><em>βασιλεῦσιν</em></span> <span class='ocrx_word' id='word_1_17' title='bbox 732 510 949 599; x_wconf 68' lang='grc' dir='ltr'><em>’ἀγνοούμενον</em></span> <span class='ocrx_word' id='word_1_18' title='bbox 969 512 1030 582; x_wconf 80' lang='grc' dir='ltr'><em>εἴτε</em></span> <span class='ocrx_word' id='word_1_19' title='bbox 1051 512 1115 599; x_wconf 93' lang='grc' dir='ltr'><em>μήν</em></span> <span class='ocrx_word' id='word_1_20' title='bbox 1139 516 1181 593; x_wconf 78' lang='grc' dir='ltr'><em>ἀς</em></span> <span class='ocrx_word' id='word_1_21' title='bbox 1210 541 1309 581; x_wconf 89' lang='grc' dir='ltr'><em>κατα-</em></span> 
     </span>
     <span class='ocr_line' id='line_1_4' title="bbox 168 613 1309 705; baseline 0.003 -27"><span class='ocrx_word' id='word_1_22' title='bbox 168 698 174 705; x_wconf 30' lang='grc'><em>.</em></span> <span class='ocrx_word' id='word_1_23' title='bbox 209 613 431 700; x_wconf 79' lang='grc' dir='ltr'><em>φρονοδμενον</em></span> <span class='ocrx_word' id='word_1_24' title='bbox 452 618 711 700; x_wconf 64' lang='grc' dir='ltr'><em>ἀπαρρησίαστον</em></span> <span class='ocrx_word' id='word_1_25' title='bbox 730 614 845 698; x_wconf 83' lang='grc' dir='ltr'><em>ἔμεινε,</em></span> <span class='ocrx_word' id='word_1_26' title='bbox 867 616 959 700; x_wconf 87' lang='grc' dir='ltr'><em>ναίή</em></span> <span class='ocrx_word' id='word_1_27' title='bbox 981 620 1134 702; x_wconf 73' lang='grc' dir='ltr'><em>καταδίκη</em></span> <span class='ocrx_word' id='word_1_28' title='bbox 1150 614 1222 691; x_wconf 77' lang='grc' dir='ltr'><em>τούς</em></span> <span class='ocrx_word' id='word_1_29' title='bbox 1245 620 1309 681; x_wconf 83' lang='grc' dir='ltr'><em>δει-</em></span> 
     </span>
     <span class='ocr_line' id='line_1_5' title="bbox 203 717 1309 805; baseline 0.002 -24"><span class='ocrx_word' id='word_1_30' title='bbox 203 720 326 793; x_wconf 81' lang='grc' dir='ltr'><em>λαίους</em></span> <span class='ocrx_word' id='word_1_31' title='bbox 355 717 562 801; x_wconf 74' lang='grc' dir='ltr'><em>κατακρίτους</em></span> <span class='ocrx_word' id='word_1_32' title='bbox 592 719 713 792; x_wconf 82' lang='grc' dir='ltr'><em>εάθίως</em></span> <span class='ocrx_word' id='word_1_33' title='bbox 745 717 924 805; x_wconf 74' lang='grc' dir='ltr'><em>ἀνήρπαξε,</em></span> <span class='ocrx_word' id='word_1_34' title='bbox 953 718 1008 784; x_wconf 86' lang='grc' dir='ltr'><em>καί</em></span> <span class='ocrx_word' id='word_1_35' title='bbox 1036 727 1169 801; x_wconf 83' lang='grc' dir='ltr'><em>ταχείαν</em></span> <span class='ocrx_word' id='word_1_36' title='bbox 1201 719 1309 794; x_wconf 79' lang='grc' dir='ltr'><em>ον’τοίς</em></span> 
     </span>
     <span class='ocr_line' id='line_1_6' title="bbox 165 814 1331 904; baseline 0.003 -23"><span class='ocrx_word' id='word_1_37' title='bbox 165 831 171 845; x_wconf 91' lang='grc'><em>·</em></span> <span class='ocrx_word' id='word_1_38' title='bbox 212 814 271 901; x_wconf 86' lang='grc' dir='ltr'><em>τήν</em></span> <span class='ocrx_word' id='word_1_39' title='bbox 292 815 411 903; x_wconf 86' lang='grc' dir='ltr'><em>πληγήν</em></span> <span class='ocrx_word' id='word_1_40' title='bbox 433 820 627 901; x_wconf 76' lang='grc' dir='ltr'><em>ἐσχεδίαζον.</em></span> <span class='ocrx_word' id='word_1_41' title='bbox 663 817 689 881; x_wconf 78' lang='grc' dir='ltr'><em>’δ</em></span> <span class='ocrx_word' id='word_1_42' title='bbox 711 821 747 884; x_wconf 87' lang='grc' dir='ltr'><em>δέ</em></span> <span class='ocrx_word' id='word_1_43' title='bbox 769 818 1075 904; x_wconf 85' lang='grc' dir='ltr'><em>φιλανθρωπότατος</em></span> <span class='ocrx_word' id='word_1_44' title='bbox 1086 818 1195 885; x_wconf 70' lang='lat' dir='ltr'><strong>oritoni</strong></span> <span class='ocrx_word' id='word_1_45' title='bbox 1213 822 1331 901; x_wconf 77' lang='grc' dir='ltr'><em>βασι-5</em></span> 
     </span>
     <span class='ocr_line' id='line_1_7' title="bbox 210 916 1307 1008; baseline 0.003 -27"><span class='ocrx_word' id='word_1_46' title='bbox 210 917 285 993; x_wconf 81' lang='grc' dir='ltr'><em>λεές</em></span> <span class='ocrx_word' id='word_1_47' title='bbox 318 916 468 1003; x_wconf 76' lang='grc' dir='ltr'><em>ἀφορμὰς</em></span> <span class='ocrx_word' id='word_1_48' title='bbox 499 923 744 1003; x_wconf 77' lang='grc' dir='ltr'><em>φιλανθρωπίας</em></span> <span class='ocrx_word' id='word_1_49' title='bbox 774 919 932 1003; x_wconf 77' lang='grc' dir='ltr'><em>εὖρίσκειν</em></span> <span class='ocrx_word' id='word_1_50' title='bbox 962 918 1154 1003; x_wconf 79' lang='grc' dir='ltr'><em>βουλόμενος</em></span> <span class='ocrx_word' id='word_1_51' title='bbox 1184 922 1238 1003; x_wconf 76' lang='grc' dir='ltr'><em>καί</em></span> <span class='ocrx_word' id='word_1_52' title='bbox 1265 924 1307 1008; x_wconf 69' lang='grc' dir='ltr'><em>τῷ</em></span> 
     </span>
     <span class='ocr_line' id='line_1_8' title="bbox 211 1013 1307 1109; baseline 0.003 -27"><span class='ocrx_word' id='word_1_53' title='bbox 211 1020 288 1106; x_wconf 82' lang='grc' dir='ltr'><em>ἐλέφ</em></span> <span class='ocrx_word' id='word_1_54' title='bbox 308 1015 362 1084; x_wconf 79' lang='grc' dir='ltr'><em>τὸν</em></span> <span class='ocrx_word' id='word_1_55' title='bbox 384 1016 470 1084; x_wconf 85' lang='grc' dir='ltr'><em>ἐλεον</em></span> <span class='ocrx_word' id='word_1_56' title='bbox 491 1019 855 1103; x_wconf 74' lang='grc' dir='ltr'><em>ἀντικαταλλάττεσθαι,</em></span> <span class='ocrx_word' id='word_1_57' title='bbox 892 1015 953 1102; x_wconf 83' lang='grc' dir='ltr'><em>οάχ</em></span> <span class='ocrx_word' id='word_1_58' title='bbox 976 1013 1077 1107; x_wconf 74' lang='grc' dir='ltr'><em>ἓουτηῑ</em></span> <span class='ocrx_word' id='word_1_59' title='bbox 1096 1019 1181 1109; x_wconf 73' lang='grc' dir='ltr'><em>μόνον</em></span> <span class='ocrx_word' id='word_1_60' title='bbox 1206 1044 1307 1105; x_wconf 85' lang='grc' dir='ltr'><em>παρε-</em></span> 
     </span>
     <span class='ocr_line' id='line_1_9' title="bbox 211 1116 1308 1205; baseline 0.005 -24"><span class='ocrx_word' id='word_1_61' title='bbox 211 1116 375 1204; x_wconf 82' lang='grc' dir='ltr'><em>φυλάξοτο</em></span> <span class='ocrx_word' id='word_1_62' title='bbox 396 1118 454 1202; x_wconf 92' lang='grc' dir='ltr'><em>τήν</em></span> <span class='ocrx_word' id='word_1_63' title='bbox 474 1122 530 1203; x_wconf 90' lang='grc' dir='ltr'><em>τής</em></span> <span class='ocrx_word' id='word_1_64' title='bbox 549 1124 741 1202; x_wconf 77' lang='grc' dir='ltr'><em>νομοθεσίας</em></span> <span class='ocrx_word' id='word_1_65' title='bbox 761 1120 880 1205; x_wconf 78' lang='grc' dir='ltr'><em>ταύτης</em></span> <span class='ocrx_word' id='word_1_66' title='bbox 899 1118 1052 1185; x_wconf 77' lang='grc' dir='ltr'><em>ὑπόθεσιν</em></span> <span class='ocrx_word' id='word_1_67' title='bbox 1073 1120 1127 1184; x_wconf 88' lang='grc' dir='ltr'><em>καί</em></span> <span class='ocrx_word' id='word_1_68' title='bbox 1147 1117 1206 1204; x_wconf 85' lang='grc' dir='ltr'><em>τήν</em></span> <span class='ocrx_word' id='word_1_69' title='bbox 1226 1120 1308 1187; x_wconf 86' lang='grc' dir='ltr'><em>ἀνα-</em></span> 
     </span>
     <span class='ocr_line' id='line_1_10' title="bbox 210 1208 1306 1306; baseline 0.004 -25"><span class='ocrx_word' id='word_1_70' title='bbox 210 1217 308 1303; x_wconf 74' lang='grc' dir='ltr'><em>βολήν</em></span> <span class='ocrx_word' id='word_1_71' title='bbox 329 1222 375 1295; x_wconf 82' lang='grc' dir='ltr'><em>είς</em></span> <span class='ocrx_word' id='word_1_72' title='bbox 396 1214 510 1287; x_wconf 74' lang='grc' dir='ltr'><em>ἑαυτὸν</em></span> <span class='ocrx_word' id='word_1_73' title='bbox 533 1208 801 1304; x_wconf 80' lang='grc' dir='ltr'><em>ἀπεκράφατο,τὸ</em></span> <span class='ocrx_word' id='word_1_74' title='bbox 821 1216 1048 1306; x_wconf 81' lang='grc' dir='ltr'><em>φιλάνθρωπον</em></span> <span class='ocrx_word' id='word_1_75' title='bbox 1070 1222 1109 1288; x_wconf 74' lang='grc' dir='ltr'><em>ον’</em></span> <span class='ocrx_word' id='word_1_76' title='bbox 1124 1219 1226 1287; x_wconf 80' lang='grc' dir='ltr'><em>κοινὸν</em></span> <span class='ocrx_word' id='word_1_77' title='bbox 1238 1222 1306 1286; x_wconf 86' lang='grc' dir='ltr'><em>ἀλλ’</em></span> 
     </span>
     <span class='ocr_line' id='line_1_11' title="bbox 210 1316 1348 1408; baseline -0.002 -20"><span class='ocrx_word' id='word_1_78' title='bbox 210 1316 292 1388; x_wconf 78' lang='grc' dir='ltr'><em>ἴδιον</em></span> <span class='ocrx_word' id='word_1_79' title='bbox 313 1318 524 1407; x_wconf 72' lang='grc' dir='ltr'><em>πονησάμενος</em></span> <span class='ocrx_word' id='word_1_80' title='bbox 555 1319 609 1385; x_wconf 86' lang='grc' dir='ltr'><em>διά</em></span> <span class='ocrx_word' id='word_1_81' title='bbox 641 1326 815 1406; x_wconf 78' lang='grc' dir='ltr'><em>φιλαυτίας</em></span> <span class='ocrx_word' id='word_1_82' title='bbox 844 1324 1010 1408; x_wconf 83' lang='grc' dir='ltr'><em>ἐπίδειξιν,</em></span> <span class='ocrx_word' id='word_1_83' title='bbox 1041 1322 1121 1389; x_wconf 87' lang='grc' dir='ltr'><em>ἀλλά</em></span> <span class='ocrx_word' id='word_1_84' title='bbox 1154 1328 1210 1389; x_wconf 80' lang='grc' dir='ltr'><em>κατ’</em></span> <span class='ocrx_word' id='word_1_85' title='bbox 1243 1332 1348 1399; x_wconf 68' lang='lat' dir='ltr'><strong>aotam</strong></span> 
     </span>
     <span class='ocr_line' id='line_1_12' title="bbox 209 1418 1306 1507; baseline 0.004 -22"><span class='ocrx_word' id='word_1_86' title='bbox 209 1418 289 1501; x_wconf 76' lang='grc' dir='ltr'><em>μετὰ</em></span> <span class='ocrx_word' id='word_1_87' title='bbox 310 1420 414 1487; x_wconf 76' lang='grc' dir='ltr'><em>τοδτα</em></span> <span class='ocrx_word' id='word_1_88' title='bbox 434 1425 602 1505; x_wconf 78' lang='grc' dir='ltr'><em>βασιλεῦσι</em></span> <span class='ocrx_word' id='word_1_89' title='bbox 625 1428 790 1507; x_wconf 79' lang='grc' dir='ltr'><em>τηρεῖσθαι</em></span> <span class='ocrx_word' id='word_1_90' title='bbox 811 1425 901 1489; x_wconf 82' lang='grc' dir='ltr'><em>τοῦτο</em></span> <span class='ocrx_word' id='word_1_91' title='bbox 925 1420 1110 1506; x_wconf 86' lang='grc' dir='ltr'><em>θερμότατα</em></span> <span class='ocrx_word' id='word_1_92' title='bbox 1131 1422 1306 1505; x_wconf 72' lang='grc' dir='ltr'><em>βουλευσά-</em></span> 
     </span>
     <span class='ocr_line' id='line_1_13' title="bbox 209 1515 1308 1610; baseline 0.002 -23"><span class='ocrx_word' id='word_1_93' title='bbox 209 1544 304 1603; x_wconf 86' lang='grc' dir='ltr'><em>μενος</em></span> <span class='ocrx_word' id='word_1_94' title='bbox 327 1528 382 1588; x_wconf 89' lang='grc' dir='ltr'><em>καί</em></span> <span class='ocrx_word' id='word_1_95' title='bbox 397 1525 442 1597; x_wconf 82' lang='grc' dir='ltr'><em>εἰς</em></span> <span class='ocrx_word' id='word_1_96' title='bbox 474 1515 593 1600; x_wconf 84' lang='grc' dir='ltr'><em>πάντος</em></span> <span class='ocrx_word' id='word_1_97' title='bbox 612 1528 749 1608; x_wconf 87' lang='grc' dir='ltr'><em>χεθήναι</em></span> <span class='ocrx_word' id='word_1_98' title='bbox 764 1522 797 1589; x_wconf 85' lang='grc' dir='ltr'><em>τέ</em></span> <span class='ocrx_word' id='word_1_99' title='bbox 822 1522 942 1607; x_wconf 88' lang='grc' dir='ltr'><em>ἀγαθὸν</em></span> <span class='ocrx_word' id='word_1_100' title='bbox 965 1526 1020 1590; x_wconf 85' lang='grc' dir='ltr'><em>κοί</em></span> <span class='ocrx_word' id='word_1_101' title='bbox 1038 1523 1163 1597; x_wconf 76' lang='grc' dir='ltr'><em>Ιἐδευέιν</em></span> <span class='ocrx_word' id='word_1_102' title='bbox 1185 1531 1308 1610; x_wconf 84' lang='grc' dir='ltr'><em>φιλοτι-</em></span> 
     </span>
     <span class='ocr_line' id='line_1_14' title="bbox 209 1621 1307 1710; baseline 0.005 -25"><span class='ocrx_word' id='word_1_103' title='bbox 209 1624 379 1704; x_wconf 78' lang='grc' dir='ltr'><em>μούμενος.</em></span> <span class='ocrx_word' id='word_1_104' title='bbox 421 1625 477 1687; x_wconf 87' lang='grc' dir='ltr'><em>καί</em></span> <span class='ocrx_word' id='word_1_105' title='bbox 495 1621 612 1706; x_wconf 87' lang='grc' dir='ltr'><em>νεαράν</em></span> <span class='ocrx_word' id='word_1_106' title='bbox 634 1623 799 1709; x_wconf 85' lang='grc' dir='ltr'><em>προδήλως</em></span> <span class='ocrx_word' id='word_1_107' title='bbox 822 1628 947 1704; x_wconf 77' lang='grc' dir='ltr'><em>ἐξέθετο</em></span> <span class='ocrx_word' id='word_1_108' title='bbox 977 1629 1138 1710; x_wconf 78' lang='grc' dir='ltr'><em>κυροδσον</em></span> <span class='ocrx_word' id='word_1_109' title='bbox 1165 1629 1224 1707; x_wconf 83' lang='grc' dir='ltr'><em>μὲν</em></span> <span class='ocrx_word' id='word_1_110' title='bbox 1253 1622 1307 1690; x_wconf 87' lang='grc' dir='ltr'><em>τδν</em></span> 
     </span>
     <span class='ocr_line' id='line_1_15' title="bbox 209 1724 1307 1813; baseline 0.005 -27"><span class='ocrx_word' id='word_1_111' title='bbox 209 1724 268 1786; x_wconf 73' lang='grc' dir='ltr'><em>τοῦ</em></span> <span class='ocrx_word' id='word_1_112' title='bbox 288 1724 427 1805; x_wconf 82' lang='grc' dir='ltr'><em>μεγάλου</em></span> <span class='ocrx_word' id='word_1_113' title='bbox 448 1725 623 1789; x_wconf 81' lang='grc' dir='ltr'><em>Θεοδοσίου</em></span> <span class='ocrx_word' id='word_1_114' title='bbox 636 1725 732 1805; x_wconf 84' lang='grc' dir='ltr'><em>νόμον</em></span> <span class='ocrx_word' id='word_1_115' title='bbox 754 1728 799 1802; x_wconf 82' lang='grc' dir='ltr'><em>εἰς</em></span> <span class='ocrx_word' id='word_1_116' title='bbox 821 1725 855 1792; x_wconf 83' lang='grc' dir='ltr'><em>τὸ</em></span> <span class='ocrx_word' id='word_1_117' title='bbox 882 1729 1031 1813; x_wconf 77' lang='grc' dir='ltr'><em>διηνεκές,</em></span> <span class='ocrx_word' id='word_1_118' title='bbox 1054 1729 1249 1809; x_wconf 79' lang='grc' dir='ltr'><em>ἀναιροῦσαν</em></span> <span class='ocrx_word' id='word_1_119' title='bbox 1271 1728 1307 1792; x_wconf 84' lang='grc' dir='ltr'><em>δέ</em></span> 
     </span>
     <span class='ocr_line' id='line_1_16' title="bbox 208 1820 1352 1913; baseline 0.009 -25"><span class='ocrx_word' id='word_1_120' title='bbox 208 1820 244 1888; x_wconf 82' lang='grc' dir='ltr'><em>τέ</em></span> <span class='ocrx_word' id='word_1_121' title='bbox 268 1826 326 1888; x_wconf 81' lang='grc' dir='ltr'><em>τοῦ</em></span> <span class='ocrx_word' id='word_1_122' title='bbox 346 1826 457 1904; x_wconf 78' lang='grc' dir='ltr'><em>θυμοῦ</em></span> <span class='ocrx_word' id='word_1_123' title='bbox 478 1825 622 1905; x_wconf 90' lang='grc' dir='ltr'><em>ἀκομπές</em></span> <span class='ocrx_word' id='word_1_124' title='bbox 649 1831 705 1889; x_wconf 86' lang='grc' dir='ltr'><em>καί</em></span> <span class='ocrx_word' id='word_1_125' title='bbox 735 1829 913 1908; x_wconf 86' lang='grc' dir='ltr'><em>ἀμείλικτον</em></span> <span class='ocrx_word' id='word_1_126' title='bbox 942 1827 992 1891; x_wconf 86' lang='grc' dir='ltr'><em>διά</em></span> <span class='ocrx_word' id='word_1_127' title='bbox 1026 1832 1097 1894; x_wconf 73' lang='grc' dir='ltr'><em>τοῦ·</em></span> <span class='ocrx_word' id='word_1_128' title='bbox 1114 1826 1158 1913; x_wconf 90' lang='grc' dir='ltr'><em>μή</em></span> <span class='ocrx_word' id='word_1_129' title='bbox 1186 1832 1307 1912; x_wconf 80' lang='grc' dir='ltr'><em>ταχέοος</em></span> <span class='ocrx_word' id='word_1_130' title='bbox 1319 1846 1352 1900; x_wconf 83' lang='grc'><em>15</em></span> 
     </span>
     <span class='ocr_line' id='line_1_17' title="bbox 208 1920 1309 2012; baseline 0 -20"><span class='ocrx_word' id='word_1_131' title='bbox 208 1920 265 1998; x_wconf 70' lang='lat' dir='ltr'><strong>tria</strong></span> <span class='ocrx_word' id='word_1_132' title='bbox 278 1925 320 1987; x_wconf 83' lang='grc' dir='ltr'><em>’δι’</em></span> <span class='ocrx_word' id='word_1_133' title='bbox 335 1926 466 2005; x_wconf 73' lang='grc' dir='ltr'><em>αἵματος</em></span> <span class='ocrx_word' id='word_1_134' title='bbox 479 1930 693 2012; x_wconf 78' lang='grc' dir='ltr'><em>ψηφηφορίος</em></span> <span class='ocrx_word' id='word_1_135' title='bbox 710 1927 755 2001; x_wconf 80' lang='grc' dir='ltr'><em>εἷς</em></span> <span class='ocrx_word' id='word_1_136' title='bbox 776 1925 867 2010; x_wconf 85' lang='grc' dir='ltr'><em>ἔργον</em></span> <span class='ocrx_word' id='word_1_137' title='bbox 881 1922 1066 2011; x_wconf 76' lang='grc' dir='ltr'><em>ἀποβαίνειν</em></span> <span class='ocrx_word' id='word_1_138' title='bbox 1081 1925 1309 2012; x_wconf 75' lang='grc' dir='ltr'><em>στυγνότητος·</em></span> 
     </span>
     <span class='ocr_line' id='line_1_18' title="bbox 157 2023 1310 2115; baseline 0.003 -26"><span class='ocrx_word' id='word_1_139' title='bbox 157 2062 162 2069; x_wconf 98' lang='grc'>-</span> <span class='ocrx_word' id='word_1_140' title='bbox 208 2024 264 2089; x_wconf 87' lang='grc' dir='ltr'><em>καί</em></span> <span class='ocrx_word' id='word_1_141' title='bbox 292 2032 359 2099; x_wconf 75' lang='grc' dir='ltr'><em>’τοῖς</em></span> <span class='ocrx_word' id='word_1_142' title='bbox 390 2023 472 2105; x_wconf 86' lang='grc' dir='ltr'><em>μετά</em></span> <span class='ocrx_word' id='word_1_143' title='bbox 502 2029 607 2091; x_wconf 76' lang='grc' dir='ltr'><em>τοῦτο</em></span> <span class='ocrx_word' id='word_1_144' title='bbox 628 2030 817 2110; x_wconf 75' lang='grc' dir='ltr'><em>βασιλεῦσιν</em></span> <span class='ocrx_word' id='word_1_145' title='bbox 845 2026 966 2111; x_wconf 80' lang='grc' dir='ltr'><em>ἀγαθὸν</em></span> <span class='ocrx_word' id='word_1_146' title='bbox 994 2031 1157 2115; x_wconf 79' lang='grc' dir='ltr'><em>ἐπαφῆκεν</em></span> <span class='ocrx_word' id='word_1_147' title='bbox 1179 2028 1310 2114; x_wconf 85' lang='grc' dir='ltr'><em>ἐφόδιον</em></span> 
     </span>
    </p>
   </div>
   <div class='ocr_carea' id='block_1_3' title="bbox 106 2124 1310 2215">
    <p class='ocr_par' dir='ltr' id='par_1_3' title="bbox 106 2124 1310 2215">
     <span class='ocr_line' id='line_1_19' title="bbox 106 2124 1310 2215; baseline 0.003 -24"><span class='ocrx_word' id='word_1_148' title='bbox 106 2157 110 2169; x_wconf 90' lang='grc'><em>·</em></span> <span class='ocrx_word' id='word_1_149' title='bbox 209 2124 290 2212; x_wconf 78' lang='grc' dir='ltr'><em>πρὸς</em></span> <span class='ocrx_word' id='word_1_150' title='bbox 310 2124 367 2212; x_wconf 89' lang='grc' dir='ltr'><em>τήν</em></span> <span class='ocrx_word' id='word_1_151' title='bbox 385 2129 493 2192; x_wconf 76' lang='grc' dir='ltr'><em>ου’τοῑν</em></span> <span class='ocrx_word' id='word_1_152' title='bbox 514 2131 674 2207; x_wconf 80' lang='grc' dir='ltr'><em>ἐξιλέοισιν</em></span> <span class='ocrx_word' id='word_1_153' title='bbox 696 2128 755 2193; x_wconf 84' lang='grc' dir='ltr'><em>’τιοί-</em></span> <span class='ocrx_word' id='word_1_154' title='bbox 773 2130 831 2215; x_wconf 86' lang='grc' dir='ltr'><em>τήν</em></span> <span class='ocrx_word' id='word_1_155' title='bbox 858 2133 916 2194; x_wconf 80' lang='grc' dir='ltr'><em>τοῦ</em></span> <span class='ocrx_word' id='word_1_156' title='bbox 937 2128 1127 2215; x_wconf 75' lang='grc' dir='ltr'><em>ἐπουρανίου</em></span> <span class='ocrx_word' id='word_1_157' title='bbox 1150 2132 1310 2213; x_wconf 77' lang='grc' dir='ltr'><em>βασιλέως</em></span> 
     </span>
    </p>
   </div>
   <div class='ocr_carea' id='block_1_4' title="bbox 197 2226 1355 2845">
    <p class='ocr_par' dir='ltr' id='par_1_4' title="bbox 197 2226 1355 2845">
     <span class='ocr_line' id='line_1_20' title="bbox 210 2226 1309 2313; baseline 0.003 -23"><span class='ocrx_word' id='word_1_158' title='bbox 210 2228 385 2308; x_wconf 87' lang='grc' dir='ltr'><em>θεραπείαν</em></span> <span class='ocrx_word' id='word_1_159' title='bbox 411 2226 466 2291; x_wconf 87' lang='grc' dir='ltr'><em>καί</em></span> <span class='ocrx_word' id='word_1_160' title='bbox 491 2228 709 2312; x_wconf 81' lang='grc' dir='ltr'><em>εάορίσεησιν.</em></span> <span class='ocrx_word' id='word_1_161' title='bbox 754 2232 808 2294; x_wconf 82' lang='grc' dir='ltr'><em>καί</em></span> <span class='ocrx_word' id='word_1_162' title='bbox 828 2230 946 2313; x_wconf 77' lang='grc' dir='ltr'><em>ἀνέγνω</em></span> <span class='ocrx_word' id='word_1_163' title='bbox 969 2228 1024 2293; x_wconf 86' lang='grc' dir='ltr'><em>νδν</em></span> <span class='ocrx_word' id='word_1_164' title='bbox 1045 2236 1141 2311; x_wconf 83' lang='grc' dir='ltr'><em>νόμον</em></span> <span class='ocrx_word' id='word_1_165' title='bbox 1170 2228 1224 2295; x_wconf 89' lang='grc' dir='ltr'><em>ἐπί</em></span> <span class='ocrx_word' id='word_1_166' title='bbox 1255 2231 1309 2313; x_wconf 86' lang='grc' dir='ltr'><em>ιής</em></span> 
     </span>
     <span class='ocr_line' id='line_1_21' title="bbox 210 2323 1355 2415; baseline 0.002 -26"><span class='ocrx_word' id='word_1_167' title='bbox 210 2323 384 2411; x_wconf 78' lang='grc' dir='ltr'><em>συγκλήτου</em></span> <span class='ocrx_word' id='word_1_168' title='bbox 407 2329 538 2413; x_wconf 79' lang='grc' dir='ltr'><em>βουλῆς,</em></span> <span class='ocrx_word' id='word_1_169' title='bbox 560 2327 617 2393; x_wconf 85' lang='grc' dir='ltr'><em>καί</em></span> <span class='ocrx_word' id='word_1_170' title='bbox 635 2327 815 2415; x_wconf 74' lang='grc' dir='ltr'><em>σύμψηφον</em></span> <span class='ocrx_word' id='word_1_171' title='bbox 837 2328 912 2412; x_wconf 84' lang='grc' dir='ltr'><em>ἐσχε</em></span> <span class='ocrx_word' id='word_1_172' title='bbox 934 2329 1052 2415; x_wconf 76' lang='grc' dir='ltr'><em>ταύτην</em></span> <span class='ocrx_word' id='word_1_173' title='bbox 1073 2328 1128 2394; x_wconf 87' lang='grc' dir='ltr'><em>καί</em></span> <span class='ocrx_word' id='word_1_174' title='bbox 1136 2328 1207 2394; x_wconf 90' lang='grc' dir='ltr'><em>λίαν</em></span> <span class='ocrx_word' id='word_1_175' title='bbox 1229 2325 1355 2395; x_wconf 72' lang='lat' dir='ltr'><strong>suini-20</strong></span> 
     </span>
     <span class='ocr_line' id='line_1_22' title="bbox 210 2424 1311 2518; baseline 0.004 -29"><span class='ocrx_word' id='word_1_176' title='bbox 210 2449 337 2510; x_wconf 84' lang='grc' dir='ltr'><em>ριστον·</em></span> <span class='ocrx_word' id='word_1_177' title='bbox 379 2424 459 2512; x_wconf 80' lang='grc' dir='ltr'><em>ἔγνω</em></span> <span class='ocrx_word' id='word_1_178' title='bbox 478 2431 560 2515; x_wconf 86' lang='grc' dir='ltr'><em>γάρ,</em></span> <span class='ocrx_word' id='word_1_179' title='bbox 582 2426 736 2514; x_wconf 80' lang='grc' dir='ltr'><em>φρονήσει</em></span> <span class='ocrx_word' id='word_1_180' title='bbox 759 2433 922 2518; x_wconf 73' lang='grc' dir='ltr'><em>διαφέρειν</em></span> <span class='ocrx_word' id='word_1_181' title='bbox 944 2433 998 2495; x_wconf 86' lang='grc' dir='ltr'><em>καί</em></span> <span class='ocrx_word' id='word_1_182' title='bbox 1021 2426 1163 2495; x_wconf 84' lang='grc' dir='ltr'><em>θεοειδεῖ</em></span> <span class='ocrx_word' id='word_1_183' title='bbox 1186 2428 1311 2512; x_wconf 71' lang='grc' dir='ltr'><em>ἀγαθή-</em></span> 
     </span>
     <span class='ocr_line' id='line_1_23' title="bbox 211 2521 1310 2616; baseline 0.003 -26"><span class='ocrx_word' id='word_1_184' title='bbox 211 2521 292 2611; x_wconf 82' lang='grc' dir='ltr'><em>εητι,</em></span> <span class='ocrx_word' id='word_1_185' title='bbox 314 2525 358 2602; x_wconf 83' lang='grc' dir='ltr'><em>ἀς</em></span> <span class='ocrx_word' id='word_1_186' title='bbox 379 2528 398 2610; x_wconf 91' lang='grc' dir='ltr'><em>ή</em></span> <span class='ocrx_word' id='word_1_187' title='bbox 423 2528 507 2614; x_wconf 87' lang='grc' dir='ltr'><em>ἀκμή</em></span> <span class='ocrx_word' id='word_1_188' title='bbox 527 2534 584 2595; x_wconf 80' lang='grc' dir='ltr'><strong><em>τοῦ</em></strong></span> <span class='ocrx_word' id='word_1_189' title='bbox 607 2532 724 2614; x_wconf 81' lang='grc' dir='ltr'><em>θυμοῦ,</em></span> <span class='ocrx_word' id='word_1_190' title='bbox 746 2530 847 2614; x_wconf 82' lang='grc' dir='ltr'><em>πυρὸς</em></span> <span class='ocrx_word' id='word_1_191' title='bbox 867 2532 955 2616; x_wconf 88' lang='grc' dir='ltr'><em>δίκην</em></span> <span class='ocrx_word' id='word_1_192' title='bbox 976 2528 1034 2614; x_wconf 88' lang='grc' dir='ltr'><em>τήν</em></span> <span class='ocrx_word' id='word_1_193' title='bbox 1055 2532 1190 2613; x_wconf 87' lang='grc' dir='ltr'><em>καρδίαν</em></span> <span class='ocrx_word' id='word_1_194' title='bbox 1211 2526 1310 2613; x_wconf 85' lang='grc' dir='ltr'><em>αυέήν</em></span> 
     </span>
     <span class='ocr_line' id='line_1_24' title="bbox 197 2627 1310 2716; baseline 0 -22"><span class='ocrx_word' id='word_1_195' title='bbox 197 2630 460 2713; x_wconf 85' lang='grc' dir='ltr'><em>.κατονεμομένη,</em></span> <span class='ocrx_word' id='word_1_196' title='bbox 487 2627 612 2696; x_wconf 87' lang='grc' dir='ltr'><em>πάντοιν</em></span> <span class='ocrx_word' id='word_1_197' title='bbox 633 2632 781 2716; x_wconf 79' lang='grc' dir='ltr'><em>ἀφειδεῖν</em></span> <span class='ocrx_word' id='word_1_198' title='bbox 810 2628 989 2711; x_wconf 71' lang='grc' dir='ltr'><em>ἐκβιάζεται</em></span> <span class='ocrx_word' id='word_1_199' title='bbox 1013 2629 1069 2694; x_wconf 86' lang='grc' dir='ltr'><em>καί</em></span> <span class='ocrx_word' id='word_1_200' title='bbox 1094 2634 1220 2713; x_wconf 74' lang='grc' dir='ltr'><em>σορκοῖν</em></span> <span class='ocrx_word' id='word_1_201' title='bbox 1250 2629 1310 2694; x_wconf 86' lang='grc' dir='ltr'><em>ἀν-</em></span> 
     </span>
     <span class='ocr_line' id='line_1_25' title="bbox 211 2726 1309 2845; baseline 0.003 -54"><span class='ocrx_word' id='word_1_202' title='bbox 211 2728 383 2810; x_wconf 82' lang='grc' dir='ltr'><em>θρωπίνων</em></span> <span class='ocrx_word' id='word_1_203' title='bbox 403 2734 654 2811; x_wconf 81' lang='grc' dir='ltr'><em>κοταμοσιῖσθοι</em></span> <span class='ocrx_word' id='word_1_204' title='bbox 676 2734 732 2795; x_wconf 86' lang='grc' dir='ltr'><em>καί</em></span> <span class='ocrx_word' id='word_1_205' title='bbox 753 2728 915 2813; x_wconf 82' lang='grc' dir='ltr'><em>ποταμούς</em></span> <span class='ocrx_word' id='word_1_206' title='bbox 936 2726 1079 2813; x_wconf 74' lang='grc' dir='ltr'><em>αἱμάτων</em></span> <span class='ocrx_word' id='word_1_207' title='bbox 1101 2730 1309 2845; x_wconf 70' lang='grc' dir='ltr'><em>ὑπερπηδᾶν,</em></span> 
     </span>
    </p>
   </div>
   <div class='ocr_carea' id='block_1_5' title="bbox 210 2956 1315 3227">
    <p class='ocr_par' dir='ltr' id='par_1_5' title="bbox 210 2956 1315 3227">
     <span class='ocr_line' id='line_1_26' title="bbox 210 2956 1312 3027; baseline 0 -16"><span class='ocrx_word' id='word_1_208' title='bbox 210 2971 281 3011; x_wconf 85' lang='lat' dir='ltr'><strong>aem.</strong></span> <span class='ocrx_word' id='word_1_209' title='bbox 317 2958 381 3012; x_wconf 80' lang='lat' dir='ltr'><strong>inde</strong></span> <span class='ocrx_word' id='word_1_210' title='bbox 400 2964 488 3011; x_wconf 88' lang='lat' dir='ltr'><strong>autem</strong></span> <span class='ocrx_word' id='word_1_211' title='bbox 506 2965 609 3027; x_wconf 74' lang='lat' dir='ltr'><strong>temous</strong></span> <span class='ocrx_word' id='word_1_212' title='bbox 629 2958 773 3012; x_wconf 72' lang='lat' dir='ltr'><strong>hebetabat</strong></span> <span class='ocrx_word' id='word_1_213' title='bbox 792 2966 819 3011; x_wconf 88' lang='lat' dir='ltr'><em>et</em></span> <span class='ocrx_word' id='word_1_214' title='bbox 838 2957 1003 3011; x_wconf 71' lang='lat' dir='ltr'><strong>deformabat</strong></span> <span class='ocrx_word' id='word_1_215' title='bbox 1021 2956 1160 3010; x_wconf 87' lang='lat' dir='ltr'><strong>humanam</strong></span> <span class='ocrx_word' id='word_1_216' title='bbox 1178 2956 1247 3010; x_wconf 88' lang='lat' dir='ltr'><strong>bano</strong></span> <span class='ocrx_word' id='word_1_217' title='bbox 1266 2958 1312 3011; x_wconf 83' lang='lat' dir='ltr'><em>le-</em></span> 
     </span>
     <span class='ocr_line' id='line_1_27' title="bbox 210 3029 1314 3100; baseline -0.001 -17"><span class='ocrx_word' id='word_1_218' title='bbox 210 3038 386 3100; x_wconf 71' lang='lat' dir='ltr'><strong>gemantque</strong></span> <span class='ocrx_word' id='word_1_219' title='bbox 405 3032 464 3084; x_wconf 80' lang='lat' dir='ltr'><strong>sive</strong></span> <span class='ocrx_word' id='word_1_220' title='bbox 482 3030 591 3100; x_wconf 78' lang='lat' dir='ltr'><strong>regibus</strong></span> <span class='ocrx_word' id='word_1_221' title='bbox 610 3032 703 3099; x_wconf 83' lang='lat' dir='ltr'><strong>ignota</strong></span> <span class='ocrx_word' id='word_1_222' title='bbox 715 3032 774 3083; x_wconf 81' lang='lat' dir='ltr'><strong>sive</strong></span> <span class='ocrx_word' id='word_1_223' title='bbox 793 3029 929 3099; x_wconf 84' lang='lat' dir='ltr'><strong>neglecta,</strong></span> <span class='ocrx_word' id='word_1_224' title='bbox 949 3030 1049 3081; x_wconf 87' lang='lat' dir='ltr'><strong>indicta</strong></span> <span class='ocrx_word' id='word_1_225' title='bbox 1059 3032 1155 3082; x_wconf 81' lang='lat' dir='ltr'><strong>mansit</strong></span> <span class='ocrx_word' id='word_1_226' title='bbox 1175 3038 1202 3082; x_wconf 90' lang='lat' dir='ltr'><em>et</em></span> <span class='ocrx_word' id='word_1_227' title='bbox 1222 3044 1314 3097; x_wconf 88' lang='lat' dir='ltr'><strong>poena</strong></span> 
     </span>
     <span class='ocr_line' id='line_1_28' title="bbox 210 3101 1313 3171; baseline -0.002 -16"><span class='ocrx_word' id='word_1_228' title='bbox 210 3104 333 3167; x_wconf 89' lang='lat' dir='ltr'><strong>miseros,</strong></span> <span class='ocrx_word' id='word_1_229' title='bbox 352 3104 397 3171; x_wconf 86' lang='lat' dir='ltr'><em>qui</em></span> <span class='ocrx_word' id='word_1_230' title='bbox 416 3103 531 3154; x_wconf 87' lang='lat' dir='ltr'><strong>damnati</strong></span> <span class='ocrx_word' id='word_1_231' title='bbox 551 3110 635 3166; x_wconf 89' lang='lat' dir='ltr'><strong>erant,</strong></span> <span class='ocrx_word' id='word_1_232' title='bbox 655 3102 731 3155; x_wconf 90' lang='lat' dir='ltr'><strong>illieo</strong></span> <span class='ocrx_word' id='word_1_233' title='bbox 750 3101 880 3171; x_wconf 88' lang='lat' dir='ltr'><strong>rapiebat,</strong></span> <span class='ocrx_word' id='word_1_234' title='bbox 908 3109 935 3152; x_wconf 91' lang='lat' dir='ltr'><em>et</em></span> <span class='ocrx_word' id='word_1_235' title='bbox 953 3102 1069 3153; x_wconf 81' lang='lat' dir='ltr'><strong>celerem</strong></span> <span class='ocrx_word' id='word_1_236' title='bbox 1089 3102 1123 3153; x_wconf 89' lang='lat' dir='ltr'><em>iis</em></span> <span class='ocrx_word' id='word_1_237' title='bbox 1141 3103 1223 3152; x_wconf 89' lang='lat' dir='ltr'><strong>ictum</strong></span> <span class='ocrx_word' id='word_1_238' title='bbox 1242 3102 1313 3153; x_wconf 74' lang='grc' dir='ltr'><em>αδε-</em></span> 
     </span>
     <span class='ocr_line' id='line_1_29' title="bbox 210 3172 1315 3227; baseline -0.002 -2"><span class='ocrx_word' id='word_1_239' title='bbox 210 3173 295 3226; x_wconf 75' lang='lat' dir='ltr'><strong>rebatL</strong></span> <span class='ocrx_word' id='word_1_240' title='bbox 332 3172 536 3226; x_wconf 86' lang='lat' dir='ltr'><strong>humanissimus</strong></span> <span class='ocrx_word' id='word_1_241' title='bbox 561 3181 650 3225; x_wconf 89' lang='lat' dir='ltr'><strong>autem</strong></span> <span class='ocrx_word' id='word_1_242' title='bbox 675 3174 719 3224; x_wconf 90' lang='lat' dir='ltr'><em>bie</em></span> <span class='ocrx_word' id='word_1_243' title='bbox 747 3190 797 3227; x_wconf 80' lang='lat' dir='ltr'><em>rex</em></span> <span class='ocrx_word' id='word_1_244' title='bbox 824 3173 980 3225; x_wconf 74' lang='lat' dir='ltr'><strong>occasiones</strong></span> <span class='ocrx_word' id='word_1_245' title='bbox 1000 3172 1169 3225; x_wconf 87' lang='lat' dir='ltr'><strong>humanitatis</strong></span> <span class='ocrx_word' id='word_1_246' title='bbox 1187 3173 1315 3224; x_wconf 87' lang='lat' dir='ltr'><strong>invenire</strong></span> 
     </span>
    </p>
   </div>
   <div class='ocr_carea' id='block_1_6' title="bbox 111 3242 1315 3314">
    <p class='ocr_par' dir='ltr' id='par_1_6' title="bbox 111 3242 1315 3314">
     <span class='ocr_line' id='line_1_30' title="bbox 111 3242 1315 3314; baseline -0.005 -15"><span class='ocrx_word' id='word_1_247' title='bbox 111 3294 122 3314; x_wconf 41' lang='grc'><em>,,</em></span> <span class='ocrx_word' id='word_1_248' title='bbox 210 3244 307 3298; x_wconf 83' lang='lat' dir='ltr'><strong>volens</strong></span> <span class='ocrx_word' id='word_1_249' title='bbox 326 3252 353 3296; x_wconf 91' lang='lat' dir='ltr'><em>et</em></span> <span class='ocrx_word' id='word_1_250' title='bbox 370 3259 462 3297; x_wconf 85' lang='lat' dir='ltr'><strong>mensa</strong></span> <span class='ocrx_word' id='word_1_251' title='bbox 491 3246 645 3313; x_wconf 89' lang='lat' dir='ltr'><strong>coquinaria</strong></span> <span class='ocrx_word' id='word_1_252' title='bbox 663 3244 873 3297; x_wconf 85' lang='lat' dir='ltr'><strong>misericordiam</strong></span> <span class='ocrx_word' id='word_1_253' title='bbox 912 3251 1090 3308; x_wconf 88' lang='lat' dir='ltr'><strong>commutare,</strong></span> <span class='ocrx_word' id='word_1_254' title='bbox 1116 3259 1170 3295; x_wconf 89' lang='lat' dir='ltr'><em>non</em></span> <span class='ocrx_word' id='word_1_255' title='bbox 1189 3242 1240 3295; x_wconf 90' lang='lat' dir='ltr'><strong>sibi</strong></span> <span class='ocrx_word' id='word_1_256' title='bbox 1259 3242 1315 3296; x_wconf 90' lang='lat' dir='ltr'><strong>soli</strong></span> 
     </span>
    </p>
   </div>
   <div class='ocr_carea' id='block_1_7' title="bbox 209 3314 1324 4231">
    <p class='ocr_par' dir='ltr' id='par_1_7' title="bbox 209 3314 1324 4165">
     <span class='ocr_line' id='line_1_31' title="bbox 211 3314 1316 3385; baseline -0.008 -16"><span class='ocrx_word' id='word_1_257' title='bbox 211 3317 333 3369; x_wconf 80' lang='lat' dir='ltr'><strong>servavit</strong></span> <span class='ocrx_word' id='word_1_258' title='bbox 350 3315 420 3383; x_wconf 78' lang='lat' dir='ltr'><strong>legis</strong></span> <span class='ocrx_word' id='word_1_259' title='bbox 440 3315 518 3366; x_wconf 89' lang='lat' dir='ltr'><strong>buius</strong></span> <span class='ocrx_word' id='word_1_260' title='bbox 537 3325 719 3383; x_wconf 77' lang='lat' dir='ltr'><strong>argumentum</strong></span> <span class='ocrx_word' id='word_1_261' title='bbox 740 3325 766 3367; x_wconf 87' lang='lat' dir='ltr'><em>et</em></span> <span class='ocrx_word' id='word_1_262' title='bbox 791 3316 945 3369; x_wconf 87' lang='lat' dir='ltr'><strong>dilationem</strong></span> <span class='ocrx_word' id='word_1_263' title='bbox 963 3316 991 3365; x_wconf 89' lang='lat' dir='ltr'><em>in</em></span> <span class='ocrx_word' id='word_1_264' title='bbox 1012 3331 1042 3367; x_wconf 91' lang='lat' dir='ltr'><em>se</em></span> <span class='ocrx_word' id='word_1_265' title='bbox 1061 3314 1316 3385; x_wconf 29' lang='lat' dir='ltr'><strong>abdidit‚¹bumani..</strong></span> 
     </span>
     <span class='ocr_line' id='line_1_32' title="bbox 210 3387 1317 3455; baseline -0.002 -17"><span class='ocrx_word' id='word_1_266' title='bbox 210 3394 292 3439; x_wconf 87' lang='lat' dir='ltr'><strong>tatem</strong></span> <span class='ocrx_word' id='word_1_267' title='bbox 309 3400 364 3437; x_wconf 88' lang='lat' dir='ltr'><em>non</em></span> <span class='ocrx_word' id='word_1_268' title='bbox 383 3398 556 3451; x_wconf 85' lang='lat' dir='ltr'><strong>commanem,</strong></span> <span class='ocrx_word' id='word_1_269' title='bbox 576 3388 623 3439; x_wconf 91' lang='lat' dir='ltr'><em>sed</em></span> <span class='ocrx_word' id='word_1_270' title='bbox 635 3389 766 3455; x_wconf 80' lang='lat' dir='ltr'><strong>privatam</strong></span> <span class='ocrx_word' id='word_1_271' title='bbox 784 3388 898 3440; x_wconf 86' lang='lat' dir='ltr'><strong>reddens</strong></span> <span class='ocrx_word' id='word_1_272' title='bbox 917 3393 1027 3453; x_wconf 83' lang='lat' dir='ltr'><strong>propter</strong></span> <span class='ocrx_word' id='word_1_273' title='bbox 1043 3388 1140 3439; x_wconf 88' lang='lat' dir='ltr'><strong>amoris</strong></span> <span class='ocrx_word' id='word_1_274' title='bbox 1158 3387 1199 3437; x_wconf 88' lang='lat' dir='ltr'><em>sui</em></span> <span class='ocrx_word' id='word_1_275' title='bbox 1218 3394 1317 3439; x_wconf 90' lang='lat' dir='ltr'><strong>osten-</strong></span> 
     </span>
     <span class='ocr_line' id='line_1_33' title="bbox 212 3457 1316 3528; baseline -0.005 -18"><span class='ocrx_word' id='word_1_276' title='bbox 212 3458 350 3520; x_wconf 77' lang='lat' dir='ltr'><strong>tationem,</strong></span> <span class='ocrx_word' id='word_1_277' title='bbox 367 3457 414 3510; x_wconf 86' lang='lat' dir='ltr'><em>sed</em></span> <span class='ocrx_word' id='word_1_278' title='bbox 431 3458 512 3523; x_wconf 83' lang='lat' dir='ltr'><em>¹etiam</em></span> <span class='ocrx_word' id='word_1_279' title='bbox 529 3474 546 3510; x_wconf 92' lang='lat' dir='ltr'><em>a</em></span> <span class='ocrx_word' id='word_1_280' title='bbox 564 3460 679 3526; x_wconf 85' lang='lat' dir='ltr'><strong>posteris</strong></span> <span class='ocrx_word' id='word_1_281' title='bbox 692 3458 801 3528; x_wconf 78' lang='lat' dir='ltr'><strong>regibus</strong></span> <span class='ocrx_word' id='word_1_282' title='bbox 820 3474 877 3510; x_wconf 88' lang='lat' dir='ltr'><em>eam</em></span> <span class='ocrx_word' id='word_1_283' title='bbox 894 3458 998 3523; x_wconf 64' lang='lat' dir='ltr'><strong>serrari</strong></span> <span class='ocrx_word' id='word_1_284' title='bbox 1013 3457 1175 3511; x_wconf 72' lang='lat' dir='ltr'><strong>calidissime</strong></span> <span class='ocrx_word' id='word_1_285' title='bbox 1194 3464 1316 3509; x_wconf 82' lang='lat' dir='ltr'><strong>statuens</strong></span> 
     </span>
     <span class='ocr_line' id='line_1_34' title="bbox 211 3525 1317 3597; baseline -0.005 -16"><span class='ocrx_word' id='word_1_286' title='bbox 211 3536 291 3597; x_wconf 83' lang='lat' dir='ltr'><strong>atque</strong></span> <span class='ocrx_word' id='word_1_287' title='bbox 319 3529 346 3579; x_wconf 88' lang='lat' dir='ltr'><em>iu</em></span> <span class='ocrx_word' id='word_1_288' title='bbox 372 3543 464 3580; x_wconf 85' lang='lat' dir='ltr'><strong>omnes</strong></span> <span class='ocrx_word' id='word_1_289' title='bbox 492 3529 590 3582; x_wconf 79' lang='lat' dir='ltr'><strong>effundi</strong></span> <span class='ocrx_word' id='word_1_290' title='bbox 621 3530 719 3581; x_wconf 89' lang='lat' dir='ltr'><strong>bouum</strong></span> <span class='ocrx_word' id='word_1_291' title='bbox 747 3539 774 3582; x_wconf 89' lang='lat' dir='ltr'><em>et</em></span> <span class='ocrx_word' id='word_1_292' title='bbox 792 3531 907 3582; x_wconf 89' lang='lat' dir='ltr'><strong>transire</strong></span> <span class='ocrx_word' id='word_1_293' title='bbox 933 3529 1061 3581; x_wconf 83' lang='lat' dir='ltr'><strong>studens:</strong></span> <span class='ocrx_word' id='word_1_294' title='bbox 1080 3537 1160 3596; x_wconf 87' lang='lat' dir='ltr'><strong>atque</strong></span> <span class='ocrx_word' id='word_1_295' title='bbox 1177 3525 1317 3579; x_wconf 82' lang='lat' dir='ltr'><strong>novellam</strong></span> 
     </span>
     <span class='ocr_line' id='line_1_35' title="bbox 212 3599 1317 3669; baseline -0.003 -18"><span class='ocrx_word' id='word_1_296' title='bbox 212 3601 285 3652; x_wconf 86' lang='lat' dir='ltr'><strong>clare</strong></span> <span class='ocrx_word' id='word_1_297' title='bbox 311 3599 421 3664; x_wconf 84' lang='lat' dir='ltr'><strong>edebat,</strong></span> <span class='ocrx_word' id='word_1_298' title='bbox 448 3614 516 3667; x_wconf 91' lang='lat' dir='ltr'><strong>quae</strong></span> <span class='ocrx_word' id='word_1_299' title='bbox 545 3600 716 3653; x_wconf 76' lang='lat' dir='ltr'><strong>confirmabat</strong></span> <span class='ocrx_word' id='word_1_300' title='bbox 744 3602 886 3654; x_wconf 80' lang='lat' dir='ltr'><strong>Theodosii</strong></span> <span class='ocrx_word' id='word_1_301' title='bbox 912 3601 1000 3669; x_wconf 76' lang='lat' dir='ltr'><strong>magui</strong></span> <span class='ocrx_word' id='word_1_302' title='bbox 1033 3599 1122 3669; x_wconf 76' lang='lat' dir='ltr'><strong>legem</strong></span> <span class='ocrx_word' id='word_1_303' title='bbox 1155 3600 1183 3650; x_wconf 91' lang='lat' dir='ltr'><em>in</em></span> <span class='ocrx_word' id='word_1_304' title='bbox 1213 3612 1317 3666; x_wconf 81' lang='lat' dir='ltr'><strong>perpe-</strong></span> 
     </span>
     <span class='ocr_line' id='line_1_36' title="bbox 211 3666 1318 3735; baseline -0.006 -11"><span class='ocrx_word' id='word_1_305' title='bbox 211 3679 285 3724; x_wconf 86' lang='lat' dir='ltr'><strong>tuum</strong></span> <span class='ocrx_word' id='word_1_306' title='bbox 315 3678 342 3722; x_wconf 90' lang='lat' dir='ltr'><em>et</em></span> <span class='ocrx_word' id='word_1_307' title='bbox 368 3670 482 3723; x_wconf 89' lang='lat' dir='ltr'><strong>tollebat</strong></span> <span class='ocrx_word' id='word_1_308' title='bbox 506 3672 563 3724; x_wconf 88' lang='lat' dir='ltr'><strong>irae</strong></span> <span class='ocrx_word' id='word_1_309' title='bbox 588 3674 724 3724; x_wconf 85' lang='lat' dir='ltr'><strong>immotum</strong></span> <span class='ocrx_word' id='word_1_310' title='bbox 753 3679 781 3723; x_wconf 89' lang='lat' dir='ltr'><em>et</em></span> <span class='ocrx_word' id='word_1_311' title='bbox 804 3674 895 3725; x_wconf 88' lang='lat' dir='ltr'><strong>durum</strong></span> <span class='ocrx_word' id='word_1_312' title='bbox 922 3672 1042 3735; x_wconf 88' lang='lat' dir='ltr'><strong>modum,</strong></span> <span class='ocrx_word' id='word_1_313' title='bbox 1071 3686 1130 3722; x_wconf 87' lang='lat' dir='ltr'><em>oum</em></span> <span class='ocrx_word' id='word_1_314' title='bbox 1155 3684 1209 3721; x_wconf 89' lang='lat' dir='ltr'><em>non</em></span> <span class='ocrx_word' id='word_1_315' title='bbox 1237 3666 1318 3719; x_wconf 86' lang='lat' dir='ltr'><strong>cele.</strong></span> 
     </span>
     <span class='ocr_line' id='line_1_37' title="bbox 210 3738 1318 3811; baseline -0.003 -17"><span class='ocrx_word' id='word_1_316' title='bbox 210 3743 277 3794; x_wconf 89' lang='lat' dir='ltr'><strong>riter</strong></span> <span class='ocrx_word' id='word_1_317' title='bbox 296 3742 434 3810; x_wconf 65' lang='lat' dir='ltr'><strong>sanguinis</strong></span> <span class='ocrx_word' id='word_1_318' title='bbox 453 3744 603 3795; x_wconf 86' lang='lat' dir='ltr'><strong>sententiae</strong></span> <span class='ocrx_word' id='word_1_319' title='bbox 621 3746 649 3795; x_wconf 89' lang='lat' dir='ltr'><em>in</em></span> <span class='ocrx_word' id='word_1_320' title='bbox 679 3759 747 3811; x_wconf 83' lang='lat' dir='ltr'><strong>opus</strong></span> <span class='ocrx_word' id='word_1_321' title='bbox 766 3743 870 3795; x_wconf 89' lang='lat' dir='ltr'><strong>abirent</strong></span> <span class='ocrx_word' id='word_1_322' title='bbox 888 3741 1029 3795; x_wconf 80' lang='lat' dir='ltr'><strong>tristitiae:</strong></span> <span class='ocrx_word' id='word_1_323' title='bbox 1058 3749 1084 3793; x_wconf 92' lang='lat' dir='ltr'><em>et</em></span> <span class='ocrx_word' id='word_1_324' title='bbox 1102 3742 1219 3809; x_wconf 84' lang='lat' dir='ltr'><strong>posteris</strong></span> <span class='ocrx_word' id='word_1_325' title='bbox 1236 3738 1318 3808; x_wconf 71' lang='lat' dir='ltr'><strong>regi-</strong></span> 
     </span>
     <span class='ocr_line' id='line_1_38' title="bbox 209 3811 1319 3883; baseline -0.005 -19"><span class='ocrx_word' id='word_1_326' title='bbox 209 3812 260 3864; x_wconf 87' lang='lat' dir='ltr'><em>bus</em></span> <span class='ocrx_word' id='word_1_327' title='bbox 277 3811 371 3864; x_wconf 89' lang='lat' dir='ltr'><strong>bonam</strong></span> <span class='ocrx_word' id='word_1_328' title='bbox 396 3811 504 3866; x_wconf 83' lang='lat' dir='ltr'><strong>tradidit</strong></span> <span class='ocrx_word' id='word_1_329' title='bbox 531 3816 661 3867; x_wconf 89' lang='lat' dir='ltr'><strong>rationem</strong></span> <span class='ocrx_word' id='word_1_330' title='bbox 686 3816 717 3867; x_wconf 95' lang='lat' dir='ltr'><em>ad</em></span> <span class='ocrx_word' id='word_1_331' title='bbox 743 3816 921 3883; x_wconf 83' lang='lat' dir='ltr'><strong>expiationem</strong></span> <span class='ocrx_word' id='word_1_332' title='bbox 942 3822 969 3865; x_wconf 90' lang='lat' dir='ltr'><em>et</em></span> <span class='ocrx_word' id='word_1_333' title='bbox 987 3812 1113 3865; x_wconf 87' lang='lat' dir='ltr'><strong>coelestis</strong></span> <span class='ocrx_word' id='word_1_334' title='bbox 1132 3811 1206 3881; x_wconf 84' lang='lat' dir='ltr'><strong>regis</strong></span> <span class='ocrx_word' id='word_1_335' title='bbox 1225 3824 1319 3863; x_wconf 85' lang='lat' dir='ltr'><strong>caram</strong></span> 
     </span>
     <span class='ocr_line' id='line_1_39' title="bbox 212 3880 1320 3954; baseline -0.004 -20"><span class='ocrx_word' id='word_1_336' title='bbox 212 3892 239 3935; x_wconf 89' lang='lat' dir='ltr'><em>et</em></span> <span class='ocrx_word' id='word_1_337' title='bbox 256 3883 386 3951; x_wconf 77' lang='lat' dir='ltr'><strong>gratiam:</strong></span> <span class='ocrx_word' id='word_1_338' title='bbox 412 3894 493 3953; x_wconf 86' lang='lat' dir='ltr'><strong>atque</strong></span> <span class='ocrx_word' id='word_1_339' title='bbox 519 3887 646 3938; x_wconf 82' lang='lat' dir='ltr'><strong>recitavit</strong></span> <span class='ocrx_word' id='word_1_340' title='bbox 672 3886 762 3954; x_wconf 79' lang='lat' dir='ltr'><strong>legem</strong></span> <span class='ocrx_word' id='word_1_341' title='bbox 780 3888 807 3939; x_wconf 88' lang='lat' dir='ltr'><em>in</em></span> <span class='ocrx_word' id='word_1_342' title='bbox 827 3893 920 3938; x_wconf 85' lang='lat' dir='ltr'><strong>senatu</strong></span> <span class='ocrx_word' id='word_1_343' title='bbox 947 3893 974 3935; x_wconf 86' lang='lat' dir='ltr'><em>et</em></span> <span class='ocrx_word' id='word_1_344' title='bbox 991 3886 1204 3937; x_wconf 83' lang='lat' dir='ltr'><strong>consentientem</strong></span> <span class='ocrx_word' id='word_1_345' title='bbox 1222 3880 1320 3945; x_wconf 88' lang='lat' dir='ltr'><strong>babuit</strong></span> 
     </span>
     <span class='ocr_line' id='line_1_40' title="bbox 212 3952 1320 4026; baseline -0.004 -20"><span class='ocrx_word' id='word_1_346' title='bbox 212 3970 272 4006; x_wconf 88' lang='lat' dir='ltr'><em>aum</em></span> <span class='ocrx_word' id='word_1_347' title='bbox 303 3961 330 4004; x_wconf 85' lang='lat' dir='ltr'><em>et</em></span> <span class='ocrx_word' id='word_1_348' title='bbox 361 3954 440 4007; x_wconf 81' lang='lat' dir='ltr'><strong>valde</strong></span> <span class='ocrx_word' id='word_1_349' title='bbox 473 3966 591 4025; x_wconf 83' lang='lat' dir='ltr'><strong>gratum:</strong></span> <span class='ocrx_word' id='word_1_350' title='bbox 618 3960 748 4026; x_wconf 77' lang='lat' dir='ltr'><strong>cognovit</strong></span> <span class='ocrx_word' id='word_1_351' title='bbox 780 3959 848 4009; x_wconf 88' lang='lat' dir='ltr'><strong>euim</strong></span> <span class='ocrx_word' id='word_1_352' title='bbox 876 3957 1016 4023; x_wconf 84' lang='lat' dir='ltr'><strong>prudentia</strong></span> <span class='ocrx_word' id='word_1_353' title='bbox 1050 3954 1187 4007; x_wconf 85' lang='lat' dir='ltr'><strong>excellens</strong></span> <span class='ocrx_word' id='word_1_354' title='bbox 1219 3962 1245 4005; x_wconf 89' lang='lat' dir='ltr'><em>et</em></span> <span class='ocrx_word' id='word_1_355' title='bbox 1270 3952 1320 4003; x_wconf 87' lang='lat' dir='ltr'><em>di-</em></span> 
     </span>
     <span class='ocr_line' id='line_1_41' title="bbox 211 4024 1322 4097; baseline -0.002 -22"><span class='ocrx_word' id='word_1_356' title='bbox 211 4025 275 4075; x_wconf 80' lang='lat' dir='ltr'><strong>vina</strong></span> <span class='ocrx_word' id='word_1_357' title='bbox 293 4024 431 4089; x_wconf 87' lang='lat' dir='ltr'><strong>bonitate,</strong></span> <span class='ocrx_word' id='word_1_358' title='bbox 457 4027 591 4096; x_wconf 75' lang='lat' dir='ltr'><strong>fastigium</strong></span> <span class='ocrx_word' id='word_1_359' title='bbox 617 4030 674 4081; x_wconf 90' lang='lat' dir='ltr'><strong>irae</strong></span> <span class='ocrx_word' id='word_1_360' title='bbox 702 4029 774 4097; x_wconf 79' lang='lat' dir='ltr'><strong>iguis</strong></span> <span class='ocrx_word' id='word_1_361' title='bbox 803 4030 886 4080; x_wconf 88' lang='lat' dir='ltr'><strong>instar</strong></span> <span class='ocrx_word' id='word_1_362' title='bbox 911 4043 958 4079; x_wconf 92' lang='lat' dir='ltr'><em>cor</em></span> <span class='ocrx_word' id='word_1_363' title='bbox 984 4028 1069 4094; x_wconf 82' lang='lat' dir='ltr'><strong>ipsum</strong></span> <span class='ocrx_word' id='word_1_364' title='bbox 1095 4028 1227 4079; x_wconf 82' lang='lat' dir='ltr'><strong>devoram</strong></span> <span class='ocrx_word' id='word_1_365' title='bbox 1256 4030 1322 4076; x_wconf 89' lang='lat' dir='ltr'><strong>stu-</strong></span> 
     </span>
     <span class='ocr_line' id='line_1_42' title="bbox 212 4095 1324 4165; baseline 0.001 -19"><span class='ocrx_word' id='word_1_366' title='bbox 212 4095 280 4146; x_wconf 86' lang='lat' dir='ltr'><strong>dere</strong></span> <span class='ocrx_word' id='word_1_367' title='bbox 300 4096 416 4147; x_wconf 88' lang='lat' dir='ltr'><strong>omniurn</strong></span> <span class='ocrx_word' id='word_1_368' title='bbox 442 4098 581 4165; x_wconf 77' lang='lat' dir='ltr'><strong>prodigum</strong></span> <span class='ocrx_word' id='word_1_369' title='bbox 601 4114 661 4151; x_wconf 90' lang='lat' dir='ltr'><strong>esse</strong></span> <span class='ocrx_word' id='word_1_370' title='bbox 685 4108 712 4150; x_wconf 94' lang='lat' dir='ltr'><em>et</em></span> <span class='ocrx_word' id='word_1_371' title='bbox 737 4116 817 4152; x_wconf 86' lang='lat' dir='ltr'><strong>carne</strong></span> <span class='ocrx_word' id='word_1_372' title='bbox 836 4100 949 4151; x_wconf 85' lang='lat' dir='ltr'><strong>bumana</strong></span> <span class='ocrx_word' id='word_1_373' title='bbox 974 4101 1049 4152; x_wconf 86' lang='lat' dir='ltr'><strong>vesei</strong></span> <span class='ocrx_word' id='word_1_374' title='bbox 1077 4106 1103 4149; x_wconf 89' lang='lat' dir='ltr'><em>et</em></span> <span class='ocrx_word' id='word_1_375' title='bbox 1127 4096 1223 4149; x_wconf 84' lang='lat' dir='ltr'><strong>fluvios</strong></span> <span class='ocrx_word' id='word_1_376' title='bbox 1251 4108 1324 4147; x_wconf 83' lang='lat' dir='ltr'><strong>san-</strong></span> 
     </span>
    </p>

    <p class='ocr_par' dir='ltr' id='par_1_8' title="bbox 215 4165 1324 4231">
     <span class='ocr_line' id='line_1_43' title="bbox 215 4165 1324 4231; baseline 0.001 -16"><span class='ocrx_word' id='word_1_377' title='bbox 215 4165 306 4231; x_wconf 71' lang='lat' dir='ltr'><strong>goinis</strong></span> <span class='ocrx_word' id='word_1_378' title='bbox 332 4166 482 4220; x_wconf 76' lang='lat' dir='ltr'><strong>ueneritne</strong></span> <span class='ocrx_word' id='word_1_379' title='bbox 510 4176 555 4220; x_wconf 94' lang='lat' dir='ltr'><em>aut</em></span> <span class='ocrx_word' id='word_1_380' title='bbox 586 4171 664 4220; x_wconf 91' lang='lat' dir='ltr'><strong>etiam</strong></span> <span class='ocrx_word' id='word_1_381' title='bbox 694 4170 790 4221; x_wconf 86' lang='lat' dir='ltr'><strong>laetari</strong></span> <span class='ocrx_word' id='word_1_382' title='bbox 817 4170 913 4224; x_wconf 86' lang='lat' dir='ltr'><strong>talibus</strong></span> <span class='ocrx_word' id='word_1_383' title='bbox 944 4170 1020 4224; x_wconf 81' lang='lat' dir='ltr'><strong>laetis</strong></span> <span class='ocrx_word' id='word_1_384' title='bbox 1042 4170 1101 4224; x_wconf 86' lang='lat' dir='ltr'><strong>siue</strong></span> <span class='ocrx_word' id='word_1_385' title='bbox 1118 4166 1324 4222; x_wconf 80' lang='lat' dir='ltr'><strong>misericordia:</strong></span> 
     </span>
    </p>
   </div>
   <div class='ocr_carea' id='block_1_8' title="bbox 0 0 1442 4734">
    <p class='ocr_par' dir='ltr' id='par_1_9' title="bbox 0 0 1442 4734">
     <span class='ocr_line' id='line_1_44' title="bbox 0 0 1442 4734; baseline 0 1"><span class='ocrx_word' id='word_1_386' title='bbox 0 0 1442 4734; x_wconf 95' lang='lat' dir='ltr'><em> </em></span> 
     </span>
    </p>
   </div>
  </div>
 </body>
</html>
