2875 4734
206 323 277 402 raa
490 326 710 398 ntentans
743 271 1003 396 ammonas

204 497 278 560 λαοί
299 494 486 579 φημιζουοι·
510 489 584 565 θεός
606 491 694 566 νότις
716 489 787 554 ἐστι’
809 492 864 554 καί
883 488 974 572 αότή.
1018 497 1310 573 προκατειργασμέ-

203 620 253 662 νοι
276 592 338 678 γδρ
363 583 448 667 ὄντες
478 587 534 666 τός
555 591 665 673 ψυχὰς
691 588 721 655 ot
740 582 966 679 Ῥωμαῑωτρῖ
999 589 1090 677 φόβιρ
1112 592 1176 654 τῶν
1203 592 1308 677 Τοόρ.

175 737 179 746 -
206 720 292 774 κων,
325 692 367 768 ὥς
387 695 443 757 τοό
465 695 623 773 βασιλέως
650 693 706 756 καί
726 696 783 756 τοῦ
801 692 915 754 λοιποῦ
936 685 1148 774 διερρόγησαν
1166 692 1308 775 πλήθους

203 799 259 860 καί
281 797 327 870 εἰς
352 793 456 876 όρμὰς
476 797 537 858 τῶν
568 794 719 859 ἐναντίων
748 792 802 857 καί
827 789 1040 878 φενακισμοός
1067 793 1101 867 ἐξ
1128 793 1308 870 ἐπιδείξεως

202 896 379 976 πολεμικῶν
397 898 617 979 περιέστησαν,
641 896 750 969 πτοιάς
770 897 961 978 πλησθέντες
983 891 1108 966 καὶτὰς
1123 890 1234 975 ψυχὰς
1248 903 1334 956 tto-5

203 999 426 1070 τασεισθέντες
449 993 580 1058 κατόπιν
611 999 668 1060 τοῦ
698 998 855 1077 βασιλέως
885 992 1051 1077 ἐβάδιζον,
1080 992 1213 1079 ιῖφέντες
1237 991 1309 1068 νοός

204 1097 321 1170 τόπους
344 1096 480 1170 ἐκείνους
503 1087 548 1158 οἷν
571 1093 627 1180 τήν
649 1093 797 1180 φυλακήν
821 1093 1052 1177 ἐπετράπησαν,
1073 1093 1133 1167 έως
1147 1090 1234 1157 κακοὶ
1253 1118 1310 1175 μι-

73 1210 93 1265 l.
114 1207 281 1279 194ι.κρον
305 1198 350 1271 εἰς
370 1195 445 1269 τούς
466 1197 650 1280 εἰρημένους
670 1195 802 1283 Ἀνθίας
816 1195 1027 1278 κατήντησαν·
1070 1193 1150 1257 ἔνθα
1167 1198 1230 1258 τοδν
1250 1217 1310 1256 πο-

206 1300 323 1377 λεμίων
345 1298 508 1381 φανέντων
531 1297 564 1374 ἐξ
588 1296 752 1378 οὐραγίας,
777 1296 876 1380 μηδὲν
898 1293 1022 1384 εόγενές
1043 1297 1099 1357 καί
1119 1285 1205 1368 όξιον
1220 1291 1311 1375 λόγου

208 1391 425 1480 φρονήσαντες
447 1391 584 1478 αἰσχρόν
617 1393 675 1478 τήν
709 1393 814 1479 φυγήν
834 1393 889 1457 καί
909 1393 970 1475 πρό
1001 1396 1060 1459 τοό
1092 1393 1357 1476 οἷγωνίσματοςῑο

210 1495 345 1575 εἴλοντο,
375 1493 429 1558 καί
456 1499 682 1576 περιχυθέντες
713 1489 941 1576 τόνΤαῦρον,
973 1491 1081 1576 οἱμὲν
1103 1496 1138 1557 ἐκ
1162 1489 1256 1566 ποδός
1280 1490 1310 1558 οἱ

207 1597 242 1660 δέ
269 1595 321 1659 διό
346 1599 409 1657 των
428 1598 548 1674 ἵππων,
580 1578 874 1668 ἀποσκεδασθέντες
902 1595 947 1667 εἰς
974 1591 1032 1678 τήν
1054 1596 1230 1677 Κελεσίνην
1250 1618 1310 1656 κα-

206 1696 380 1778 τήντησαν,
416 1697 479 1758 τοῖν
508 1695 664 1774 πολεμίων
693 1691 796 1777 πόσης
830 1697 886 1775 τῆς
915 1693 1037 1758 τούτων
1074 1691 1312 1776 κυριευσόντων

207 1795 385 1876 οἷποοκευής
404 1798 459 1859 καί
480 1797 573 1858 τινοῖν
597 1793 720 1876 ὀλίγων,
749 1789 819 1858 ὅσοι
838 1796 893 1877 τής
917 1795 1020 1879 φυγῆς
1039 1790 1097 1877 τήν
1118 1795 1313 1878 ἐπιτομωτέ-

208 1919 268 1979 ραν
288 1888 413 1970 ἑαυτοῖς
434 1898 492 1959 οόκ
513 1896 821 1979 ἐπραγματεύσαντο.
1323 1917 1355 1970 15

313 1997 415 2060 Ταῦθ’
448 1993 532 2060 οὕτω
564 2001 790 2081 συμβεβηκότα
821 1992 922 2060 πόλόν
953 1997 1066 2079 ἐνῆκαν
1094 2000 1139 2084 τῷ
1157 1998 1313 2084 βασιλικῷ

208 2099 413 2185 στρατοπέδῳ
438 2100 492 2162 καί
516 2096 603 2184 arisai
624 2099 668 2187 τῷ
689 2103 821 2179 βασιλεῖ
837 2098 891 2161 τόν
911 2098 1084 2179 ἐναγώνιον.
1101 2093 1256 2180 θόρυβον,
1276 2098 1327 2161 τό·

208 2201 267 2278 μέν
287 2198 324 2284 τῇ
342 2199 404 2262 τῶν
437 2196 558 2262 οἰκείων
590 2192 666 2286 ήττη
697 2194 972 2284 σκυθρωπόσασιν
1002 2198 1042 2262 ου’
1061 2201 1201 2283 μικρῶς,
1222 2196 1255 2263 τό
1278 2200 1313 2262 δέ

209 2299 264 2364 καί
283 2296 339 2381 τήν
360 2305 423 2362 τῶν
445 2297 592 2364 ἐναντίων
613 2297 775 2384 ἐπιφοροὶν
798 2300 1052 2383 προσδοκήσασιν
1081 2298 1124 2376 ὥς
1143 2293 1184 2363 όν
1205 2323 1313 2385 φυση-

208 2401 330 2464 θέντων
352 2402 386 2461 έκ
410 2400 465 2481 τής
485 2399 699 2480 παλιντρόπου
724 2400 858 2483 ταυτησί
875 2401 973 2482 νίκης,
993 2398 1047 2463 καί
1065 2400 1250 2480 δυναμένων
1270 2401 1358 2486 epistt)

209 2497 463 2586 ὑπολελειμμένην
497 2501 612 2582 πλήθει
643 2499 681 2562 δι’
711 2499 873 2583 ἐρήμωσιν
904 2501 962 2562 τοῦ
997 2498 1164 2583 κρατίστου
1194 2503 1313 2582 μέρους

210 2600 384 2662 ἐπιθέσθαι
406 2597 487 2682 πρὸς
506 2595 655 2677 πόλεμον.
700 2597 756 2662 καί
784 2591 821 2679 ήν
842 2590 899 2662 otiu
928 2596 991 2662 α’πό
1016 2594 1135 2684 τρόπου
1155 2595 1313 2680 τόπροσ-

211 2700 398 2778 δοκιέμενον.
450 2702 504 2762 καί
530 2701 652 2781 γέγονεν
681 2691 722 2764 όν
744 2701 852 2780 τοῦτο,
875 2701 966 2781 εἰμὴ
998 2695 1014 2762 ό
1040 2701 1165 2781 Ταῦρος
1187 2695 1221 2762 τό
1242 2691 1313 2781 όρος

213 2793 503 2882 α’πήντησετοότοις
525 2798 650 2884 διγηλός
670 2793 713 2864 τόν
736 2797 819 2864 κατό
845 2800 924 2865 πολό
945 2803 1001 2867 καί
1014 2798 1139 2886 τροχός
1157 2798 1213 2865 καί
1233 2800 1313 2864 δυσ-

285 2975 309 3028 1.
330 2975 488 3050 φημίξυυυι
508 2977 538 3030 G.
656 2977 681 3028 7.
702 2977 844 3050 ἐπετράπη
865 2979 896 3033 G.

213 3147 304 3200 tudine
330 3155 356 3198 et
380 3149 413 3199 ad
438 3149 564 3215 impetum
590 3149 705 3202 bostium
734 3159 761 3202 et
787 3151 866 3203 dolos
890 3151 1079 3204 ostentationis
1105 3168 1186 3205 causa
1202 3153 1312 3205 militari

211 3219 289 3269 modo
316 3219 464 3282 adstarent,
491 3221 670 3285 trepidatione
698 3221 801 3288 impleti
822 3230 848 3273 et
866 3224 960 3275 animis
989 3225 1204 3290 concussi,'post
1220 3241 1313 3294 regern

213 3287 412 3355 procedebant,
431 3289 615 3356 relinquentes
635 3292 696 3342 loca
715 3293 778 3356 illa,
798 3309 909 3363 quorum
923 3297 1049 3348 ¹custodia
1074 3297 1106 3346 iis
1126 3293 1227 3347 credita
1246 3304 1312 3358 erat,

214 3361 299 3408 donec
318 3359 394 3409 brevi
414 3359 446 3412 ad
464 3360 549 3411 dictos
566 3361 679 3414 Anthias
698 3373 847 3416 venerunt:
874 3364 912 3415 ibi
932 3382 990 3416 curn
1009 3367 1099 3417 hostes
1118 3374 1279 3433 apparerent
1297 3382 1314 3416 a

214 3439 302 3496 tergo,
320 3428 387 3480 nihil
407 3429 498 3481 nobile
525 3439 551 3481 et
577 3435 749 3486 memorabile
774 3437 893 3488 meditati
918 3444 1022 3503 turpem
1042 3437 1131 3504 lugam
1161 3438 1314 3505 etquidem

215 3507 276 3550 ante
296 3508 430 3550 certamen
457 3511 585 3568 ceperunt
605 3513 630 3554 et
657 3506 810 3567 circumlusi
836 3507 945 3559 Taurum
964 3507 1011 3558 alii
1040 3508 1151 3574 pedibus
1170 3508 1216 3559 alii
1237 3509 1313 3575 equis

214 3572 328 3638 dispersi
347 3573 379 3622 ad
397 3569 548 3642 Keleslnem
567 3585 706 3640 venerunt,
728 3593 786 3628 cum
803 3577 1032 3642 hostes-omnibus
1052 3579 1144 3631 horum
1159 3571 1314 3647 potirentur

215 3643 409 3708 impedimentis
430 3651 456 3692 et
473 3645 610 3698 nonnullis
629 3649 741 3713 paucis,
768 3651 812 3716 qui
832 3650 912 3716 lagae
930 3649 1083 3702 breviorem
1101 3651 1171 3702 viam
1190 3651 1241 3701 sibi
1259 3664 1314 3700 non

215 3723 422 3778 comparassent.

313 3783 385 3834 llaec
414 3786 450 3836 ita
475 3787 544 3839 lacta
572 3789 678 3840 multam
696 3783 858 3843 'iniecerunt
883 3794 959 3860 regio
980 3794 1109 3860 cumcitui
1138 3802 1165 3842 et
1184 3794 1235 3859 ipsi
1253 3795 1313 3860 regi

214 3852 355 3906 militarem
381 3858 497 3922 turbam,
523 3876 582 3910 eum
608 3869 635 3910 et
653 3877 761 3912 suorum
777 3864 881 3915 oladem
907 3879 989 3930 aegre
1015 3865 1115 3915 ferrent
1133 3880 1186 3915 non
1205 3880 1314 3931 parum3

214 3933 241 3977 et
259 3925 374 3978 hostium
395 3929 472 3978 etiam
491 3931 617 3996 impetum
640 3943 841 3998 exspectarent,
861 3937 959 4002 quippe
985 3938 1030 4003 qui
1050 3951 1079 3986 se
1099 3937 1228 3986 iactarent
1247 3950 1315 4000 pro-

214 4005 277 4062 ptor,
295 4014 431 4049 reversam
457 3999 522 4048 hano
542 4002 680 4053 victoriam
706 4013 733 4054 et
760 4014 869 4071 possent
886 4006 998 4056 relictae
1017 4004 1185 4058 multitudini
1205 4015 1315 4072 propter

214 4067 379 4119 orbationem
405 4069 519 4134 optimae
543 4073 625 4136 partis
653 4077 753 4126 instare
773 4078 804 4126 ad
825 4076 938 4129 bellum:
964 4093 1052 4146 neque
1077 4080 1156 4128 inane
1187 4085 1244 4128 orat
1263 4092 1314 4128 ex.

215 4146 376 4202 spectatum:
413 4146 440 4188 et
465 4139 562 4190 factum
588 4153 659 4196 osset
692 4146 759 4209 hoc,
789 4148 841 4199 nisi
867 4146 965 4199 Taurus
994 4163 1069 4200 mons
1095 4149 1244 4201 obstitisset
1262 4146 1315 4212 bis,

216 4205 284 4257 altus
302 4207 459 4276 plerumque
480 4218 506 4260 et
524 4226 601 4279 asper
624 4223 650 4266 et
666 4216 757 4274 invius
778 4225 803 4266 et
822 4217 935 4272 declivis
955 4227 981 4270 et
999 4221 1044 4288 qui
1063 4220 1148 4287 possit
1168 4221 1316 4271 exereitum
