2875 4734
103 295 105 301 .
197 218 268 300 146
493 165 713 298 utculutts
744 218 1002 306 tunsum

195 393 481 482 ἀποπεμψάμενος,
512 400 567 480 τῆς
588 400 634 473 εἷς
654 395 692 466 τό
718 393 827 486 πρόσιρ
857 396 988 480 πορείας
1008 387 1225 473 εὐθυμότερον
1246 384 1295 454 εἷ’-

192 522 278 584 χετο,
298 495 463 585 διαφόρως
483 500 642 585 ἀπεξενάν
663 495 779 562 ἑαυτὸν
798 498 855 562 τοῦ
874 497 1015 578 στρατοῦ
1034 489 1157 568 εἰςτὰς
1178 493 1294 568 οἰκείας

193 597 342 674 ἐπαύλεις
361 599 416 664 καί
435 597 604 685 κτημάτων
625 599 792 676 ἐπιδείξεις
806 599 928 665 οἰκείων
949 598 1004 660 καί
1024 595 1295 675 πολυτελεστέρων
1372 615 1378 623 ·

193 702 367 784 οἰκοδομεῖν
395 694 564 780 διαπαίξας.
607 700 896 782 διαπεραιωθέντας
923 690 981 761 σόν
1003 698 1061 761 τσό
1084 694 1224 777 στρατοό
1245 688 1296 756 τόν

184 793 288 868 ’Ἅλυν
310 794 477 884 λεγόμενον
499 796 639 882 ποταμόν
660 797 758 873 αότός
779 791 817 862 osi
833 791 1323 880 συνδιεπεραιάθητηνρκαῦεαὸ

193 904 290 990 αότηῑ,
310 903 381 966 ἀλλ’
403 897 451 977 εἰς
471 898 813 986 νεοπαγὲςφροόριον,
836 895 871 962 ότι
892 894 1093 982 προστάξεως
1113 894 1216 962 ου’τοό
1235 915 1296 956 συ-
1340 905 1343 913 ’

193 1004 432 1086 νοιιιοδομηθόν,
456 1004 617 1084 ἐπιμείνας
639 1003 762 1068 ἐκεῖθέν
783 995 879 1077 τινας
894 997 1016 1081 ἡμέρας
1036 998 1208 1082 διέτριψεν.
1229 986 1296 1058 εἶτα

194 1105 443 1190 διαπεραιωθείς
472 1107 527 1169 ναί
555 1101 674 1184 αότός,
705 1104 765 1168 κάν
793 1105 832 1188 τῇ
859 1102 918 1165 τοῦ
939 1099 1130 1183 Χαρσιανοῦ
1145 1099 1296 1183 ε’παρχίρ,

193 1203 252 1288 τὴν
273 1206 432 1289 διαίρεσιν
454 1207 488 1269 εἰ
508 1207 565 1270 soti
589 1205 729 1288 στρατοῦ
756 1206 801 1279 είς
825 1196 948 1285 κτήσεις
968 1200 1085 1274 οἰκείας
1105 1198 1295 1279 συνδιεγρά·

193 1317 300 1385 ψατο·
343 1305 399 1371 καί
418 1305 454 1372 τὸ
475 1305 530 1368 ἀπ’
553 1306 674 1368 ἐκείνου
697 1305 879 1387 ἀδιαίρετος
901 1293 960 1384 ἦν,
983 1301 1021 1386 τῇ
1035 1301 1230 1380 Καισαρέων
1250 1291 1293 1380 μη“
1305 1308 1339 1362 10

104 1437 108 1440 ·
161 1457 164 1468 ,
194 1405 373 1488 προσμίξας
395 1402 430 1470 τό
455 1400 599 1485 σύνολον,
623 1405 682 1478 όιος
706 1405 760 1483 ιτίς
783 1399 839 1484 τὴν
868 1403 1036 1484 λεγομένην
1061 1394 1177 1481 Κρόαν
1195 1394 1296 1484 πηγην

194 1505 392 1589 ἐνηυλίσατο.
420 1507 503 1596 ,ἐστι’
524 1503 587 1588 γάρ
611 1502 627 1570 ό
651 1503 745 1579 τόπος
767 1501 897 1575 οόδενός
918 1503 980 1566 τεόν
999 1503 1149 1585 χρηστῶν
1170 1495 1205 1566 τό
1230 1523 1295 1562 πα-

194 1600 301 1689 ράπαν
321 1606 581 1689 ἀπολειπόμενος,
604 1601 639 1672 τό
663 1628 697 1670 τε
718 1602 782 1688 [τό]
813 1599 901 1687 όδωρ
924 1604 1040 1678 διειδὲς
1064 1593 1214 1681 όμαναό
1235 1595 1304 1662 πόι

193 1729 286 1786 τιμον
309 1710 364 1773 καί
382 1706 611 1794 ψυχρότατον,
635 1708 753 1790 δένδρα
774 1731 806 1770 τε
839 1705 1006 1788 συνηρεφῆ
1013 1760 1020 1768 .
1034 1699 1113 1804 μετὰ
1138 1703 1296 1784 δαψιλοῦς

170 1830 174 1834 ’
194 1808 252 1889 τῆς
270 1806 348 1892 πόης
367 1810 520 1895 ἐκτρέφον
540 1808 596 1875 καί
613 1812 806 1888 ξυλίσασθαι
835 1800 986 1889 εὔπορος,
1005 1808 1165 1880 παντοίοις
1183 1825 1216 1866 τε
1236 1801 1296 1886 ῥό-
1307 1813 1341 1865 15

197 1907 264 1984 δοες
286 1904 465 1990 κοεάκαμος
496 1915 552 1976 καί
572 1917 778 1996 ιρινωνιαίς,
800 1907 911 1992 λόφοις
930 1927 963 1970 τε
978 1904 1095 1990 η’ρὲμα
1116 1901 1193 1988 πρὸς
1216 1897 1296 1966 ἑαυ-

196 2005 273 2081 τοός
299 2005 470 2090 ἀνάγουσιν
491 2001 632 2091 εὔθετος,
652 2013 708 2074 καί
728 2003 794 2074 οἷον
806 2013 904 2074 εἰπεῖν
928 2004 1099 2089 ἀστυκάμη
1120 2001 1176 2070 καί
1197 2000 1296 2086 ἀγρό-

196 2113 288 2183 πθλιε
318 2107 372 2174 διὰ
396 2112 450 2191 τῆς
474 2115 653 2192 συμμιγοῦς
675 2107 884 2194 ποριμότητος
914 2101 1153 2191 γνωριζόμενος.
1171 2154 1177 2166 .
1197 2101 1297 2168 ἐκεῖσε

143 2191 152 2206 N
196 2208 226 2270 δ’
245 2205 262 2272 ό
280 2204 433 2288 βασιλεύς
455 2208 576 2294 ἡμέρας
597 2207 687 2285 τινός
705 2205 1070 2292 στρατοπεδευσόμενος,
1091 2201 1132 2281 ἀς
1158 2199 1222 2273 εἶδε
1241 2203 1297 2287 τὴν

193 2308 305 2393 χάραν
329 2310 472 2395 ἀφειδεῖς
493 2314 757 2395 ναταιειρομένην
777 2313 812 2375 ἐκ
835 2315 896 2377 τάν
919 2311 1122 2395 στρατιωτῶν
1143 2311 1198 2372 καί
1215 2310 1344 2390 put-to

196 2416 251 2480 λον
275 2411 310 2474 δν
337 2411 394 2476 ταό
427 2412 665 2497 μισθοφορικοό
694 2411 750 2476 καί
777 2411 980 2495 ἀλλογενοῦς,
1007 2408 1062 2477 καί
1092 2402 1179 2474 ἀπαν
1208 2409 1297 2491 ληίσν

196 2507 322 2596 ε’ξάρως
342 2510 595 2594 ἀποτεμνόμενον
626 2510 681 2608 καί
701 2521 768 2587 τοῖς
787 2509 967 2597 βοσκήμασι
1000 2505 1298 2597 λαφυραγωγοόμε-
1355 2544 1360 2548 -

197 2632 264 2694 νον,
283 2611 415 2698 δηχθείς
444 2609 502 2696 τὴν
530 2608 642 2698 ψυχὴν
671 2611 884 2697 ἀπηνέστερον
914 2615 1119 2698 προσηνέχθη
1149 2614 1216 2678 τισί
1234 2613 1298 2674 τάν

270 2795 313 2849 18.
334 2797 517 2872 ποριμόταιιι
536 2797 566 2854 G.
585 2807 687 2852 rectum
705 2800 769 2868 qnid
789 2807 870 2866 osset,
888 2799 958 2853 vidit
975 2807 1003 2852 et
1020 2797 1162 2868 interpres.

200 2983 234 3023 ex
254 2967 393 3023 voluntate
411 2972 507 3040 potuit,
527 2971 648 3039 plurimis
667 2981 755 3025 autem
775 2973 878 3026 emissis
897 2973 1092 3040 profectionem
1111 2973 1219 3042 longius
1238 2973 1297 3025 ior·
1335 3022 1338 3028 .

197 3045 250 3096 tius
269 3043 393 3106 instituit,
413 3042 567 3096 abalienans
587 3061 617 3097 se
635 3047 711 3096 vario
731 3044 809 3099 modo
830 3045 862 3096 ab
882 3045 1002 3096 exercitu
1020 3046 1048 3096 in
1066 3045 1178 3111 privatis
1203 3046 1298 3097 eastris

198 3122 226 3165 et
243 3115 442 3182 possessionum
454 3116 633 3167 ostentatione
646 3132 760 3180 suerum,
780 3124 807 3166 et
818 3117 1007 3184 pretiosiorum
1017 3117 1209 3167 constitutione
1220 3117 1297 3167 aedi.

196 3187 326 3238 liciorum.
343 3201 401 3236 eum
414 3186 495 3254 igitur
508 3188 641 3239 exereitus
651 3187 870 3255 transiretllalyn
884 3189 928 3256 qui
938 3189 1035 3241 dieitur
1045 3186 1162 3251 fluvium,
1173 3187 1231 3254 ipse
1243 3202 1297 3238 non

196 3256 326 3328 transibat
343 3262 397 3306 tum
416 3272 475 3307 cum
495 3272 543 3310 eo:
562 3259 609 3311 sed
627 3260 655 3309 in
673 3274 768 3311 reeens
787 3259 857 3310 lecto
878 3259 989 3333 opstello
1009 3258 1079 3327 qnod
1100 3275 1133 3309 ex
1151 3259 1209 3320 eius
1229 3275 1297 3312 con.

197 3327 336 3379 stitutione
353 3328 517 3379 aedificatum
538 3337 595 3381 erat
612 3345 751 3381 remanens
776 3331 839 3383 inde
856 3329 1002 3382 nonnullos
1020 3331 1078 3383 dies
1097 3330 1179 3398 degit.
1201 3331 1297 3382 deinde

195 3406 380 3466 transgressus
401 3400 498 3467 etipse
518 3403 595 3452 etism
614 3399 795 3455 lochos-sioni¹
810 3404 949 3469 provincio
968 3403 1127 3454 divisionem
1147 3416 1180 3452 ex
1203 3401 1297 3453 eastris

198 3469 231 3520 ad
251 3484 311 3534 suns
330 3472 516 3535 possessiones
536 3473 685 3540 descripsit,
708 3481 735 3523 et
755 3488 788 3523 ex
805 3473 855 3526 illo
866 3482 987 3540 tempore
1005 3473 1136 3532 indivisus
1157 3480 1213 3524 erat
1226 3472 1297 3526 Cae.

90 3555 95 3564 ·
147 3558 153 3582 ι
198 3555 293 3594 εαεεεο
312 3542 419 3594 omnino
438 3557 492 3593 non
511 3545 657 3595 accedens:
677 3544 763 3594 donee
781 3545 809 3595 in
828 3544 900 3610 loeo,
920 3547 965 3613 qui
985 3544 1044 3595 lons
1063 3543 1170 3612 gelidus
1189 3538 1296 3611 dieitur,

199 3620 286 3665 costra
309 3615 408 3680 posuit.
447 3622 488 3667 est
507 3616 574 3666 enim
594 3615 669 3666 locus
688 3614 763 3666 nullo
782 3618 890 3668 omnino
908 3631 997 3668 rerum
1015 3615 1120 3667 utilium
1139 3616 1297 3668 destitutus:

200 3691 281 3754 etque
299 3699 393 3752 aquom
414 3683 530 3738 lucidam
552 3686 629 3738 simul
651 3694 678 3736 et
695 3695 726 3737 ut
743 3686 798 3740 bibi
815 3688 902 3756 possit
923 3696 950 3740 et
967 3687 1174 3756 frigidissimum,
1201 3695 1228 3738 et
1251 3703 1297 3737 nr.

198 3755 278 3808 bores
298 3755 379 3809 denso
399 3756 494 3809 fronde
512 3765 598 3808 tectos
616 3756 758 3825 proferens
779 3767 806 3810 et
828 3758 981 3810 facultatem
1006 3758 1073 3828 ligni
1098 3759 1244 3826 praebens,
1270 3765 1298 3808 et

197 3827 280 3878 variis
298 3827 367 3880 rosis
386 3827 488 3882 obsitus
508 3836 535 3878 et
555 3828 631 3892 liliis,
652 3837 679 3880 et
698 3827 823 3894 collibus,
838 3831 883 3897 qni
903 3830 976 3882 lente
986 3831 1019 3882 ed
1037 3847 1067 3883 se
1078 3831 1200 3895 efferunt,
1221 3844 1297 3880 eom-

196 3897 311 3964 positus‚
334 3905 369 3963 et,
388 3907 418 3949 ut
436 3900 473 3950 ito
491 3900 585 3964 dicam,
604 3899 720 3953 urbanus
739 3916 823 3970 pagus
843 3910 871 3953 et
887 3903 987 3953 rustica
1005 3902 1068 3954 urbs
1087 3911 1196 3970 propter
1222 3917 1298 3952 eom-

112 3974 116 3981 “
196 3969 305 4021 mixtam
322 3968 476 4021 facultatem
495 3984 634 4038 apparens.
678 3971 715 4023 ibi
735 3980 823 4023 nutem
851 3988 899 4023 rex
925 3972 981 4024 dies
1007 3974 1151 4025 nonnullos
1176 3981 1298 4026 versatus

198 4055 258 4090 enm
275 4040 382 4092 videret
399 4047 496 4091 terram
515 4042 660 4094 crudeliter
677 4044 806 4110 direptum
826 4060 874 4113 per
891 4043 991 4097 milites
1010 4052 1037 4095 et
1053 4047 1139 4112 magis
1158 4061 1206 4114 per
1223 4059 1299 4095 mer.

199 4111 322 4170 εεειετίοτ
342 4119 369 4164 et
386 4109 491 4168 alienos
511 4121 538 4163 et
556 4127 648 4166 omnes
667 4124 775 4183 segetes
793 4111 982 4186 intempestive
1010 4115 1142 4172 abscissos
1167 4124 1194 4170 et
1211 4115 1299 4185 pe'co-
