2875 4734
112 285 190 366 66
283 229 286 236 Ι
423 277 932 359 utcnluus·tlu·rlu10ulu

136 449 386 542 ριπεπτωκύτες,
405 444 458 516 iza
480 450 560 537 πρὸς
582 431 621 515 τά
645 450 785 534 σφέτερα
808 434 984 531 ἤλαυνον,
996 438 1026 506 οἲ
1045 439 1100 526 τάν
1083 436 1237 505 ντοιαύ-

3 565 127 623 l..183u
136 580 193 641 την
225 561 342 637 μοῖραν
385 552 577 636 πληροῦντες
610 541 646 616 σύ
675 543 774 670 μόνον
808 545 846 612 τά
881 542 1034 627 άλλύτρια
1072 536 1152 604 άλλά
1183 539 1238 604 καί

137 655 176 724 τά
200 652 323 721 ἑαυτῶν
348 648 464 736 σχεδύν
485 647 684 732 c‘ndp‘loiov‘
667 645 824 729 άπαντες,
856 670 907 709 και
903 643 1097 725 δυστυχῶς
1117 640 1162 716 ets
1171 635 1237 735 τήν

139 757 344 844 παρεμβολὴν
373 754 596 831 ε’πανίζευξαν.
651 749 667 815 6
697 749 734 813 δὲ
758 746 912 828 βασιλεύς
940 743 1014 828 περὶ
1032 766 1087 807 του
1074 743 1238 826 πληθυ-

138 883 220 942 σμσν
206 852 479 934 ”πνυδανύμενος
510 845 648 935 ἤσχαλλε
676 854 736 931 μὲν
764 873 814 912 και
811 845 1010 933 ἠδημόνει,
1031 840 1186 927 στρατιάν
1208 845 1263 917 d’5

136 957 317 1042 αξιύμαχσν
337 958 550 1039 συναδροῖσαι
585 954 640 1016 και
674 946 869 1030 δυνάμεις’
847 955 975 1033 αφεῖναι
1002 945 1123 1019 τούτοις
1144 946 1239 1062 ύκνχ-

139 1060 268 1146 ρύτερος
289 1050 346 1142 ἦν,
377 1055 421 1129 ὥς
439 1055 499 1133 μέν
517 1076 616 1131 τινες,
636 1052 747 1137 φειδοῖ
767 1073 828 1113 των
849 1044 1068 1127 ἀναλωμάτων
1090 1038 1145 1129 (ἦν
1167 1043 1239 1168 χάρ,

141 1160 184 1236 ως
205 1163 402 1244 προίφαμεν,
417 1153 669 1278 φιλοχρήματος
689 1177 705 1214 o
726 1146 835 1236 ανηρ)
865 1173 908 1224 ως
928 1143 1000 1211 δ
979 1171 1069 1231 ενιοι,
1090 1145 1134 1230 μὴ
1156 1145 1241 1211 dno·-

123 1255 272 1345 Δθαρροῦν
309 1255 388 1343 πρὸς
418 1253 568 1337 τοιαύτην
596 1251 691 1335 ισχύν
715 1246 1052 1334 άντιπαρατάξασθαι·
1103 1272 1157 1312 και
1177 1247 1239 1333 χάρ

140 1354 275 1434 ἅπαντες
296 1352 506 1441 ἀπρόσμαχον
532 1348 612 1419 ειναι
635 1352 669 1417 τύ
694 1355 756 1418 τῶν
779 1354 926 1417 ε’ναντίων
947 1352 1068 1434 πλῆθος
1088 1375 1140 1414 και
1136 1343 1286 1427 ύλωςλθ

142 1459 397 1544 α’καταγιύνιστυν
421 1457 628 1521 συνετίθεντο.
650 1456 733 1538 μηδὲ
754 1455 815 1536 γὰρ
839 1445 920 1517 ειναι
943 1454 1005 1530 τῶν
1028 1450 1243 1535 ἐνδεχομένων

141 1555 163 1645 6
185 1562 327 1626 δυνατῶν
347 1558 502 1622 ὑπενόουν
524 1553 683 1630 τοσαύτας
701 1552 875 1639 μυριάδας,
897 1556 1024 1641 πολέμῳ
1046 1554 1102 1616 καί
1120 1553 1243 1634 μάχαις

141 1659 422 1742 σνντεδραμμὲνας
456 1653 511 1719 καί
537 1659 727 1739 προχείρους
742 1651 894 1737 -ἒχυύσας
915 1651 973 1725 τάς
996 1649 1098 1730 δεξιάς
1119 1653 1174 1715 καί
1188 1673 1243 1735 pe*

140 1763 364 1845 χυμνασμίνας
397 1752 476 1839 πρδς
501 1747 768 1820 α’ντικατάστασιν
789 1757 844 1818 καί
872 1755 1047 1837 άναίρεσιν,
1068 1751 1244 1836 παρατάξει

142 1856 475 1941 κατατροπάσασδαι,
510 1853 564 1920 καί
591 1851 755 1938 α’μὴχανος
788 1854 892 1919 ε’δύκει
911 1854 1009 1918 πᾶσιν
1030 1854 1050 1937 6
1075 1849 1243 1937 λύτρωσις,
1255 1869 1288 1922 15

143 1958 198 2025 καὶ
219 1961 382 2040 μετοικίαν
403 1949 474 2041 666
495 1953 531 2020 τύ
554 1954 612 2040 τήν
637 1955 791 2041 Εύριύπην
813 1950 901 2022 άπαν
921 1956 1028 2020 οίκσύν
1049 1950 1243 2037 ἐβουλεύετο.

144 2056 160 2124 6
193 2061 228 2124 dd
259 2056 411 2141 βασιλεύς
442 2059 613 2140 πρεσβείαν
640 2046 844 2132 α’πεσταλκάις
873 2055 953 2142 πρὸς
982 2054 1056 2131 τούς
1081 2050 1245 2141 ἐθνάρχας

145 2160 252 2228 αύτιύν
274 2161 438 2244 ε’πειράτσ,
464 2161 538 2223 καθ’
561 2151 636 2221 ύσον
659 2148 726 2220 οἶόν
748 2179 791 2238 τε,
815 2156 949 2234 τούτους
969 2167 1170 2241 παρενεγκεῖν
1191 2155 1248 2222 καί

145 2257 225 2347 πρὸς
248 2255 360 2344 καιρὸν
394 2263 595 2350 καταστεῖλαι
628 2255 682 2322 καί
710 2255 872 2333 πάλινείς
891 2255 949 2340 τήν
970 2255 1144 2341 ύστεραίαν
1163 2261 1245 2339 βου-

124 2357 310 2447 λεύεσθαι,
332 2359 432 2424 πολλὰ
456 2359 579 2434 τούτοις
603 2359 781 2431 ἐπιστείλας
804 2351 978 2442 ἐπαγωγά..
1005 2354 1060 2422 καί
1079 2379 1291 2440 peronen-20

144 2455 289 2544 ψάμενος
311 2463 414 2539 ἐνίους
428 2463 608 2543 χαρίσμασι
635 2460 765 2533 τούτους
791 2454 992 2535 ἐδεξιώσατο.
1043 2461 1079 2525 τὸ
1104 2462 1133 2525 δ’
1153 2456 1246 2536 ἔθνος

144 2566 292 2646 μέγιστον
317 2554 372 2644 δν,
403 2563 458 2624 καί
488 2559 568 2647 πρύς
588 2558 743 2643 πορισμὸν
761 2563 824 2626 τῶν
853 2559 1032 2645 άναγκαίων
1052 2564 1246 2647 ε’πιρρηχνύ-

108 2693 116 2706 ,
145 2685 264 2749 μενον,
290 2666 323 2730 ἓν
343 2669 470 2740 πολλοῖς
489 2661 602 2745 μέρεσι
621 2659 680 2746 τὴν
707 2659 866 2749 Βύράπην
897 2664 1075 2745 sordentes.
1117 2657 1162 2747 μα’
1184 2661 1246 2748 φί-

219 2836 246 2890 3.
268 2849 302 2888 an
322 2831 455 2890 ἅπανταλ
560 2832 587 2886 6.
607 2831 744 2907 ἐφεῖναιλ

152 2990 386 3058 proficiscerentur
404 2991 450 3060 qui
466 2990 534 3043 hanc
545 2997 646 3059 partem
658 2987 878 3057 implebant,nou
890 2988 977 3043 solum
995 2990 1084 3044 aliena
1102 2991 1149 3044 sed
1168 2993 1246 3045 etiarn

151 3077 199 3113 sua
218 3062 274 3116 fere
294 3063 439 3114 amiserunt
458 3075 568 3129 omnes,
589 3069 616 3113 et
633 3062 732 3114 misere
757 3062 789 3114 ad
808 3070 894 3116 castra
911 3063 1056 3116 redierunt
1093 3079 1142 3115 rex
1159 3073 1247 3118 autem

150 3133 183 3185 de
201 3134 371 3187 multitudine
390 3134 500 3186 audiens
524 3099 607 3186 ir6tus
632 3133 738 3202 quidem
764 3142 821 3186 erat
843 3142 870 3188 et
894 3134 1025 3202 stupebat,
1050 3137 1098 3188 sed
1115 3136 1148 3187 ad
1167 3151 1247 3187 exer-

150 3207 230 3258 citum
249 3220 396 3273 pugnacem
416 3207 565 3288 cogendum
585 3214 611 3256 et
629 3207 701 3258 vires
722 3214 815 3258 contra
830 3206 878 3260 hos
890 3207 1044 3260 emittendas
1063 3207 1162 3258 lentior
1181 3215 1247 3270 erat,

109 3317 113 3322 .
149 3287 179 3328 ut
198 3275 302 3344 quidam
321 3275 445 3326 dicebant
463 3278 623 3341 parsimonia
647 3285 793 3342 sumtuum,
819 3287 875 3330 erat
904 3280 973 3330 enim
992 3285 1021 3330 ut
1039 3287 1117 3331 autea
1134 3280 1258 3331 diximus.

148 3348 301 3400 divitiarum
319 3360 408 3398 amans
426 3347 525 3410 homo,
544 3356 573 3398 ut
592 3355 678 3397 autem
696 3349 837 3414 nonnulli,
856 3366 910 3402 non
934 3350 1034 3403 audens
1052 3350 1100 3402 tali
1119 3352 1249 3403 exercitui

149 3435 179 3470 se
197 3432 351 3487 opponere:
372 3419 469 3468 etenim
488 3431 579 3468 omnes
603 3419 812 3485 impugnabilem
837 3438 897 3474 esse
922 3420 1036 3472 hostium
1054 3421 1248 3473 multitudinem

150 3499 177 3542 et
195 3491 302 3543 omniuo
322 3489 448 3542 invictam
468 3488 626 3542 censebant:
644 3506 735 3558 neque
755 3493 824 3543 enim
842 3493 900 3544 lieri
919 3505 998 3559 posse
1017 3492 1201 3559 opinabantur,
1220 3501 1251 3543 ut

149 3570 236 3615 tantas
254 3562 388 3628 myriades
406 3559 481 3611 bello
501 3568 528 3612 et
546 3563 644 3630 pugnis
664 3562 773 3614 eductas
798 3573 824 3615 et
842 3571 976 3631 promptae
995 3563 1124 3615 habentes
1143 3564 1249 3616 dextrae

150 3643 177 3686 et
196 3635 356 3686 exercitatas
375 3634 407 3684 ad
428 3633 626 3700 oppositionem
646 3641 672 3683 et
695 3636 898 3686 trucidationem
923 3635 982 3684 acic
1002 3635 1027 3685 in
1048 3634 1138 3703 lugam
1155 3644 1248 3688 verte.

149 3713 218 3769 rent,
239 3712 266 3755 et
284 3705 448 3758 inevitabilis
474 3703 615 3757 videbatur
640 3703 761 3756 omnibus
786 3706 915 3772 redemtio
941 3714 968 3756 et
987 3707 1019 3757 de
1038 3706 1146 3757 colonia
1163 3708 1248 3759 dedu-

150 3777 234 3827 cenda
259 3777 309 3826 iam
330 3790 421 3828 omnes
447 3777 570 3844 Europae
595 3774 701 3828 incolae
727 3777 887 3843 cogitabant.
930 3793 980 3828 rex
1006 3785 1093 3829 auteur
1111 3776 1249 3846 legatione

149 3848 230 3899 missa
248 3846 281 3898 ad
300 3846 459 3898 ethncrchas
479 3862 570 3909 eorum
590 3846 736 3900 conabatur
754 3848 782 3898 in
801 3856 924 3915 quantum
944 3849 1002 3899 lieri
1021 3858 1112 3916 posset
1131 3849 1179 3901 hos
1199 3848 1249 3902 alr„

150 3917 248 3970 ducere
268 3918 339 3970 etin
359 3925 477 3982 tempore
496 3918 617 3971 delenire
637 3929 663 3972 ct
682 3935 772 3972 rursus
786 3920 814 3969 in
835 3919 950 3970 futurum
969 3921 1134 3986 prospicere,
1152 3919 1249 3972 manas

149 3988 194 4040 lric
212 3991 320 4043 mittens
340 3987 492 4049 illecebras,
513 3997 539 4038 et
559 4006 697 4043 arcessens
715 3989 870 4053 nonnullos,
890 3990 1043 4041 muneribus
1064 3990 1112 4043 hos
1133 3992 1248 4058 excepit.

149 4061 266 4128 populus
284 4070 372 4114 autem
391 4059 437 4127 qui
454 4061 581 4111 maximus
601 4069 657 4112 erat
687 4068 713 4111 ct
737 4062 769 4114 ad
788 4061 963 4127 comparanda
981 4064 1134 4115 necessaria
1151 4065 1250 4114 irrum-

150 4131 240 4197 pebat,
258 4133 349 4184 multis
367 4133 395 4184 in
422 4129 541 4198 partibus
559 4130 692 4198 Europam
717 4131 915 4197 comprimebat.
959 4147 1049 4200 neque
1073 4149 1139 4186 vero
1158 4134 1250 4189 ferens

149 4219 198 4255 rex
221 4205 430 4272 indignationem
455 4202 630 4255 multitudinis
663 4211 690 4253 et
723 4202 816 4254 famam
850 4205 992 4270 dicentem,
1017 4206 1178 4272 parsimonia
1204 4220 1250 4257 ree
1286 4257 1294 4272 ,
