<?xml version="1.0" encoding="UTF-8"?>
<!DOCTYPE html PUBLIC "-//W3C//DTD XHTML 1.0 Transitional//EN"
    "http://www.w3.org/TR/xhtml1/DTD/xhtml1-transitional.dtd">
<html xmlns="http://www.w3.org/1999/xhtml" xml:lang="en" lang="en">
 <head>
  <title>
</title>
<meta http-equiv="Content-Type" content="text/html;charset=utf-8" />
  <meta name='ocr-system' content='tesseract 3.04.00' />
  <meta name='ocr-capabilities' content='ocr_page ocr_carea ocr_par ocr_line ocrx_word'/>
</head>
<body>
  <div class='ocr_page' id='page_1' title='image "./corpusscriptoru05theogoog/corpusscriptoru05theogoog_0319.png"; bbox 0 0 2875 4734; ppageno 0'>
   <div class='ocr_carea' id='block_1_1' title="bbox 559 252 1211 330">
    <p class='ocr_par' dir='ltr' id='par_1_1' title="bbox 559 252 1211 330">
     <span class='ocr_line' id='line_1_1' title="bbox 559 252 1211 330; baseline -0.009 0"><span class='ocrx_word' id='word_1_1' title='bbox 559 257 767 330; x_wconf 68' lang='lat' dir='ltr'><strong>ursmari.</strong></span> <span class='ocrx_word' id='word_1_2' title='bbox 1140 252 1211 325; x_wconf 65' lang='lat'><em>271</em></span> 
     </span>
    </p>
   </div>
   <div class='ocr_carea' id='block_1_2' title="bbox 12 416 1346 2319">
    <p class='ocr_par' dir='ltr' id='par_1_2' title="bbox 12 416 1346 2319">
     <span class='ocr_line' id='line_1_2' title="bbox 116 416 1215 507; baseline -0.005 -20"><span class='ocrx_word' id='word_1_3' title='bbox 116 420 270 505; x_wconf 81' lang='grc' dir='ltr'><em>ἔμελλον,</em></span> <span class='ocrx_word' id='word_1_4' title='bbox 298 421 377 507; x_wconf 82' lang='grc' dir='ltr'><em>μήτε</em></span> <span class='ocrx_word' id='word_1_5' title='bbox 405 420 459 487; x_wconf 85' lang='grc' dir='ltr'><em>τὸν</em></span> <span class='ocrx_word' id='word_1_6' title='bbox 485 419 600 487; x_wconf 80' lang='grc' dir='ltr'><em>στόλον</em></span> <span class='ocrx_word' id='word_1_7' title='bbox 629 424 776 499; x_wconf 76' lang='grc' dir='ltr'><em>ἐάσαντες</em></span> <span class='ocrx_word' id='word_1_8' title='bbox 804 419 1027 504; x_wconf 67' lang='grc' dir='ltr'><em>ἀκυβέρνητον,</em></span> <span class='ocrx_word' id='word_1_9' title='bbox 1047 416 1129 485; x_wconf 87' lang='grc' dir='ltr'><em>άλλά</em></span> <span class='ocrx_word' id='word_1_10' title='bbox 1155 418 1215 483; x_wconf 85' lang='grc' dir='ltr'><em>κάν</em></span> 
     </span>
     <span class='ocr_line' id='line_1_3' title="bbox 118 518 916 611; baseline -0.005 -22"><span class='ocrx_word' id='word_1_11' title='bbox 118 518 220 611; x_wconf 85' lang='grc' dir='ltr'><em>τοότιρ</em></span> <span class='ocrx_word' id='word_1_12' title='bbox 244 521 454 607; x_wconf 79' lang='grc' dir='ltr'><em>δροιιγγάριον</em></span> <span class='ocrx_word' id='word_1_13' title='bbox 476 522 714 607; x_wconf 75' lang='grc' dir='ltr'><em>ἐπιστήσαντες.</em></span> <span class='ocrx_word' id='word_1_14' title='bbox 913 518 916 527; x_wconf 82' lang='grc'><strong>’</strong></span> 
     </span>
     <span class='ocr_line' id='line_1_4' title="bbox 222 614 1215 706; baseline -0.004 -19"><span class='ocrx_word' id='word_1_15' title='bbox 222 614 314 687; x_wconf 83' lang='grc' dir='ltr'><em>Οότα</em></span> <span class='ocrx_word' id='word_1_16' title='bbox 336 624 371 687; x_wconf 86' lang='grc' dir='ltr'><em>δέ</em></span> <span class='ocrx_word' id='word_1_17' title='bbox 391 626 452 687; x_wconf 82' lang='grc' dir='ltr'><em>τεόν</em></span> <span class='ocrx_word' id='word_1_18' title='bbox 476 620 556 687; x_wconf 89' lang='grc' dir='ltr'><em>κατά</em></span> <span class='ocrx_word' id='word_1_19' title='bbox 580 621 636 706; x_wconf 72' lang='grc' dir='ltr'><em>τὴν</em></span> <span class='ocrx_word' id='word_1_20' title='bbox 658 621 749 687; x_wconf 89' lang='grc' dir='ltr'><em>πόλιν</em></span> <span class='ocrx_word' id='word_1_21' title='bbox 771 616 968 706; x_wconf 80' lang='grc' dir='ltr'><em>πραγμάτων</em></span> <span class='ocrx_word' id='word_1_22' title='bbox 990 617 1139 702; x_wconf 83' lang='grc' dir='ltr'><em>έχόνταιν,</em></span> <span class='ocrx_word' id='word_1_23' title='bbox 1160 616 1215 683; x_wconf 76' lang='grc' dir='ltr'><em>κατ’</em></span> 
     </span>
     <span class='ocr_line' id='line_1_5' title="bbox 115 718 1216 807; baseline -0.007 -18"><span class='ocrx_word' id='word_1_24' title='bbox 115 728 273 807; x_wconf 83' lang='grc' dir='ltr'><em>βασιλέως</em></span> <span class='ocrx_word' id='word_1_25' title='bbox 295 727 544 806; x_wconf 76' lang='grc' dir='ltr'><em>καθαιρεθέντος</em></span> <span class='ocrx_word' id='word_1_26' title='bbox 574 720 732 789; x_wconf 82' lang='grc' dir='ltr'><em>ὁπλιτικόν</em></span> <span class='ocrx_word' id='word_1_27' title='bbox 752 718 879 806; x_wconf 77' lang='grc' dir='ltr'><em>ἔχοντος</em></span> <span class='ocrx_word' id='word_1_28' title='bbox 901 724 936 788; x_wconf 78' lang='grc' dir='ltr'><em>ἐκ</em></span> <span class='ocrx_word' id='word_1_29' title='bbox 958 720 1160 805; x_wconf 76' lang='grc' dir='ltr'><em>μισθοφορᾶς</em></span> <span class='ocrx_word' id='word_1_30' title='bbox 1183 719 1216 781; x_wconf 77' lang='grc' dir='ltr'><em>έν</em></span> 
     </span>
     <span class='ocr_line' id='line_1_6' title="bbox 89 817 1216 911; baseline -0.006 -23"><span class='ocrx_word' id='word_1_31' title='bbox 89 853 107 905; x_wconf 82' lang='lat'><strong>5</strong></span> <span class='ocrx_word' id='word_1_32' title='bbox 115 828 252 911; x_wconf 88' lang='grc' dir='ltr'><em>μοριάσι</em></span> <span class='ocrx_word' id='word_1_33' title='bbox 274 820 595 910; x_wconf 82' lang='grc' dir='ltr'><em>σοναριθμοόμενον,</em></span> <span class='ocrx_word' id='word_1_34' title='bbox 624 825 679 887; x_wconf 84' lang='grc' dir='ltr'><em>καί</em></span> <span class='ocrx_word' id='word_1_35' title='bbox 711 827 773 887; x_wconf 66' lang='lat' dir='ltr'><strong>cosi</strong></span> <span class='ocrx_word' id='word_1_36' title='bbox 794 821 1009 888; x_wconf 86' lang='grc' dir='ltr'><em>Βοτανειάτοο</em></span> <span class='ocrx_word' id='word_1_37' title='bbox 1041 817 1216 901; x_wconf 77' lang='grc' dir='ltr'><em>πολεμικῶς</em></span> 
     </span>
     <span class='ocr_line' id='line_1_7' title="bbox 116 923 1214 1009; baseline -0.005 -20"><span class='ocrx_word' id='word_1_38' title='bbox 116 930 173 990; x_wconf 83' lang='grc' dir='ltr'><em>καί</em></span> <span class='ocrx_word' id='word_1_39' title='bbox 184 928 341 1009; x_wconf 82' lang='grc' dir='ltr'><em>μαχίμους</em></span> <span class='ocrx_word' id='word_1_40' title='bbox 362 926 419 1009; x_wconf 80' lang='grc' dir='ltr'><em>τήν</em></span> <span class='ocrx_word' id='word_1_41' title='bbox 441 925 523 1005; x_wconf 82' lang='grc' dir='ltr'><em>όπὲρ</em></span> <span class='ocrx_word' id='word_1_42' title='bbox 547 929 601 1008; x_wconf 85' lang='grc' dir='ltr'><em>τῆς</em></span> <span class='ocrx_word' id='word_1_43' title='bbox 632 928 736 1008; x_wconf 79' lang='grc' dir='ltr'><em>κοινῆς</em></span> <span class='ocrx_word' id='word_1_44' title='bbox 769 927 832 989; x_wconf 78' lang='grc' dir='ltr'><em>τῶν</em></span> <span class='ocrx_word' id='word_1_45' title='bbox 849 924 1016 1005; x_wconf 84' lang='grc' dir='ltr'><em>Ῥωμαίων</em></span> <span class='ocrx_word' id='word_1_46' title='bbox 1047 923 1214 1004; x_wconf 80' lang='grc' dir='ltr'><em>εάετηρίας</em></span> 
     </span>
     <span class='ocr_line' id='line_1_8' title="bbox 116 1020 1215 1111; baseline -0.005 -22"><span class='ocrx_word' id='word_1_47' title='bbox 116 1027 220 1111; x_wconf 75' lang='grc' dir='ltr'><em>δρμὴν</em></span> <span class='ocrx_word' id='word_1_48' title='bbox 242 1026 480 1111; x_wconf 86' lang='grc' dir='ltr'><em>ε’ξαρτόσαντος,</em></span> <span class='ocrx_word' id='word_1_49' title='bbox 502 1020 697 1106; x_wconf 72' lang='grc' dir='ltr'><em>ἀναίμακτον</em></span> <span class='ocrx_word' id='word_1_50' title='bbox 722 1020 806 1089; x_wconf 86' lang='grc' dir='ltr'><em>άπαν</em></span> <span class='ocrx_word' id='word_1_51' title='bbox 823 1025 881 1087; x_wconf 84' lang='grc' dir='ltr'><em>’καί</em></span> <span class='ocrx_word' id='word_1_52' title='bbox 910 1023 1091 1106; x_wconf 72' lang='grc' dir='ltr'><em>ἀνώλεθρον</em></span> <span class='ocrx_word' id='word_1_53' title='bbox 1118 1035 1215 1087; x_wconf 82' lang='grc' dir='ltr'><em>συνε-</em></span> 
     </span>
     <span class='ocr_line' id='line_1_9' title="bbox 114 1120 1217 1211; baseline -0.004 -20"><span class='ocrx_word' id='word_1_54' title='bbox 114 1125 260 1210; x_wconf 88' lang='grc' dir='ltr'><em>περάνθη</em></span> <span class='ocrx_word' id='word_1_55' title='bbox 281 1126 317 1192; x_wconf 89' lang='grc' dir='ltr'><em>τό</em></span> <span class='ocrx_word' id='word_1_56' title='bbox 341 1130 552 1209; x_wconf 19' lang='grc' dir='ltr'><em>α’ποτέλιεσμα,</em></span> <span class='ocrx_word' id='word_1_57' title='bbox 575 1126 617 1203; x_wconf 87' lang='grc' dir='ltr'><em>οός</em></span> <span class='ocrx_word' id='word_1_58' title='bbox 637 1128 720 1211; x_wconf 84' lang='grc' dir='ltr'><em>μηδὲ</em></span> <span class='ocrx_word' id='word_1_59' title='bbox 744 1120 816 1210; x_wconf 77' lang='grc' dir='ltr'><em>ῥῖνά</em></span> <span class='ocrx_word' id='word_1_60' title='bbox 834 1148 917 1199; x_wconf 88' lang='grc' dir='ltr'><em>τινος</em></span> <span class='ocrx_word' id='word_1_61' title='bbox 946 1126 1081 1206; x_wconf 84' lang='grc' dir='ltr'><em>αἳματος</em></span> <span class='ocrx_word' id='word_1_62' title='bbox 1110 1125 1217 1207; x_wconf 76' lang='grc' dir='ltr'><em>μενέσ-</em></span> 
     </span>
     <span class='ocr_line' id='line_1_10' title="bbox 114 1220 1346 1311; baseline -0.002 -20"><span class='ocrx_word' id='word_1_63' title='bbox 114 1232 175 1291; x_wconf 93' lang='grc' dir='ltr'><em>θαι</em></span> <span class='ocrx_word' id='word_1_64' title='bbox 205 1225 398 1309; x_wconf 79' lang='grc' dir='ltr'><em>διάβροχον·</em></span> <span class='ocrx_word' id='word_1_65' title='bbox 444 1220 520 1310; x_wconf 81' lang='grc' dir='ltr'><em>άπερ</em></span> <span class='ocrx_word' id='word_1_66' title='bbox 558 1229 672 1309; x_wconf 76' lang='grc' dir='ltr'><em>δεῖγμα</em></span> <span class='ocrx_word' id='word_1_67' title='bbox 699 1231 757 1311; x_wconf 81' lang='grc' dir='ltr'><em>τῆς</em></span> <span class='ocrx_word' id='word_1_68' title='bbox 787 1230 832 1301; x_wconf 86' lang='grc' dir='ltr'><em>εἰς</em></span> <span class='ocrx_word' id='word_1_69' title='bbox 863 1226 938 1290; x_wconf 87' lang='grc' dir='ltr'><em>θεὸν</em></span> <span class='ocrx_word' id='word_1_70' title='bbox 959 1227 1059 1293; x_wconf 71' lang='lat' dir='ltr'><strong>adrat</strong></span> <span class='ocrx_word' id='word_1_71' title='bbox 1080 1227 1215 1296; x_wconf 82' lang='grc' dir='ltr'><em>πίστεως</em></span> <span class='ocrx_word' id='word_1_72' title='bbox 1226 1234 1346 1290; x_wconf 66' lang='lat' dir='ltr'><em>mir.</em></span> 
     </span>
     <span class='ocr_line' id='line_1_11' title="bbox 69 1325 1215 1413; baseline -0.009 -15"><span class='ocrx_word' id='word_1_73' title='bbox 69 1347 105 1402; x_wconf 87' lang='lat'><em>10</em></span> <span class='ocrx_word' id='word_1_74' title='bbox 115 1333 170 1395; x_wconf 88' lang='grc' dir='ltr'><em>καί</em></span> <span class='ocrx_word' id='word_1_75' title='bbox 188 1331 246 1413; x_wconf 85' lang='grc' dir='ltr'><em>τῆς</em></span> <span class='ocrx_word' id='word_1_76' title='bbox 267 1326 301 1393; x_wconf 84' lang='grc' dir='ltr'><em>έκ</em></span> <span class='ocrx_word' id='word_1_77' title='bbox 317 1332 398 1391; x_wconf 80' lang='grc' dir='ltr'><em>θεοῦ</em></span> <span class='ocrx_word' id='word_1_78' title='bbox 418 1332 645 1412; x_wconf 86' lang='grc' dir='ltr'><em>προχειρίσεας</em></span> <span class='ocrx_word' id='word_1_79' title='bbox 668 1325 784 1393; x_wconf 86' lang='grc' dir='ltr'><em>τοάτου</em></span> <span class='ocrx_word' id='word_1_80' title='bbox 807 1326 1011 1413; x_wconf 82' lang='grc' dir='ltr'><em>σαφέστατόν</em></span> <span class='ocrx_word' id='word_1_81' title='bbox 1036 1348 1070 1391; x_wconf 90' lang='grc' dir='ltr'><em>τε</em></span> <span class='ocrx_word' id='word_1_82' title='bbox 1092 1328 1145 1391; x_wconf 89' lang='grc' dir='ltr'><em>καί</em></span> <span class='ocrx_word' id='word_1_83' title='bbox 1165 1325 1215 1388; x_wconf 79' lang='grc' dir='ltr'><em>αι’-</em></span> 
     </span>
     <span class='ocr_line' id='line_1_12' title="bbox 114 1414 1216 1520; baseline -0.004 -27"><span class='ocrx_word' id='word_1_84' title='bbox 114 1434 292 1515; x_wconf 22' lang='grc' dir='ltr'><em>κειότατον..</em></span> <span class='ocrx_word' id='word_1_85' title='bbox 326 1429 406 1520; x_wconf 81' lang='grc' dir='ltr'><em>άλλά</em></span> <span class='ocrx_word' id='word_1_86' title='bbox 425 1431 459 1493; x_wconf 87' lang='grc' dir='ltr'><em>τό</em></span> <span class='ocrx_word' id='word_1_87' title='bbox 483 1433 542 1510; x_wconf 80' lang='grc' dir='ltr'><em>μὲν</em></span> <span class='ocrx_word' id='word_1_88' title='bbox 559 1417 620 1492; x_wconf 69' lang='lat' dir='ltr'><strong>eid</strong></span> <span class='ocrx_word' id='word_1_89' title='bbox 646 1432 804 1511; x_wconf 85' lang='grc' dir='ltr'><em>βασιλέων</em></span> <span class='ocrx_word' id='word_1_90' title='bbox 822 1414 921 1509; x_wconf 52' lang='grc' dir='ltr'><em>’ἔσχεν</em></span> <span class='ocrx_word' id='word_1_91' title='bbox 945 1427 962 1491; x_wconf 88' lang='grc' dir='ltr'><em>δ</em></span> <span class='ocrx_word' id='word_1_92' title='bbox 983 1430 1039 1510; x_wconf 80' lang='grc' dir='ltr'><em>τῆς</em></span> <span class='ocrx_word' id='word_1_93' title='bbox 1059 1428 1216 1511; x_wconf 81' lang='grc' dir='ltr'><em>θεομητο-</em></span> 
     </span>
     <span class='ocr_line' id='line_1_13' title="bbox 116 1527 1304 1614; baseline -0.003 -20"><span class='ocrx_word' id='word_1_94' title='bbox 116 1553 170 1614; x_wconf 90' lang='grc' dir='ltr'><em>ρος</em></span> <span class='ocrx_word' id='word_1_95' title='bbox 191 1533 223 1594; x_wconf 82' lang='grc' dir='ltr'><em>έν</em></span> <span class='ocrx_word' id='word_1_96' title='bbox 245 1532 445 1614; x_wconf 85' lang='grc' dir='ltr'><em>Βλαχέρναις</em></span> <span class='ocrx_word' id='word_1_97' title='bbox 467 1528 562 1613; x_wconf 89' lang='grc' dir='ltr'><em>σηκός</em></span> <span class='ocrx_word' id='word_1_98' title='bbox 585 1527 767 1614; x_wconf 76' lang='grc' dir='ltr'><em>ἱερώτατος,</em></span> <span class='ocrx_word' id='word_1_99' title='bbox 789 1530 844 1594; x_wconf 88' lang='grc' dir='ltr'><em>καί</em></span> <span class='ocrx_word' id='word_1_100' title='bbox 859 1535 1052 1614; x_wconf 83' lang='grc' dir='ltr'><em>περιέσωσεν</em></span> <span class='ocrx_word' id='word_1_101' title='bbox 1073 1529 1107 1593; x_wconf 90' lang='grc' dir='ltr'><em>έν</em></span> <span class='ocrx_word' id='word_1_102' title='bbox 1131 1528 1217 1613; x_wconf 77' lang='grc' dir='ltr'><em>αότῷ</em></span> <span class='ocrx_word' id='word_1_103' title='bbox 1302 1581 1304 1590; x_wconf 75' lang='grc'><strong><em>,</em></strong></span> 
     </span>
     <span class='ocr_line' id='line_1_14' title="bbox 113 1626 1216 1714; baseline -0.001 -20"><span class='ocrx_word' id='word_1_104' title='bbox 113 1628 171 1713; x_wconf 73' lang='grc' dir='ltr'><em>τήν</em></span> <span class='ocrx_word' id='word_1_105' title='bbox 193 1633 291 1714; x_wconf 87' lang='grc' dir='ltr'><em>τρίχα</em></span> <span class='ocrx_word' id='word_1_106' title='bbox 313 1628 367 1693; x_wconf 85' lang='grc' dir='ltr'><em>καί</em></span> <span class='ocrx_word' id='word_1_107' title='bbox 386 1627 443 1694; x_wconf 91' lang='grc' dir='ltr'><em>τόν</em></span> <span class='ocrx_word' id='word_1_108' title='bbox 466 1629 584 1712; x_wconf 87' lang='grc' dir='ltr'><em>κόσμον</em></span> <span class='ocrx_word' id='word_1_109' title='bbox 604 1629 869 1712; x_wconf 79' lang='grc' dir='ltr'><em>ἐκτιναξάμενοι·</em></span> <span class='ocrx_word' id='word_1_110' title='bbox 916 1629 970 1695; x_wconf 91' lang='grc' dir='ltr'><em>τόν</em></span> <span class='ocrx_word' id='word_1_111' title='bbox 992 1631 1023 1709; x_wconf 87' lang='grc' dir='ltr'><em>Ιδ’</em></span> <span class='ocrx_word' id='word_1_112' title='bbox 1046 1626 1107 1694; x_wconf 87' lang='grc' dir='ltr'><em>α’πό</em></span> <span class='ocrx_word' id='word_1_113' title='bbox 1123 1635 1216 1711; x_wconf 76' lang='lat' dir='ltr'><strong>toyc-</strong></span> 
     </span>
     <span class='ocr_line' id='line_1_15' title="bbox 12 1725 1327 1817; baseline -0.003 -21"><span class='ocrx_word' id='word_1_114' title='bbox 12 1752 18 1796; x_wconf 76' lang='lat' dir='ltr'><strong><em>f</em></strong></span> <span class='ocrx_word' id='word_1_115' title='bbox 116 1734 220 1796; x_wconf 80' lang='grc' dir='ltr'><em>θετάν</em></span> <span class='ocrx_word' id='word_1_116' title='bbox 241 1736 295 1796; x_wconf 92' lang='grc' dir='ltr'><em>καί</em></span> <span class='ocrx_word' id='word_1_117' title='bbox 315 1730 370 1796; x_wconf 89' lang='grc' dir='ltr'><em>τόν</em></span> <span class='ocrx_word' id='word_1_118' title='bbox 398 1727 515 1796; x_wconf 87' lang='grc' dir='ltr'><em>τοότοα</em></span> <span class='ocrx_word' id='word_1_119' title='bbox 541 1731 761 1817; x_wconf 78' lang='grc' dir='ltr'><em>προασπιστην</em></span> <span class='ocrx_word' id='word_1_120' title='bbox 781 1735 889 1814; x_wconf 88' lang='grc' dir='ltr'><em>Δαβίδ</em></span> <span class='ocrx_word' id='word_1_121' title='bbox 903 1780 913 1814; x_wconf 88' lang='lat'><strong>,</strong></span> <span class='ocrx_word' id='word_1_122' title='bbox 942 1730 976 1797; x_wconf 85' lang='grc' dir='ltr'><em>τό</em></span> <span class='ocrx_word' id='word_1_123' title='bbox 999 1733 1059 1796; x_wconf 84' lang='grc' dir='ltr'><em>τοά</em></span> <span class='ocrx_word' id='word_1_124' title='bbox 1079 1725 1218 1813; x_wconf 78' lang='grc' dir='ltr'><em>μεγάλαν</em></span> <span class='ocrx_word' id='word_1_125' title='bbox 1324 1735 1327 1749; x_wconf 88' lang='grc'><em>“</em></span> 
     </span>
     <span class='ocr_line' id='line_1_16' title="bbox 70 1824 1218 1921; baseline -0.003 -26"><span class='ocrx_word' id='word_1_126' title='bbox 70 1860 106 1912; x_wconf 81' lang='lat'><em>15</em></span> <span class='ocrx_word' id='word_1_127' title='bbox 116 1824 343 1916; x_wconf 78' lang='grc' dir='ltr'><em>ἓταιρειάρχου</em></span> <span class='ocrx_word' id='word_1_128' title='bbox 363 1836 550 1916; x_wconf 75' lang='grc' dir='ltr'><em>κεκτημένον</em></span> <span class='ocrx_word' id='word_1_129' title='bbox 572 1832 746 1917; x_wconf 83' lang='grc' dir='ltr'><em>όφφίκιον,</em></span> <span class='ocrx_word' id='word_1_130' title='bbox 771 1827 803 1907; x_wconf 76' lang='grc' dir='ltr'><em>ὃς</em></span> <span class='ocrx_word' id='word_1_131' title='bbox 825 1830 858 1921; x_wconf 76' lang='grc' dir='ltr'><em>ἐκ</em></span> <span class='ocrx_word' id='word_1_132' title='bbox 882 1835 1095 1917; x_wconf 67' lang='grc' dir='ltr'><em>παραγγελίας</em></span> <span class='ocrx_word' id='word_1_133' title='bbox 1119 1830 1218 1895; x_wconf 68' lang='lat' dir='ltr'><strong>atrei</strong></span> 
     </span>
     <span class='ocr_line' id='line_1_17' title="bbox 115 1928 1217 2016; baseline -0.001 -22"><span class='ocrx_word' id='word_1_134' title='bbox 115 1934 173 1995; x_wconf 75' lang='grc' dir='ltr'><em>τοῦ</em></span> <span class='ocrx_word' id='word_1_135' title='bbox 193 1929 254 1995; x_wconf 70' lang='lat' dir='ltr'><em>dud</em></span> <span class='ocrx_word' id='word_1_136' title='bbox 276 1935 453 2015; x_wconf 77' lang='grc' dir='ltr'><em>λογοθετάν</em></span> <span class='ocrx_word' id='word_1_137' title='bbox 474 1928 527 1995; x_wconf 87' lang='grc' dir='ltr'><em>τόν</em></span> <span class='ocrx_word' id='word_1_138' title='bbox 551 1934 706 2016; x_wconf 87' lang='grc' dir='ltr'><em>άρχιερέα</em></span> <span class='ocrx_word' id='word_1_139' title='bbox 729 1934 785 2015; x_wconf 80' lang='grc' dir='ltr'><em>τῆς</em></span> <span class='ocrx_word' id='word_1_140' title='bbox 806 1930 896 2015; x_wconf 82' lang='grc' dir='ltr'><em>ἱεράς</em></span> <span class='ocrx_word' id='word_1_141' title='bbox 926 1932 1082 2015; x_wconf 76' lang='grc' dir='ltr'><em>τραπέζης</em></span> <span class='ocrx_word' id='word_1_142' title='bbox 1110 1932 1143 1994; x_wconf 84' lang='grc' dir='ltr'><em>έν</em></span> <span class='ocrx_word' id='word_1_143' title='bbox 1175 1932 1217 2015; x_wconf 74' lang='grc' dir='ltr'><em>τῷ</em></span> 
     </span>
     <span class='ocr_line' id='line_1_18' title="bbox 120 2032 1215 2120; baseline -0.001 -25"><span class='ocrx_word' id='word_1_144' title='bbox 120 2033 340 2120; x_wconf 76' lang='grc' dir='ltr'><em>θυσιαστηρίῳ</em></span> <span class='ocrx_word' id='word_1_145' title='bbox 362 2038 419 2116; x_wconf 81' lang='grc' dir='ltr'><em>τῆς</em></span> <span class='ocrx_word' id='word_1_146' title='bbox 440 2035 499 2097; x_wconf 76' lang='grc' dir='ltr'><em>τοῦ</em></span> <span class='ocrx_word' id='word_1_147' title='bbox 519 2035 595 2096; x_wconf 79' lang='grc' dir='ltr'><em>θεοῦ</em></span> <span class='ocrx_word' id='word_1_148' title='bbox 616 2033 710 2114; x_wconf 78' lang='grc' dir='ltr'><em>λόγου</em></span> <span class='ocrx_word' id='word_1_149' title='bbox 731 2036 847 2118; x_wconf 82' lang='grc' dir='ltr'><em>σοφίας</em></span> <span class='ocrx_word' id='word_1_150' title='bbox 868 2034 983 2114; x_wconf 84' lang='grc' dir='ltr'><em>βιαίως</em></span> <span class='ocrx_word' id='word_1_151' title='bbox 1012 2032 1215 2110; x_wconf 82' lang='grc' dir='ltr'><em>άνειλκνοεν,</em></span> 
     </span>
     <span class='ocr_line' id='line_1_19' title="bbox 119 2129 1214 2218; baseline -0.001 -23"><span class='ocrx_word' id='word_1_152' title='bbox 119 2132 225 2207; x_wconf 85' lang='grc' dir='ltr'><em>οάδείς</em></span> <span class='ocrx_word' id='word_1_153' title='bbox 255 2138 342 2208; x_wconf 80' lang='grc' dir='ltr'><em>θεῖος</em></span> <span class='ocrx_word' id='word_1_154' title='bbox 369 2134 465 2213; x_wconf 80' lang='grc' dir='ltr'><em>δόμος</em></span> <span class='ocrx_word' id='word_1_155' title='bbox 488 2137 616 2213; x_wconf 78' lang='grc' dir='ltr'><em>ἐδέξατο</em></span> <span class='ocrx_word' id='word_1_156' title='bbox 639 2136 694 2196; x_wconf 87' lang='grc' dir='ltr'><em>καί</em></span> <span class='ocrx_word' id='word_1_157' title='bbox 723 2137 931 2216; x_wconf 81' lang='grc' dir='ltr'><em>περιέστειλεν</em></span> <span class='ocrx_word' id='word_1_158' title='bbox 959 2129 1089 2198; x_wconf 77' lang='grc' dir='ltr'><em>ε”νδοθεν</em></span> <span class='ocrx_word' id='word_1_159' title='bbox 1118 2132 1214 2218; x_wconf 72' lang='grc' dir='ltr'><em>(ᾐδέ-</em></span> 
     </span>
     <span class='ocr_line' id='line_1_20' title="bbox 116 2224 1217 2319; baseline -0.006 -20"><span class='ocrx_word' id='word_1_160' title='bbox 116 2238 244 2319; x_wconf 83' lang='grc' dir='ltr'><em>σθησαν</em></span> <span class='ocrx_word' id='word_1_161' title='bbox 257 2232 318 2316; x_wconf 77' lang='grc' dir='ltr'><em>γάρ</em></span> <span class='ocrx_word' id='word_1_162' title='bbox 331 2241 517 2318; x_wconf 78' lang='grc' dir='ltr'><em>προσελθεῖν</em></span> <span class='ocrx_word' id='word_1_163' title='bbox 532 2234 587 2298; x_wconf 90' lang='grc' dir='ltr'><em>καί</em></span> <span class='ocrx_word' id='word_1_164' title='bbox 609 2237 808 2317; x_wconf 73' lang='grc' dir='ltr'><em>προσροῆναι</em></span> <span class='ocrx_word' id='word_1_165' title='bbox 830 2235 960 2308; x_wconf 78' lang='grc' dir='ltr'><em>ἐκείνοις</em></span> <span class='ocrx_word' id='word_1_166' title='bbox 980 2224 1024 2297; x_wconf 72' lang='grc' dir='ltr'><em>οἷν</em></span> <span class='ocrx_word' id='word_1_167' title='bbox 1038 2228 1096 2315; x_wconf 72' lang='grc' dir='ltr'><em>τήν</em></span> <span class='ocrx_word' id='word_1_168' title='bbox 1117 2255 1217 2295; x_wconf 86' lang='grc' dir='ltr'><em>κατα.</em></span> 
     </span>
    </p>
   </div>
   <div class='ocr_carea' id='block_1_3' title="bbox 70 2324 1220 2826">
    <p class='ocr_par' dir='ltr' id='par_1_3' title="bbox 70 2324 1220 2826">
     <span class='ocr_line' id='line_1_21' title="bbox 70 2324 1217 2420; baseline 0 -23"><span class='ocrx_word' id='word_1_169' title='bbox 70 2333 226 2419; x_wconf 70' lang='grc' dir='ltr'><em>ηηφαγην</em></span> <span class='ocrx_word' id='word_1_170' title='bbox 249 2329 356 2409; x_wconf 82' lang='grc' dir='ltr'><em>ἄλλοις</em></span> <span class='ocrx_word' id='word_1_171' title='bbox 381 2337 476 2398; x_wconf 83' lang='grc' dir='ltr'><em>αάτοί</em></span> <span class='ocrx_word' id='word_1_172' title='bbox 495 2334 731 2420; x_wconf 78' lang='grc' dir='ltr'><em>άπηγόρεασαν,</em></span> <span class='ocrx_word' id='word_1_173' title='bbox 751 2333 806 2399; x_wconf 87' lang='grc' dir='ltr'><em>καί</em></span> <span class='ocrx_word' id='word_1_174' title='bbox 824 2324 868 2397; x_wconf 79' lang='grc' dir='ltr'><em>ιόν</em></span> <span class='ocrx_word' id='word_1_175' title='bbox 891 2327 984 2416; x_wconf 80' lang='grc' dir='ltr'><em>δβριν</em></span> <span class='ocrx_word' id='word_1_176' title='bbox 1001 2336 1058 2398; x_wconf 87' lang='grc' dir='ltr'><em>καί</em></span> <span class='ocrx_word' id='word_1_177' title='bbox 1087 2334 1217 2414; x_wconf 87' lang='grc' dir='ltr'><em>α’τιμίαν</em></span> 
     </span>
     <span class='ocr_line' id='line_1_22' title="bbox 119 2427 1217 2521; baseline -0.001 -22"><span class='ocrx_word' id='word_1_178' title='bbox 119 2437 154 2499; x_wconf 85' lang='grc' dir='ltr'><em>έκ</em></span> <span class='ocrx_word' id='word_1_179' title='bbox 175 2439 365 2519; x_wconf 85' lang='grc' dir='ltr'><em>προπετείας</em></span> <span class='ocrx_word' id='word_1_180' title='bbox 389 2433 594 2510; x_wconf 88' lang='grc' dir='ltr'><em>άταοθάλονς</em></span> <span class='ocrx_word' id='word_1_181' title='bbox 616 2427 797 2521; x_wconf 83' lang='grc' dir='ltr'><em>κατέχεον),</em></span> <span class='ocrx_word' id='word_1_182' title='bbox 828 2432 910 2499; x_wconf 86' lang='grc' dir='ltr'><em>άλλά</em></span> <span class='ocrx_word' id='word_1_183' title='bbox 931 2437 994 2500; x_wconf 79' lang='grc' dir='ltr'><em>τάν</em></span> <span class='ocrx_word' id='word_1_184' title='bbox 1014 2435 1119 2498; x_wconf 71' lang='grc' dir='ltr'><em>ἵππιον</em></span> <span class='ocrx_word' id='word_1_185' title='bbox 1150 2436 1217 2498; x_wconf 80' lang='grc' dir='ltr'><em>έπι·</em></span> 
     </span>
     <span class='ocr_line' id='line_1_23' title="bbox 117 2528 1218 2621; baseline -0.001 -23"><span class='ocrx_word' id='word_1_186' title='bbox 117 2532 229 2616; x_wconf 79' lang='grc' dir='ltr'><em>βάντες</em></span> <span class='ocrx_word' id='word_1_187' title='bbox 247 2532 309 2599; x_wconf 84' lang='grc' dir='ltr'><em>σόν</em></span> <span class='ocrx_word' id='word_1_188' title='bbox 331 2535 447 2618; x_wconf 81' lang='grc' dir='ltr'><em>ὀλίγοις</em></span> <span class='ocrx_word' id='word_1_189' title='bbox 471 2538 535 2599; x_wconf 82' lang='grc' dir='ltr'><em>τάν</em></span> <span class='ocrx_word' id='word_1_190' title='bbox 556 2537 638 2621; x_wconf 77' lang='grc' dir='ltr'><em>άμςί</em></span> <span class='ocrx_word' id='word_1_191' title='bbox 662 2534 781 2611; x_wconf 75' lang='grc' dir='ltr'><em>αὐτοὺς</em></span> <span class='ocrx_word' id='word_1_192' title='bbox 802 2533 883 2621; x_wconf 89' lang='grc' dir='ltr'><em>πρός</em></span> <span class='ocrx_word' id='word_1_193' title='bbox 904 2528 1042 2620; x_wconf 73' lang='grc' dir='ltr'><em>ἑσπέραν</em></span> <span class='ocrx_word' id='word_1_194' title='bbox 1071 2530 1218 2619; x_wconf 76' lang='grc' dir='ltr'><em>ἐξόρμη-</em></span> 
     </span>
     <span class='ocr_line' id='line_1_24' title="bbox 118 2625 1218 2721; baseline 0 -22"><span class='ocrx_word' id='word_1_195' title='bbox 118 2659 189 2700; x_wconf 87' lang='grc' dir='ltr'><em>σαν.</em></span> <span class='ocrx_word' id='word_1_196' title='bbox 231 2636 286 2700; x_wconf 81' lang='grc' dir='ltr'><em>καί</em></span> <span class='ocrx_word' id='word_1_197' title='bbox 306 2638 597 2718; x_wconf 82' lang='grc' dir='ltr'><em>καταλαμβάνουσι·</em></span> <span class='ocrx_word' id='word_1_198' title='bbox 609 2636 663 2702; x_wconf 87' lang='grc' dir='ltr'><em>τόν</em></span> <span class='ocrx_word' id='word_1_199' title='bbox 677 2637 857 2702; x_wconf 86' lang='grc' dir='ltr'><em>Ῥοασέλιον</em></span> <span class='ocrx_word' id='word_1_200' title='bbox 877 2639 923 2713; x_wconf 81' lang='grc' dir='ltr'><em>εἰς</em></span> <span class='ocrx_word' id='word_1_201' title='bbox 939 2634 1132 2721; x_wconf 86' lang='grc' dir='ltr'><em>Ἡράκλειαν</em></span> <span class='ocrx_word' id='word_1_202' title='bbox 1155 2625 1218 2719; x_wconf 77' lang='grc' dir='ltr'><em>ἤδη</em></span> 
     </span>
     <span class='ocr_line' id='line_1_25' title="bbox 119 2727 1220 2826; baseline 0.001 -27"><span class='ocrx_word' id='word_1_203' title='bbox 119 2736 266 2820; x_wconf 81' lang='grc' dir='ltr'><em>τῆςκατά</em></span> <span class='ocrx_word' id='word_1_204' title='bbox 290 2740 354 2803; x_wconf 79' lang='grc' dir='ltr'><em>τάν</em></span> <span class='ocrx_word' id='word_1_205' title='bbox 376 2736 554 2803; x_wconf 87' lang='grc' dir='ltr'><em>άντιπάλων</em></span> <span class='ocrx_word' id='word_1_206' title='bbox 574 2738 659 2823; x_wconf 90' lang='grc' dir='ltr'><em>νίκης</em></span> <span class='ocrx_word' id='word_1_207' title='bbox 682 2735 721 2804; x_wconf 89' lang='grc' dir='ltr'><em>τά</em></span> <span class='ocrx_word' id='word_1_208' title='bbox 743 2738 940 2826; x_wconf 78' lang='grc' dir='ltr'><em>χαριστήρια</em></span> <span class='ocrx_word' id='word_1_209' title='bbox 963 2733 1101 2803; x_wconf 77' lang='grc' dir='ltr'><em>θέοντα·</em></span> <span class='ocrx_word' id='word_1_210' title='bbox 1124 2727 1220 2802; x_wconf 80' lang='grc' dir='ltr'><em>δατε-</em></span> 
     </span>
    </p>
   </div>
   <div class='ocr_carea' id='block_1_4' title="bbox 118 2996 1219 3137">
    <p class='ocr_par' dir='ltr' id='par_1_4' title="bbox 118 2996 1219 3137">
     <span class='ocr_line' id='line_1_26' title="bbox 118 2996 1219 3071; baseline -0.005 -20"><span class='ocrx_word' id='word_1_211' title='bbox 118 3000 185 3051; x_wconf 89' lang='lat' dir='ltr'><strong>tium</strong></span> <span class='ocrx_word' id='word_1_212' title='bbox 203 2998 322 3052; x_wconf 83' lang='lat' dir='ltr'>ordinem</span> <span class='ocrx_word' id='word_1_213' title='bbox 339 3000 493 3053; x_wconf 87' lang='lat' dir='ltr'><strong>adornaturi</strong></span> <span class='ocrx_word' id='word_1_214' title='bbox 512 3010 596 3066; x_wconf 89' lang='lat' dir='ltr'><strong>erant,</strong></span> <span class='ocrx_word' id='word_1_215' title='bbox 615 3016 704 3071; x_wconf 84' lang='lat' dir='ltr'><strong>neque</strong></span> <span class='ocrx_word' id='word_1_216' title='bbox 723 2999 836 3057; x_wconf 78' lang='lat' dir='ltr'><strong>classem</strong></span> <span class='ocrx_word' id='word_1_217' title='bbox 854 2998 1022 3066; x_wconf 83' lang='lat' dir='ltr'><strong>reliquerunt</strong></span> <span class='ocrx_word' id='word_1_218' title='bbox 1039 2998 1099 3049; x_wconf 89' lang='lat' dir='ltr'><strong>sine</strong></span> <span class='ocrx_word' id='word_1_219' title='bbox 1117 2996 1219 3065; x_wconf 78' lang='lat' dir='ltr'><strong>guber.</strong></span> 
     </span>
     <span class='ocr_line' id='line_1_27' title="bbox 118 3072 869 3137; baseline -0.001 -16"><span class='ocrx_word' id='word_1_220' title='bbox 118 3072 291 3134; x_wconf 43' lang='lat' dir='ltr'><strong>natore„sed</strong></span> <span class='ocrx_word' id='word_1_221' title='bbox 311 3074 390 3124; x_wconf 84' lang='lat' dir='ltr'><strong>etiarn</strong></span> <span class='ocrx_word' id='word_1_222' title='bbox 408 3073 471 3123; x_wconf 91' lang='lat' dir='ltr'><strong>buic</strong></span> <span class='ocrx_word' id='word_1_223' title='bbox 489 3072 659 3137; x_wconf 77' lang='lat' dir='ltr'><strong>drungarium</strong></span> <span class='ocrx_word' id='word_1_224' title='bbox 677 3072 869 3135; x_wconf 87' lang='lat' dir='ltr'><strong>imposuerunt.</strong></span> 
     </span>
    </p>
   </div>
   <div class='ocr_carea' id='block_1_5' title="bbox 116 3163 1256 4235">
    <p class='ocr_par' dir='ltr' id='par_1_5' title="bbox 116 3163 1256 4235">
     <span class='ocr_line' id='line_1_28' title="bbox 219 3163 1217 3231; baseline -0.001 -11"><span class='ocrx_word' id='word_1_225' title='bbox 219 3166 283 3220; x_wconf 80' lang='lat' dir='ltr'><strong>Cum</strong></span> <span class='ocrx_word' id='word_1_226' title='bbox 303 3177 390 3220; x_wconf 85' lang='lat' dir='ltr'><strong>autern</strong></span> <span class='ocrx_word' id='word_1_227' title='bbox 409 3170 450 3220; x_wconf 88' lang='lat' dir='ltr'><strong>sic</strong></span> <span class='ocrx_word' id='word_1_228' title='bbox 467 3168 496 3216; x_wconf 87' lang='lat' dir='ltr'><em>in</em></span> <span class='ocrx_word' id='word_1_229' title='bbox 514 3165 580 3216; x_wconf 90' lang='lat' dir='ltr'><strong>urbe</strong></span> <span class='ocrx_word' id='word_1_230' title='bbox 597 3180 690 3218; x_wconf 84' lang='lat' dir='ltr'><strong>resse</strong></span> <span class='ocrx_word' id='word_1_231' title='bbox 709 3164 859 3229; x_wconf 86' lang='lat' dir='ltr'><strong>baberent,</strong></span> <span class='ocrx_word' id='word_1_232' title='bbox 885 3172 911 3216; x_wconf 90' lang='lat' dir='ltr'><em>et</em></span> <span class='ocrx_word' id='word_1_233' title='bbox 930 3180 979 3217; x_wconf 88' lang='lat' dir='ltr'><em>rex</em></span> <span class='ocrx_word' id='word_1_234' title='bbox 998 3163 1117 3219; x_wconf 89' lang='lat' dir='ltr'><strong>sublatus</strong></span> <span class='ocrx_word' id='word_1_235' title='bbox 1137 3173 1217 3231; x_wconf 87' lang='lat' dir='ltr'><strong>esset,</strong></span> 
     </span>
     <span class='ocr_line' id='line_1_29' title="bbox 119 3235 1218 3306; baseline -0.001 -19"><span class='ocrx_word' id='word_1_236' title='bbox 119 3238 166 3306; x_wconf 93' lang='lat' dir='ltr'><strong>qui</strong></span> <span class='ocrx_word' id='word_1_237' title='bbox 185 3242 331 3290; x_wconf 84' lang='lat' dir='ltr'><strong>exercitum</strong></span> <span class='ocrx_word' id='word_1_238' title='bbox 349 3240 440 3305; x_wconf 87' lang='lat' dir='ltr'><strong>gravis</strong></span> <span class='ocrx_word' id='word_1_239' title='bbox 464 3244 612 3287; x_wconf 88' lang='lat' dir='ltr'><strong>armaturae</strong></span> <span class='ocrx_word' id='word_1_240' title='bbox 632 3235 744 3289; x_wconf 87' lang='lat' dir='ltr'><strong>haberet</strong></span> <span class='ocrx_word' id='word_1_241' title='bbox 770 3236 893 3287; x_wconf 81' lang='lat' dir='ltr'><strong>mercede</strong></span> <span class='ocrx_word' id='word_1_242' title='bbox 920 3239 952 3288; x_wconf 91' lang='lat' dir='ltr'><strong>ad</strong></span> <span class='ocrx_word' id='word_1_243' title='bbox 971 3238 1103 3305; x_wconf 81' lang='lat' dir='ltr'><strong>myriades</strong></span> <span class='ocrx_word' id='word_1_244' title='bbox 1122 3253 1218 3291; x_wconf 88' lang='lat' dir='ltr'><strong>nume.</strong></span> 
     </span>
     <span class='ocr_line' id='line_1_30' title="bbox 117 3305 1256 3378; baseline 0.001 -18"><span class='ocrx_word' id='word_1_245' title='bbox 117 3316 214 3373; x_wconf 84' lang='lat' dir='ltr'><strong>ratum,</strong></span> <span class='ocrx_word' id='word_1_246' title='bbox 234 3326 347 3378; x_wconf 89' lang='lat' dir='ltr'><strong>cumque</strong></span> <span class='ocrx_word' id='word_1_247' title='bbox 365 3308 520 3360; x_wconf 80' lang='lat' dir='ltr'><strong>Bolaniates</strong></span> <span class='ocrx_word' id='word_1_248' title='bbox 548 3305 680 3359; x_wconf 76' lang='lat' dir='ltr'><strong>bellicose</strong></span> <span class='ocrx_word' id='word_1_249' title='bbox 700 3316 727 3359; x_wconf 94' lang='lat' dir='ltr'><em>et</em></span> <span class='ocrx_word' id='word_1_250' title='bbox 755 3310 860 3359; x_wconf 83' lang='lat' dir='ltr'><strong>fortiter</strong></span> <span class='ocrx_word' id='word_1_251' title='bbox 879 3311 1024 3361; x_wconf 89' lang='lat' dir='ltr'><strong>communis</strong></span> <span class='ocrx_word' id='word_1_252' title='bbox 1041 3310 1219 3363; x_wconf 87' lang='lat' dir='ltr'><strong>Romanorum</strong></span> <span class='ocrx_word' id='word_1_253' title='bbox 1252 3332 1256 3343; x_wconf 92' lang='lat'>·</span> 
     </span>
     <span class='ocr_line' id='line_1_31' title="bbox 118 3378 1218 3449; baseline 0 -16"><span class='ocrx_word' id='word_1_254' title='bbox 118 3380 213 3433; x_wconf 90' lang='lat' dir='ltr'><strong>salutis</strong></span> <span class='ocrx_word' id='word_1_255' title='bbox 232 3382 346 3433; x_wconf 87' lang='lat' dir='ltr'><strong>studium</strong></span> <span class='ocrx_word' id='word_1_256' title='bbox 361 3378 531 3446; x_wconf 78' lang='lat' dir='ltr'><strong>gubernaret,</strong></span> <span class='ocrx_word' id='word_1_257' title='bbox 551 3379 609 3429; x_wconf 89' lang='lat' dir='ltr'><strong>sine</strong></span> <span class='ocrx_word' id='word_1_258' title='bbox 629 3395 724 3431; x_wconf 86' lang='lat' dir='ltr'><strong>cruore</strong></span> <span class='ocrx_word' id='word_1_259' title='bbox 748 3381 833 3431; x_wconf 88' lang='lat' dir='ltr'><strong>omnis</strong></span> <span class='ocrx_word' id='word_1_260' title='bbox 860 3390 886 3433; x_wconf 92' lang='lat' dir='ltr'><em>et</em></span> <span class='ocrx_word' id='word_1_261' title='bbox 904 3382 963 3433; x_wconf 91' lang='lat' dir='ltr'><strong>sine</strong></span> <span class='ocrx_word' id='word_1_262' title='bbox 983 3381 1065 3433; x_wconf 88' lang='lat' dir='ltr'><strong>caede</strong></span> <span class='ocrx_word' id='word_1_263' title='bbox 1082 3382 1218 3449; x_wconf 83' lang='lat' dir='ltr'><strong>perlectus</strong></span> 
     </span>
     <span class='ocr_line' id='line_1_32' title="bbox 119 3451 1219 3523; baseline 0.002 -20"><span class='ocrx_word' id='word_1_264' title='bbox 119 3460 161 3503; x_wconf 87' lang='lat' dir='ltr'><em>est</em></span> <span class='ocrx_word' id='word_1_265' title='bbox 179 3455 283 3523; x_wconf 81' lang='lat' dir='ltr'><strong>exitus,</strong></span> <span class='ocrx_word' id='word_1_266' title='bbox 310 3452 348 3500; x_wconf 86' lang='lat' dir='ltr'><em>ita</em></span> <span class='ocrx_word' id='word_1_267' title='bbox 366 3457 395 3500; x_wconf 92' lang='lat' dir='ltr'><em>ut</em></span> <span class='ocrx_word' id='word_1_268' title='bbox 418 3465 453 3500; x_wconf 90' lang='lat' dir='ltr'><em>ne</em></span> <span class='ocrx_word' id='word_1_269' title='bbox 470 3465 552 3501; x_wconf 90' lang='lat' dir='ltr'><strong>nasus</strong></span> <span class='ocrx_word' id='word_1_270' title='bbox 578 3451 683 3517; x_wconf 88' lang='lat' dir='ltr'><strong>quidem</strong></span> <span class='ocrx_word' id='word_1_271' title='bbox 702 3451 855 3519; x_wconf 90' lang='lat' dir='ltr'><strong>cuiusquam</strong></span> <span class='ocrx_word' id='word_1_272' title='bbox 881 3452 1012 3520; x_wconf 77' lang='lat' dir='ltr'><strong>sanguine</strong></span> <span class='ocrx_word' id='word_1_273' title='bbox 1036 3455 1219 3520; x_wconf 74' lang='lat' dir='ltr'><strong>tingueretura</strong></span> 
     </span>
     <span class='ocr_line' id='line_1_33' title="bbox 117 3521 1220 3589; baseline -0.003 -17"><span class='ocrx_word' id='word_1_274' title='bbox 117 3522 145 3573; x_wconf 95' lang='lat' dir='ltr'><em>id</em></span> <span class='ocrx_word' id='word_1_275' title='bbox 165 3523 236 3589; x_wconf 89' lang='lat' dir='ltr'><strong>quod</strong></span> <span class='ocrx_word' id='word_1_276' title='bbox 255 3523 440 3572; x_wconf 83' lang='lat' dir='ltr'><strong>documentum</strong></span> <span class='ocrx_word' id='word_1_277' title='bbox 460 3522 518 3573; x_wconf 88' lang='lat' dir='ltr'><strong>eius</strong></span> <span class='ocrx_word' id='word_1_278' title='bbox 537 3521 598 3573; x_wconf 86' lang='lat' dir='ltr'><strong>fidei</strong></span> <span class='ocrx_word' id='word_1_279' title='bbox 618 3522 661 3572; x_wconf 81' lang='lat' dir='ltr'><em>dei</em></span> <span class='ocrx_word' id='word_1_280' title='bbox 683 3530 710 3573; x_wconf 91' lang='lat' dir='ltr'><em>et</em></span> <span class='ocrx_word' id='word_1_281' title='bbox 728 3524 834 3573; x_wconf 88' lang='lat' dir='ltr'><strong>divinae</strong></span> <span class='ocrx_word' id='word_1_282' title='bbox 854 3524 997 3575; x_wconf 69' lang='lat' dir='ltr'><strong>creationis</strong></span> <span class='ocrx_word' id='word_1_283' title='bbox 1024 3522 1102 3574; x_wconf 90' lang='lat' dir='ltr'><strong>buius</strong></span> <span class='ocrx_word' id='word_1_284' title='bbox 1122 3523 1220 3573; x_wconf 85' lang='lat' dir='ltr'><strong>certis.</strong></span> 
     </span>
     <span class='ocr_line' id='line_1_34' title="bbox 118 3592 1220 3660; baseline -0.003 -16"><span class='ocrx_word' id='word_1_285' title='bbox 118 3595 213 3644; x_wconf 86' lang='lat' dir='ltr'><strong>simum</strong></span> <span class='ocrx_word' id='word_1_286' title='bbox 233 3600 273 3643; x_wconf 91' lang='lat' dir='ltr'><em>est</em></span> <span class='ocrx_word' id='word_1_287' title='bbox 293 3599 320 3642; x_wconf 92' lang='lat' dir='ltr'><em>et</em></span> <span class='ocrx_word' id='word_1_288' title='bbox 337 3593 449 3652; x_wconf 82' lang='lat' dir='ltr'><strong>maxime</strong></span> <span class='ocrx_word' id='word_1_289' title='bbox 468 3594 622 3659; x_wconf 89' lang='lat' dir='ltr'><strong>proprium:</strong></span> <span class='ocrx_word' id='word_1_290' title='bbox 645 3594 691 3644; x_wconf 89' lang='lat' dir='ltr'><em>sed</em></span> <span class='ocrx_word' id='word_1_291' title='bbox 715 3608 806 3660; x_wconf 89' lang='lat' dir='ltr'><strong>regern</strong></span> <span class='ocrx_word' id='word_1_292' title='bbox 827 3594 919 3645; x_wconf 89' lang='lat' dir='ltr'><strong>habuit</strong></span> <span class='ocrx_word' id='word_1_293' title='bbox 937 3594 980 3644; x_wconf 91' lang='lat' dir='ltr'><em>dei</em></span> <span class='ocrx_word' id='word_1_294' title='bbox 999 3595 1089 3645; x_wconf 89' lang='lat' dir='ltr'><strong>matris</strong></span> <span class='ocrx_word' id='word_1_295' title='bbox 1107 3594 1135 3644; x_wconf 90' lang='lat' dir='ltr'><em>in</em></span> <span class='ocrx_word' id='word_1_296' title='bbox 1153 3592 1220 3643; x_wconf 87' lang='lat' dir='ltr'><strong>Bla.</strong></span> 
     </span>
     <span class='ocr_line' id='line_1_35' title="bbox 118 3663 1220 3732; baseline 0.002 -18"><span class='ocrx_word' id='word_1_297' title='bbox 118 3663 227 3715; x_wconf 93' lang='lat' dir='ltr'><strong>cbernis</strong></span> <span class='ocrx_word' id='word_1_298' title='bbox 251 3663 376 3730; x_wconf 88' lang='lat' dir='ltr'><strong>templum</strong></span> <span class='ocrx_word' id='word_1_299' title='bbox 406 3665 598 3716; x_wconf 88' lang='lat' dir='ltr'><strong>sanctissimum</strong></span> <span class='ocrx_word' id='word_1_300' title='bbox 619 3672 645 3715; x_wconf 86' lang='lat' dir='ltr'><em>et</em></span> <span class='ocrx_word' id='word_1_301' title='bbox 664 3666 798 3727; x_wconf 87' lang='lat' dir='ltr'><strong>servavit,</strong></span> <span class='ocrx_word' id='word_1_302' title='bbox 823 3674 963 3731; x_wconf 86' lang='lat' dir='ltr'><strong>postquam</strong></span> <span class='ocrx_word' id='word_1_303' title='bbox 994 3665 1021 3714; x_wconf 92' lang='lat' dir='ltr'><em>in</em></span> <span class='ocrx_word' id='word_1_304' title='bbox 1041 3678 1073 3715; x_wconf 89' lang='lat' dir='ltr'><em>eo</em></span> <span class='ocrx_word' id='word_1_305' title='bbox 1094 3664 1220 3732; x_wconf 84' lang='lat' dir='ltr'><strong>capillum</strong></span> 
     </span>
     <span class='ocr_line' id='line_1_36' title="bbox 119 3727 1220 3803; baseline 0.002 -17"><span class='ocrx_word' id='word_1_306' title='bbox 119 3744 147 3786; x_wconf 89' lang='lat' dir='ltr'><em>et</em></span> <span class='ocrx_word' id='word_1_307' title='bbox 169 3742 290 3786; x_wconf 90' lang='lat' dir='ltr'><strong>ornatum</strong></span> <span class='ocrx_word' id='word_1_308' title='bbox 309 3736 445 3801; x_wconf 74' lang='lat' dir='ltr'><strong>deposuitr</strong></span> <span class='ocrx_word' id='word_1_309' title='bbox 465 3727 629 3803; x_wconf 79' lang='lat' dir='ltr'><strong>logothetam</strong></span> <span class='ocrx_word' id='word_1_310' title='bbox 655 3743 744 3785; x_wconf 82' lang='lat' dir='ltr'><strong>auteur</strong></span> <span class='ocrx_word' id='word_1_311' title='bbox 762 3744 788 3785; x_wconf 87' lang='lat' dir='ltr'><em>et</em></span> <span class='ocrx_word' id='word_1_312' title='bbox 807 3737 864 3787; x_wconf 89' lang='lat' dir='ltr'><strong>eius</strong></span> <span class='ocrx_word' id='word_1_313' title='bbox 892 3743 1117 3803; x_wconf 85' lang='lat' dir='ltr'><strong>propugnatorem</strong></span> <span class='ocrx_word' id='word_1_314' title='bbox 1134 3738 1220 3791; x_wconf 83' lang='lat' dir='ltr'><strong>Davi-</strong></span> 
     </span>
     <span class='ocr_line' id='line_1_37' title="bbox 118 3806 1220 3875; baseline 0 -17"><span class='ocrx_word' id='word_1_315' title='bbox 118 3808 179 3858; x_wconf 87' lang='lat' dir='ltr'><em>dem</em></span> <span class='ocrx_word' id='word_1_316' title='bbox 198 3808 245 3873; x_wconf 90' lang='lat' dir='ltr'><strong>qui</strong></span> <span class='ocrx_word' id='word_1_317' title='bbox 270 3808 357 3874; x_wconf 84' lang='lat' dir='ltr'><strong>magni</strong></span> <span class='ocrx_word' id='word_1_318' title='bbox 379 3809 536 3858; x_wconf 84' lang='lat' dir='ltr'><strong>societatum</strong></span> <span class='ocrx_word' id='word_1_319' title='bbox 555 3807 629 3858; x_wconf 91' lang='lat' dir='ltr'><strong>ducis</strong></span> <span class='ocrx_word' id='word_1_320' title='bbox 650 3806 778 3857; x_wconf 89' lang='lat' dir='ltr'><strong>habuerat</strong></span> <span class='ocrx_word' id='word_1_321' title='bbox 803 3806 930 3869; x_wconf 83' lang='lat' dir='ltr'><strong>cilicium,</strong></span> <span class='ocrx_word' id='word_1_322' title='bbox 951 3808 995 3873; x_wconf 91' lang='lat' dir='ltr'><strong>qui</strong></span> <span class='ocrx_word' id='word_1_323' title='bbox 1024 3808 1128 3875; x_wconf 87' lang='lat' dir='ltr'><strong>quidem</strong></span> <span class='ocrx_word' id='word_1_324' title='bbox 1145 3810 1220 3860; x_wconf 89' lang='lat' dir='ltr'><strong>iussu</strong></span> 
     </span>
     <span class='ocr_line' id='line_1_38' title="bbox 116 3876 1219 3947; baseline 0 -18"><span class='ocrx_word' id='word_1_325' title='bbox 116 3876 274 3945; x_wconf 76' lang='lat' dir='ltr'><strong>logothetae</strong></span> <span class='ocrx_word' id='word_1_326' title='bbox 307 3894 432 3929; x_wconf 85' lang='lat' dir='ltr'><strong>summum</strong></span> <span class='ocrx_word' id='word_1_327' title='bbox 457 3879 611 3945; x_wconf 82' lang='lat' dir='ltr'><strong>pontificem</strong></span> <span class='ocrx_word' id='word_1_328' title='bbox 638 3894 653 3928; x_wconf 89' lang='lat' dir='ltr'><strong>a</strong></span> <span class='ocrx_word' id='word_1_329' title='bbox 690 3886 781 3929; x_wconf 88' lang='lat' dir='ltr'><strong>sancta</strong></span> <span class='ocrx_word' id='word_1_330' title='bbox 811 3893 902 3929; x_wconf 84' lang='lat' dir='ltr'><strong>mensa</strong></span> <span class='ocrx_word' id='word_1_331' title='bbox 935 3880 962 3928; x_wconf 94' lang='lat' dir='ltr'><em>in</em></span> <span class='ocrx_word' id='word_1_332' title='bbox 991 3893 1036 3931; x_wconf 87' lang='lat' dir='ltr'><em>ara</em></span> <span class='ocrx_word' id='word_1_333' title='bbox 1072 3880 1219 3947; x_wconf 87' lang='lat' dir='ltr'><strong>sapientiae</strong></span> 
     </span>
     <span class='ocr_line' id='line_1_39' title="bbox 116 3948 1219 4016; baseline -0.004 -16"><span class='ocrx_word' id='word_1_334' title='bbox 116 3950 202 4000; x_wconf 84' lang='lat' dir='ltr'><strong>divini</strong></span> <span class='ocrx_word' id='word_1_335' title='bbox 230 3949 306 4001; x_wconf 85' lang='lat' dir='ltr'><strong>verbi</strong></span> <span class='ocrx_word' id='word_1_336' title='bbox 331 3951 358 4001; x_wconf 88' lang='lat' dir='ltr'><em>vi</em></span> <span class='ocrx_word' id='word_1_337' title='bbox 378 3951 512 4013; x_wconf 84' lang='lat' dir='ltr'><strong>detraxit,</strong></span> <span class='ocrx_word' id='word_1_338' title='bbox 543 3948 617 4001; x_wconf 92' lang='lat' dir='ltr'><strong>nulla</strong></span> <span class='ocrx_word' id='word_1_339' title='bbox 646 3950 737 4000; x_wconf 81' lang='lat' dir='ltr'><strong>diuina</strong></span> <span class='ocrx_word' id='word_1_340' title='bbox 765 3948 856 3999; x_wconf 84' lang='lat' dir='ltr'><strong>domus</strong></span> <span class='ocrx_word' id='word_1_341' title='bbox 888 3951 994 4016; x_wconf 86' lang='lat' dir='ltr'><strong>excepit</strong></span> <span class='ocrx_word' id='word_1_342' title='bbox 1022 3958 1049 4003; x_wconf 89' lang='lat' dir='ltr'><em>et</em></span> <span class='ocrx_word' id='word_1_343' title='bbox 1076 3952 1144 4003; x_wconf 83' lang='lat' dir='ltr'><strong>texit</strong></span> <span class='ocrx_word' id='word_1_344' title='bbox 1175 3949 1219 4000; x_wconf 88' lang='lat' dir='ltr'><em>in.</em></span> 
     </span>
     <span class='ocr_line' id='line_1_40' title="bbox 116 4019 1220 4092; baseline -0.002 -21"><span class='ocrx_word' id='word_1_345' title='bbox 116 4029 173 4073; x_wconf 83' lang='lat' dir='ltr'><strong>tus:</strong></span> <span class='ocrx_word' id='word_1_346' title='bbox 193 4022 275 4073; x_wconf 82' lang='lat' dir='ltr'><strong>veriti</strong></span> <span class='ocrx_word' id='word_1_347' title='bbox 298 4021 367 4073; x_wconf 89' lang='lat' dir='ltr'><strong>enirn</strong></span> <span class='ocrx_word' id='word_1_348' title='bbox 392 4030 453 4073; x_wconf 79' lang='lat' dir='ltr'><strong>sunt</strong></span> <span class='ocrx_word' id='word_1_349' title='bbox 477 4021 605 4072; x_wconf 90' lang='lat' dir='ltr'><strong>accedere</strong></span> <span class='ocrx_word' id='word_1_350' title='bbox 632 4019 659 4072; x_wconf 82' lang='lat' dir='ltr'><em>et</em></span> <span class='ocrx_word' id='word_1_351' title='bbox 682 4020 895 4088; x_wconf 86' lang='lat' dir='ltr'><strong>appropinquare</strong></span> <span class='ocrx_word' id='word_1_352' title='bbox 925 4020 996 4087; x_wconf 86' lang='lat' dir='ltr'><strong>illis,</strong></span> <span class='ocrx_word' id='word_1_353' title='bbox 1024 4036 1131 4092; x_wconf 89' lang='lat' dir='ltr'><strong>quarum</strong></span> <span class='ocrx_word' id='word_1_354' title='bbox 1151 4034 1220 4071; x_wconf 90' lang='lat' dir='ltr'><strong>con.</strong></span> 
     </span>
     <span class='ocr_line' id='line_1_41' title="bbox 118 4091 1219 4160; baseline 0 -17"><span class='ocrx_word' id='word_1_355' title='bbox 118 4093 194 4158; x_wconf 78' lang='lat' dir='ltr'><strong>iugio</strong></span> <span class='ocrx_word' id='word_1_356' title='bbox 213 4091 345 4159; x_wconf 74' lang='lat' dir='ltr'><strong>aliis,ipsi</strong></span> <span class='ocrx_word' id='word_1_357' title='bbox 369 4093 578 4157; x_wconf 82' lang='lat' dir='ltr'><strong>interdixerant,</strong></span> <span class='ocrx_word' id='word_1_358' title='bbox 605 4101 632 4144; x_wconf 94' lang='lat' dir='ltr'><em>et</em></span> <span class='ocrx_word' id='word_1_359' title='bbox 649 4094 677 4143; x_wconf 96' lang='lat' dir='ltr'><em>in</em></span> <span class='ocrx_word' id='word_1_360' title='bbox 697 4108 762 4160; x_wconf 87' lang='lat' dir='ltr'><strong>quas</strong></span> <span class='ocrx_word' id='word_1_361' title='bbox 788 4092 937 4159; x_wconf 86' lang='lat' dir='ltr'><strong>superbiam</strong></span> <span class='ocrx_word' id='word_1_362' title='bbox 959 4102 987 4145; x_wconf 86' lang='lat' dir='ltr'><em>et</em></span> <span class='ocrx_word' id='word_1_363' title='bbox 1005 4093 1120 4145; x_wconf 86' lang='lat' dir='ltr'><strong>dedecus</strong></span> <span class='ocrx_word' id='word_1_364' title='bbox 1138 4093 1219 4159; x_wconf 87' lang='lat' dir='ltr'><strong>impia</strong></span> 
     </span>
     <span class='ocr_line' id='line_1_42' title="bbox 116 4162 1218 4235; baseline 0.002 -20"><span class='ocrx_word' id='word_1_365' title='bbox 116 4162 230 4221; x_wconf 79' lang='lat' dir='ltr'><strong>audacie</strong></span> <span class='ocrx_word' id='word_1_366' title='bbox 248 4165 410 4220; x_wconf 77' lang='lat' dir='ltr'><strong>effuderant:</strong></span> <span class='ocrx_word' id='word_1_367' title='bbox 430 4165 477 4220; x_wconf 90' lang='lat' dir='ltr'><em>sed</em></span> <span class='ocrx_word' id='word_1_368' title='bbox 497 4179 580 4235; x_wconf 89' lang='lat' dir='ltr'><strong>equos</strong></span> <span class='ocrx_word' id='word_1_369' title='bbox 599 4164 776 4220; x_wconf 84' lang='lat' dir='ltr'><strong>ascendentes</strong></span> <span class='ocrx_word' id='word_1_370' title='bbox 805 4180 865 4221; x_wconf 86' lang='lat' dir='ltr'><em>cum</em></span> <span class='ocrx_word' id='word_1_371' title='bbox 882 4166 975 4235; x_wconf 84' lang='lat' dir='ltr'><strong>paucis</strong></span> <span class='ocrx_word' id='word_1_372' title='bbox 993 4178 1101 4222; x_wconf 86' lang='lat' dir='ltr'><strong>suorum</strong></span> <span class='ocrx_word' id='word_1_373' title='bbox 1119 4164 1151 4220; x_wconf 83' lang='lat' dir='ltr'><strong>ad</strong></span> <span class='ocrx_word' id='word_1_374' title='bbox 1169 4178 1218 4217; x_wconf 89' lang='lat' dir='ltr'><strong>oc·</strong></span> 
     </span>
    </p>
   </div>
   <div class='ocr_carea' id='block_1_6' title="bbox 0 0 1443 4734">
    <p class='ocr_par' dir='ltr' id='par_1_6' title="bbox 0 0 1443 4734">
     <span class='ocr_line' id='line_1_43' title="bbox 0 0 1443 4734; baseline 0 0"><span class='ocrx_word' id='word_1_375' title='bbox 0 0 1443 4734; x_wconf 95' lang='lat' dir='ltr'><em> </em></span> 
     </span>
    </p>
   </div>
  </div>
 </body>
</html>
