2875 4734
96 255 104 315 ³
213 288 220 297 ·
526 261 782 331 Γιιιυίοιυι.Δ
1027 234 1036 248 ’
1128 260 1204 336 eoa

104 435 287 515 ’κομίσαντες
314 432 435 496 πλοῦν·
477 431 533 493 καί
563 426 597 491 εδ
620 425 783 509 βασιλειαν
801 426 947 515 ’διάδημα
975 434 1010 499 δα
1030 439 1122 517 δείας
1141 443 1207 526 χά.

104 559 189 622 ριςος
209 530 432 617 λαεβραβευθη
442 554 512 613 μοι,
535 532 591 593 καί
610 527 629 611 ἦ
653 532 709 591 sori
738 532 817 592 deod
836 536 938 613 κρίσις
960 526 1022 619 ἤδη
1042 536 1095 604 τὸν
1117 538 1207 627 ἐλεγ-

103 661 162 721 χον
182 638 237 701 καί
256 632 291 699 εδ
316 634 513 712 α’ποτίλεσμα
534 632 590 713 τῆς
610 626 804 715 ἀποφάσεως
833 635 959 699 δέδωκε.
1003 637 1043 701 oo*
1070 642 1105 705 δὲ
1127 669 1205 726 προ·
1267 720 1269 725 ,
1346 712 1349 716 ,

104 736 199 822 σεχὴς
220 735 260 822 τῇ
279 735 494 819 βασιλευούσῃ
514 726 691 813 τυγχάνων,
714 728 769 794 καί
784 730 836 795 διδ
860 736 918 797 τοῦ
940 735 1024 802 ἰδίου
1047 740 1206 807 αὖτοδίλ-

76 860 168 925 ςφου
190 834 341 914 δυνάμεις
370 828 599 916 στρατιωτικὰς
632 826 802 915 ἐπιστήσας
835 833 916 921 αὐτῇ
945 840 1119 904 καὶπολλὰ
1140 847 1206 907 θυ-

103 935 274 1021 ρανλῆσας,
294 938 334 999 ου’
354 930 449 1016 μόνον
466 930 592 1011 α’νδξιος
613 935 742 1015 εἰιρίδης
757 935 814 996 τοῦ
834 935 1027 1022 πράγματος,
1049 938 1129 1004 ἄλλα
1150 949 1207 1011 καί

101 1032 234 1123 ὕβρεσιν
253 1035 434 1120 ἧιιμδσδης
453 1039 586 1107 πολλαῖς
609 1034 665 1097 καί
684 1036 864 1115 παροινίους
877 1032 1028 1120 hottepe·
1047 1040 1103 1104 καί
1124 1042 1203 1109 κατὰ

100 1140 194 1204 τοῦτο
221 1140 279 1200 ουίι
302 1133 366 1200 ἔδει
389 1157 425 1200 σε
450 1130 531 1213 μετὰ
553 1131 609 1215 τὴν
642 1129 721 1215 ε’μὴν
752 1130 961 1217 ἀναγόρευσιν
992 1136 1031 1203 τοὶ
1065 1144 1204 1224 κρίματα

100 1241 157 1305 τοῦ
178 1239 256 1303 θεοῦ
278 1226 528 1318 ιιαεαιδεσδῆναι
550 1237 604 1299 καί
620 1236 807 1314 συμβαλεῖν,
829 1239 884 1299 καί
906 1235 1141 1322 διανοήσασδαι
1163 1239 1202 1309 ιδ

54 1368 90 1423 10
99 1332 330 1424 συμβεβηκότα,
353 1331 403 1399 δτι
425 1334 504 1418 ὑπὲρ
529 1334 732 1418 ἀνθρωπίνην
751 1333 832 1398 εἰσίν
850 1330 966 1417 ι’σχιῖνς
986 1338 1055 1401 ἀλλ’
1077 1337 1205 1425 tetreq-

94 1427 158 1516 σας
180 1442 236 1504 καί
255 1433 336 1502 κατὰ
351 1437 413 1501 τοῖν
425 1436 620 1517 δεδογμένων
636 1432 722 1522 edepl
742 1437 783 1521 τῷ
805 1438 870 1522 θεῷ
885 1435 940 1499 καί
958 1443 1026 1502 κατ’
1046 1442 1127 1519 ἐμοῦ
1148 1439 1206 1505 sod

99 1544 176 1622 παρ’
197 1539 317 1603 ἐκείνου
338 1536 596 1618 προβεβλημένου
624 1532 679 1596 καί
698 1533 801 1617 πάσης
830 1533 910 1615 ὁμοῦ
933 1539 989 1620 τῆς
1009 1538 1205 1616 βασιλευού-

100 1664 167 1726 σης,
185 1641 240 1704 καί
260 1632 344 1713 ὅπλα
361 1633 539 1720 ἐτόλμησας
554 1626 645 1719 ἆραι,
667 1632 724 1697 καί
744 1628 956 1718 strepentem
976 1642 1103 1721 σαρκῶν
1125 1638 1203 1703 α’πο-

101 1742 282 1826 γεύσασθαι
305 1737 479 1820 διεσκέψω,
501 1733 555 1798 καί
575 1731 738 1816 δεδμαχος
768 1737 800 1799 ἐν
821 1732 960 1823 τοσούτῳ
980 1742 1129 1822 γενέσθαι
1150 1747 1206 1807 καί

55 1843 154 1925 ςςπῆς
185 1838 274 1924 λερᾶς
298 1834 479 1920 συγκλήτου
511 1839 567 1912 ναί
594 1835 647 1920 τῆς
668 1832 806 1900 συνόδου
833 1841 981 1917 πολέμιος
1001 1841 1057 1902 καί
1078 1837 1204 1907 πάντων

100 1939 164 2005 τῶν
185 1926 470 2022 πειθαργησοίνεαν
492 1944 558 2011 τοῖς
581 1938 681 2008 θείοις
700 1932 812 2014 νόμοις
832 1933 888 1999 καί
905 1940 1065 2019 κρίμασιν.
1098 1935 1124 2003 ιδ
1150 1945 1204 2024 τῆς

99 2039 211 2113 α’νοίοις
236 2040 291 2122 τῆς
320 2040 398 2119 σῆς,
421 2030 471 2101 δἐι
501 2038 583 2121 μηδὲ
607 2032 641 2099 ιδ
667 2034 840 2117 πρόχειρον
870 2040 965 2101 τοῦτο
993 2042 1129 2122 συνῆκας
1151 2044 1204 2107 καί

100 2138 311 2223 κατενόησας,
345 2136 388 2213 ὥς
424 2134 459 2201 ιδ
482 2136 637 2225 ᾀδόμενον
665 2143 822 2219 στοιχεῖον
845 2135 879 2201 εδ
911 2142 944 2201 Ν
967 2138 1086 2202 ἁπλοῦν
1106 2136 1203 2218 μόνον

99 2244 152 2305 ναί
172 2238 211 2301 οδ
229 2240 361 2303 διπλοῦν
390 2246 456 2314 τοϊς
490 2239 592 2301 ταῦτα
619 2240 872 2302 κατασκοπσῦσιιι
899 2238 1092 2322 εδρι’σκειο.”
1143 2242 1199 2303 καί

53 2337 201 2429 wecil&
236 2335 330 2420 ἕτερα
352 2338 576 2422 δημηγορήσας
592 2331 763 2421 εδρυυδςδ
786 2336 923 2421 κρατῶν,
949 2341 1005 2403 καί
1025 2344 1202 2423 καταγνοὺς

99 2436 216 2508 τούτου
235 2436 368 2523 μακρὰν
390 2436 445 2521 τὴν
465 2435 642 2521 scisitatus,
663 2437 819 2502 δπίλυσεν
843 2437 939 2503 αυέδν
960 2442 1005 2515 εἰς
1025 2438 1081 2504 eds
1103 2466 1203 2506 κατα-

102 2544 254 2623 γέλαστον
274 2538 434 2622 δριλιμβον
454 2535 534 2619 μετὰ
556 2538 620 2602 τῶν
641 2535 776 2622 πρώτων
798 2544 852 2625 τῆς
875 2542 1057 2624 συμμορίας
1079 2541 1201 2607 αδτιὸν.

191 2633 321 2725 Ἕτερον
352 2642 387 2705 tt
411 2642 525 2706 ου’δὲνα
551 2644 614 2704 τῶν
637 2632 741 2705 ἄλλων
772 2642 812 2704 δι’
835 2642 967 2722 αἵματος
989 2640 1136 2725 η’νδσχιιο
1158 2667 1228 2715 ra,

100 2744 251 2828 μαρῆσαι
283 2740 490 2823 tenuitate,
523 2738 604 2805 ἀλλὰ
628 2743 684 2807 καί
701 2744 824 2824 μᾶλλον
846 2740 971 2809 ἰσόθεον
991 2746 1122 2830 πρᾶγμα
1145 2768 1204 2809 πε-

102 3022 202 3077 dleium
221 3022 272 3073 iam
291 3022 477 3075 documentum
497 3030 525 3074 et
543 3028 667 3074 eventum
686 3021 837 3072 sententiae
856 3020 942 3084 dedit,
962 3028 991 3072 tu
1010 3022 1203 3075 eontrainten.

102 3103 146 3147 tus
164 3095 258 3164 regiae
278 3102 304 3146 et
322 3110 371 3163 per
391 3095 498 3147 fratrem
516 3095 603 3159 ipsam
621 3105 713 3142 manus
731 3089 862 3141 militares
880 3091 1019 3157 imponens
1040 3093 1064 3143 ei
1087 3100 1113 3143 et
1131 3093 1204 3144 mul.

103 3177 159 3220 tum
180 3165 229 3217 suls
249 3165 292 3217 dio
312 3174 453 3226 versatus,
479 3178 533 3213 non
558 3160 645 3213 solnm
664 3161 790 3228 indignus
810 3162 940 3213 iudicatus
962 3177 990 3213 es
1009 3179 1039 3214 re
1058 3163 1105 3214 sed
1125 3164 1204 3215 etiam

102 3237 229 3304 superbia
256 3238 400 3305 neglectus
427 3249 455 3284 es
480 3232 578 3297 malta,
607 3241 633 3283 et
660 3232 764 3284 insanie
787 3232 858 3285 ictus
883 3248 929 3283 es:
955 3240 1035 3300 atque
1060 3241 1204 3301 propterea

102 3323 194 3361 nonne
213 3309 331 3375 oportuit
345 3314 372 3356 te
392 3310 454 3371 post
470 3318 555 3354 meam
573 3303 799 3354 renuntiationem
810 3304 909 3355 iudicia
927 3305 970 3355 dei
988 3308 1078 3357 vereri
1089 3313 1116 3356 et
1135 3321 1203 3375 cog.

102 3394 217 3433 noscere
238 3386 265 3429 et
283 3377 403 3443 cogitare
422 3374 492 3425 laeta
509 3389 589 3441 supra
607 3374 742 3425 hominum
763 3390 823 3427 esse
840 3377 1005 3442 potentiam:
1024 3379 1071 3429 sed
1099 3378 1203 3427 insani.

102 3452 167 3504 visti
187 3460 213 3501 et
232 3456 325 3499 contre
344 3462 391 3511 ea,
416 3460 485 3514 quee
510 3453 606 3497 statuta
633 3455 709 3498 erent
734 3446 767 3497 ab
788 3448 846 3514 ipso
872 3447 932 3511 deo,
954 3456 980 3498 et
999 3456 1090 3499 eontra
1109 3463 1151 3498 me
1170 3448 1202 3498 ab

102 3522 152 3575 illo
173 3525 289 3571 ereetum
309 3526 336 3573 et
359 3526 450 3569 contra
478 3513 559 3569 totam
586 3517 665 3570 simul
684 3518 802 3586 regiam,
824 3527 850 3569 et
868 3534 939 3569 arma
958 3535 1039 3570 ausus
1058 3534 1087 3570 es
1107 3532 1204 3583 cepere

104 3602 132 3645 et
148 3591 282 3642 hominum
309 3589 430 3640 carnibus
458 3588 511 3640 isui
538 3588 649 3641 voluisti
676 3597 703 3640 et
730 3590 780 3640 deo
809 3590 977 3643 adversarius
1005 3590 1071 3641 adeo
1099 3588 1157 3640 deri
1178 3595 1204 3639 et

102 3664 189 3720 sancti
203 3669 351 3712 conventus
371 3669 397 3712 et
414 3655 523 3712 concilii
541 3660 626 3713 hostis
646 3669 673 3713 et
687 3663 813 3725 omnium,
832 3663 877 3730 qui
899 3668 1024 3726 parerent
1042 3660 1140 3711 divinis
1159 3659 1204 3711 le.

102 3735 181 3806 gibus
201 3740 228 3784 et
245 3733 368 3784 iudiciis:
398 3732 451 3783 hen
470 3733 672 3798 imprudentiam
693 3740 783 3795 tuam,
805 3732 875 3800 quod
894 3746 928 3781 ne
947 3738 1077 3797 promtum
1098 3730 1203 3798 quidem

102 3810 155 3861 hoe
174 3803 334 3856 intellexisti
353 3810 380 3855 et
397 3797 622 3866 animadvertisti,
642 3804 806 3859 decantatam
825 3801 966 3855 literamll
986 3799 1133 3869 simplicem
1155 3818 1204 3855 so.

102 3881 168 3942 lum,
187 3891 275 3943 neque
294 3874 427 3941 duplicem
438 3873 502 3925 talia
515 3874 703 3926 meditantibus
722 3875 847 3925 inveniri.
867 3882 946 3941 atque
965 3881 1103 3941 postquam
1121 3874 1204 3925 multa

103 3950 157 4003 alia
171 3947 277 4000 locutus
298 3954 338 3997 est
355 3946 496 4013 ingeniose
511 3947 656 4011 imperator
673 3953 700 3996 et
716 3945 889 4012 reprehendit
906 3945 984 3997 huius
996 3961 1117 4015 magnam
1137 3946 1203 3997 sim.

102 4021 261 4089 plicitatem‚
280 4017 379 4070 dimisit
398 4032 457 4068 eum
476 4017 509 4067 ad
527 4016 669 4068 ridiculum
687 4014 848 4082 triumphum
868 4032 926 4067 cum
945 4016 1109 4084 principibus
1129 4014 1203 4068 elas-

103 4108 140 4147 ειι
159 4106 226 4143 erus.

133 4238 138 4249 Ι
194 4179 284 4232 Alium
303 4184 389 4229 autem
400 4174 503 4231 nnllam
521 4178 592 4230 inter
607 4185 713 4232 ceteros
724 4178 854 4247 sanguine
872 4174 1019 4232 sustinebat
1037 4173 1131 4229 ulcisci
1148 4186 1207 4241 rex,
