2875 4734
218 244 295 321 Μ
451 242 735 317 alcuinus
764 237 1025 311 affiniores.
1055 235 1059 243 ’

218 426 296 503 κως,
318 422 362 508 roi
384 415 497 541 φθένηι
519 414 582 480 και
593 421 633 501 τῇ
656 376 829 503 κακοηθείᾳ
860 440 905 537 μη
927 412 1082 497 προτιμᾶν
1102 407 1136 474 τὸ
1157 353 1323 493 coppinos

218 520 322 600 εἰδάς,
344 544 397 583 και
420 520 569 635 τιμωραῖν
588 518 776 638 ἐπισφαλῶς
798 515 854 579 τὸν
874 514 1013 636 άκρίτην,
1034 508 1067 575 ἐν
1087 534 1173 575 ουτω
1197 508 1322 590 συγχέ-

185 598 197 620 ’
217 625 347 685 ostrado
376 614 571 702 πραγμάτων
590 616 818 739 υσαρχόντων,
846 617 901 678 καί
920 610 980 694 nod
1014 636 1068 674 τοο
1054 610 1205 674 δοῦναι
1230 606 1323 689 λόγον

217 725 273 804 τῆς
295 710 514 801 διοικήσεως),
545 719 600 800 τῆς
622 718 721 801 αὐτῆς
744 715 872 790 ἐκείνοις
899 716 1016 796 βουλῆς
1046 714 1100 775 καί
1124 708 1250 793 γνάμης
1270 708 1324 773 dns

217 817 393 903 συνθήκαις
434 817 490 883 καί
521 813 627 903 ὅρκοις
655 814 801 893 κοινωνὸς
823 812 1038 900 ἐχρημάτισε,
1075 812 1130 876 καί
1159 808 1238 894 πρὸς
1263 809 1350 885 τάς5

218 920 387 1002 ὁμολογίας
409 922 530 995 ταύτας
551 921 607 981 καί
624 916 659 983 τά
682 943 745 982 των
765 916 976 993 Πατζινάιιων
1006 912 1099 991 ἔθνος
1118 910 1324 993 συναρμοσά-

218 1044 311 1104 μενος
337 1026 485 1101 πολεμειν
506 1026 570 1093 τοῖς
588 1014 758 1099 Ρωμαιοες
785 1018 851 1097 μετ’
874 1018 978 1080 αὐτῶν
1008 1015 1155 1134 α’σσόνδτρ
1177 1016 1215 1100 τῇ
1234 1008 1323 1099 μάχη

219 1123 382 1189 συνέθετο.
421 1112 638 1204 συγκινὴσεως
663 1141 719 1181 ουν
740 1122 904 1203 γενομένης
925 1115 1091 1199 τοιαύτης,
1115 1112 1153 1179 τά
1177 1138 1249 1197 τιερι
1270 1112 1322 1176 τὸν

220 1220 357 1301 πόλεμον
385 1244 437 1285 και
466 1218 524 1303 τήν
558 1221 614 1303 τῆς
640 1218 820 1301 Ῥωμαῖκῆς
853 1214 964 1301 χώρας
1000 1213 1178 1300 ἑτιιίρομην
1215 1213 1324 1309 αὐτοῖς

221 1321 395 1406 έξηρτάετο.
428 1319 435 1338 ¹
1189 1352 1192 1358 ·
1335 1315 1370 1369 10

317 1420 366 1486 Ἐν
388 1424 425 1487 δὲ
454 1423 498 1509 spi
518 1423 605 1508 μέσην
637 1424 697 1483 τοῦ
712 1419 895 1485 Ῥουσελίον
923 1425 989 1492 τοῖς
1014 1417 1167 1501 Τοάρκοις
1191 1439 1325 1498 κατεχο-

222 1527 344 1605 μένου,
377 1520 499 1604 πολλὴν
527 1516 542 1584 ὅ
564 1520 720 1614 πρόεδρος
742 1521 879 1598 Ἀλέξιος
900 1515 1068 1603 ἐνιοιὴσατο
1099 1518 1153 1603 την
1173 1515 1324 1601 σπουδήν,

222 1628 266 1712 τῷ
286 1626 411 1710 κάστρφ
432 1624 487 1703 τῆς
506 1622 682 1701 Ἀμασείας
712 1621 931 1701 ένὸιατριβων,
961 1618 1021 1683 aiud
1047 1619 1103 1703 τήν
1128 1622 1214 1707 ι’θιάν
1231 1624 1326 1701 χεῖρα

222 1723 335 1787 τοῦτον
356 1723 567 1803 ποιήσασθαι.
618 1719 673 1783 καί
700 1723 807 1799 μέντοι
829 1720 885 1783 καί
908 1719 1069 1785 ταλάντων
1091 1715 1208 1785 ἱκάνων
1229 1743 1327 1803 τιμη-

186 1831 190 1840 “
213 1826 369 1905 ’σαμένων
384 1825 445 1887 τάν
461 1822 610 1907 Τοάρκων
623 1819 679 1887 adv
697 1821 888 1902 Ῥουσέλιον,
908 1824 945 1907 τῇ
965 1824 1127 1908 καταβολῇ
1148 1824 1211 1887 τάν
1225 1824 1327 1885 α’σαι-
1338 1822 1372 1875 15

110 1954 120 1964 ’·
177 1940 180 1943 ’
223 1928 384 2004 τουμένων
407 1916 500 1987 ὤνιον
521 1921 621 1987 αὐτὸν
642 1924 856 2005 ἀπειργάσατο
887 1921 940 1986 καί
961 1920 1026 2005 dud
1053 1919 1110 2006 τὴν
1134 1925 1218 1987 ι’δίαν
1240 1921 1328 2007 ὑπη-

149 2080 153 2084 ,
224 2023 334 2109 γάγετο
354 2031 470 2106 χεῖρα,
498 2023 557 2087 καί
576 2026 821 2107 σιέηροιλέσμιον
844 2022 1013 2108 άττοθείξας
1046 2022 1099 2087 διὰ
1123 2026 1239 2107 πολλῆς
1259 2016 1328 2104 εἶχε

225 2128 281 2189 καί
300 2119 461 2208 α’γράττνυο
485 2129 541 2208 τῆς
565 2128 720 2210 φυλακῆς.
774 2116 841 2189 εἶτα
864 2128 994 2205 πέμψας
1012 2123 1146 2208 γράμμα
1169 2122 1248 2209 πρὸς
1270 2124 1329 2187 τὸν

224 2230 382 2309 βασιλέα,
409 2231 465 2292 καί
493 2229 571 2310 παρ’
593 2225 713 2291 ε’κείνου
746 2223 841 2289 πάλιν
863 2226 1041 2307 δεξάμενος,
1062 2224 1116 2289 διὰ
1134 2226 1188 2308 τῆς
1210 2229 1328 2289 Ποντι.

225 2328 284 2408 κῆς
304 2325 471 2412 θαλάσσης
496 2322 709 2408 έτιεαορεάθη,
734 2328 790 2389 καί
811 2328 921 2390 τοῦτον
950 2328 996 2399 είς
1018 2325 1076 2407 τήν
1093 2322 1330 2405 βασιλεύουσαν
1339 2328 1375 2385 20

226 2425 309 2507 μετά
344 2430 398 2509 τῆς
431 2413 729 2511 αὖτῆςρτιοέοκάκης
756 2424 931 2510 εἰσήγαγεν.
980 2425 997 2489 o‘
1030 2426 1067 2489 δὲ
1100 2424 1251 2506 βασιλεάς
1282 2420 1328 2505 μὴ

227 2528 424 2609 προθέμενος
455 2528 502 2603 εἷς
524 2520 600 2608 ὄψιν
622 2522 743 2590 ἑαυτοῦ
770 2524 824 2591 καί
842 2530 922 2590 θέαν
942 2529 1054 2591 τοῦτον
1085 2528 1201 2604 tadeo,
1223 2524 1280 2589 καί
1296 2546 1328 2589 τι

227 2630 283 2691 καί
302 2630 546 2705 βουλεύσασθαι
567 2630 736 2713 βασιλικῆς
757 2626 954 2705 ἀνεξικακίας
973 2628 1028 2691 κατ’
1045 2622 1331 2713 μεγαλοφροσύνης

299 2802 326 2856 2.
345 2816 388 2855 an·
399 2801 538 2876 ἄκριτονλ
555 2812 617 2873 post
635 2802 709 2860 οὕτω
728 2804 773 2859 vel
791 2805 899 2879 μεγάλη
918 2802 994 2859 deest
1012 2805 1058 2859 vel
1075 2792 1164 2859 simile
1182 2803 1253 2873 quid.

228 2964 360 3034 pravitate
378 2967 515 3035 respicere
534 2967 678 3020 utilitatem
695 2969 821 3022 nesciens
841 2976 867 3021 et
886 2984 1034 3038 exsequens
1053 2968 1233 3039 periculose
1225 2982 1267 3019 rus
1286 2968 1331 3018 iu.

229 3039 293 3090 dieii
315 3038 482 3104 violatum,'
473 3056 502 3091 ru
521 3048 593 3093 tauta
611 3042 771 3093 contusione
790 3039 870 3092 rebus
890 3040 1058 3094 versantibus
1078 3049 1105 3092 et
1123 3048 1184 3092 ante
1203 3040 1332 3091 redditam
1431 3060 1435 3097 t

228 3111 463 3163 administrationis
482 3112 624 3177 rationem,
645 3113 763 3164 eiusdem
786 3110 917 3163 cumillis
937 3112 1044 3164 consilii
1066 3118 1092 3163 et
1111 3112 1260 3163 sententiae
1280 3126 1330 3177 pa-

230 3181 362 3231 ctionibus
389 3190 415 3232 et
448 3183 620 3234 iureiurando
640 3185 775 3250 particeps
803 3189 843 3235 est
871 3182 973 3234 faetus·
1004 3190 1031 3234 et
1050 3199 1083 3233 ex
1101 3182 1268 3249 pactionibus
1287 3180 1329 3232 his

229 3260 368 3335 postquam
394 3252 473 3302 ctiam
497 3252 699 3306 Patalnaoorum
727 3254 853 3321 populum
884 3254 1055 3317 conciliavit,
1075 3253 1254 3305 conveniebat
1272 3267 1330 3303 oum

229 3322 273 3385 iis,
291 3329 320 3373 ut
338 3338 397 3373 cum
416 3323 525 3376 Graecis
544 3335 694 3393 pugnarent
712 3324 785 3376 bello
804 3325 977 3392 implacabili.
1015 3326 1062 3377 tali
1082 3340 1147 3393 ergo
1166 3324 1242 3375 turba
1261 3323 1331 3375 lacta

229 3390 330 3444 bellum
347 3393 440 3449 abiis
459 3403 486 3446 et
505 3396 623 3448 Graecae
641 3405 730 3448 terrae
749 3397 853 3448 invasio
874 3396 1076 3464 apparabantur.

302 3490 410 3543 luterea
428 3500 525 3557 autem,
545 3509 604 3544 cum
622 3492 747 3545 Ruselius
767 3508 783 3543 a
800 3493 891 3545 Tureis
911 3494 1084 3577 detineretur,
1102 3492 1209 3544 multam
1221 3506 1331 3557 praeses

230 3560 344 3618 Alexius
357 3563 430 3615 dedit
439 3578 557 3631 operam,
565 3565 593 3616 in
604 3564 718 3616 castello
727 3564 834 3617 Amasia
844 3573 975 3629 versatus,
986 3566 1050 3616 utin
1060 3580 1133 3616 suam
1143 3578 1247 3619 manum
1257 3563 1332 3614 redi.

232 3640 318 3703 geret,
331 3642 421 3718 atque,
435 3651 493 3687 cum
504 3644 592 3688 tamen
603 3636 702 3687 Tureae
719 3642 759 3687 sat
776 3634 865 3688 multis
877 3636 984 3689 talentis
995 3636 1179 3688 aestimassent
1185 3634 1331 3697 Ruselrum,

232 3704 398 3769 depositis
379 3722 413 3757 ns
429 3722 497 3774 quae
515 3707 729 3790 requirebantur,
748 3707 823 3773 quasi
841 3722 955 3758 mercem
977 3722 1035 3758 eum
1056 3706 1106 3759 sibi
1126 3706 1289 3773 comparavit
1307 3710 1333 3755 et

232 3775 260 3827 in
275 3789 348 3826 suam
364 3776 471 3845 subegit
488 3793 608 3841 manum,
624 3779 691 3828 etin
705 3776 815 3829 vincula
830 3777 917 3830 ferrea
932 3780 1081 3829 coniectum
1091 3776 1174 3828 multa
1186 3776 1294 3828 tenebat
1301 3774 1334 3825 et

216 3844 355 3912 'diligenti
375 3848 507 3899 custodia.
527 3814 623 3900 deinde
640 3850 727 3901 missis
747 3848 832 3915 literis
852 3851 883 3901 ad
898 3864 990 3917 regem
1010 3856 1037 3899 et
1055 3848 1087 3899 ab
1106 3848 1155 3899 illo
1174 3862 1265 3901 rursus
1285 3861 1333 3897 ac-

133 3959 140 3971 ,
233 3916 317 3983 ceptis
337 3930 384 3983 per
402 3917 540 3970 Ponticum
558 3935 631 3971 mare
650 3920 787 3986 proiectus
808 3928 848 3973 est
866 3929 945 3987 atque
965 3920 1065 3971 hunc
1058 3935 1086 3969 m
1111 3921 1211 3987 regiam
1234 3918 1334 3969 eisdem

232 3987 403 4055 compedibus
423 3990 541 4041 vinctum
553 3991 664 4042 induxit.
685 3992 732 4043 sed
745 4006 803 4056 rex,
822 3999 939 4043 statuens
958 3990 1059 4042 eumin
1073 3997 1243 4058 conspectum
1257 4004 1334 4040 suam

231 4074 287 4111 non
306 4059 419 4123 venire,
440 4066 467 4109 et
484 4060 631 4112 decernere
650 4059 770 4129 aliquid,
790 4063 898 4131 dignum
915 4063 992 4130 regia
1016 4063 1147 4129 patientia
1172 4070 1198 4112 et
1218 4070 1333 4129 magna-

232 4130 363 4196 nimitate,
382 4138 410 4183 et
427 4144 580 4199 proponere
599 4140 692 4185 eontra
711 4148 771 4185 eum
790 4133 915 4187 iudicium
934 4142 1040 4201 etpost
1068 4134 1233 4189 decisionem
1258 4132 1333 4187 dam-
1385 4166 1390 4177 ·
