2875 4734
544 309 549 322 ·
571 285 779 351 nrsronrll.
1170 271 1220 352 λε

91 464 97 470 “
123 449 180 512 καί
200 447 300 512 τούτω
321 441 456 530 ἱππότην
474 436 552 510 ὄντα
575 443 713 520 καὶτοῖς
736 448 812 509 ποσί
834 444 879 529 μη
905 439 1088 524 άκλάζοντιι.
1129 441 1164 510 τά
1186 445 1222 510 δέ

124 545 180 610 διά
206 545 363 611 τοσούτων
391 546 518 629 ἦμεροῖν
544 538 624 634 πεζῇ
640 547 786 628 βαδίζειν
806 549 862 610 καί
888 552 1046 626 πολεμεῖν,
1068 541 1124 610 καί
1140 545 1222 629 μηδὲ
1276 554 1279 564 “

125 644 236 720 νυκτὸς
257 645 392 729 ἠρεμίαν
413 637 511 728 άγειν,
534 646 639 722 ου’έείς
655 671 704 709 πω
721 648 783 709 τῶν
802 641 949 710 ἁπάντων
969 647 1080 720 α’κοαῖς
1100 641 1223 725 ἔλαβεν,

123 753 157 815 εἰ
177 745 222 830 μὴ
244 749 298 811 ε’πί
314 750 408 812 τοῦδε
428 751 484 810 rori
501 746 621 830 άνέράς
640 747 817 830 ύπερφυῶς
835 747 1138 833 έθαυματουργηθη.
1181 745 1225 820 ὥς

97 850 155 913 ὅδ’
178 849 341 926 ἀπέκαμον
369 845 399 910 οἱ
430 851 575 930 πολέμιοι
594 851 649 912 καί
669 850 708 934 τῇ
724 847 899 929 Ἀδριανοῦ
920 845 1011 912 πόλει
1040 845 1226 931 πλησιάζειν

123 950 279 1030 ἐπέγνων,
311 947 411 1012 ύπίσω
431 944 564 1024 ἑαυτούς
585 946 824 1030 ἀνελάμβανον,
845 948 959 1029 θαύμα
982 946 1038 1012 καί
1056 940 1146 1012 ούτοι
1166 942 1225 1029 την

126 1052 294 1130 καρτερίαν
325 1047 427 1113 αύτοῦ
457 1052 513 1113 καί
536 1048 667 1133 α’νάρίαν
698 1045 742 1125 οἷς
762 1041 981 1131 άνεκέιὴγητον
1012 1047 1224 1130 λυγιζόμενοι·

19 1183 25 1194 ·
125 1142 202 1212 ὅθεν
223 1149 277 1212 καί
298 1148 431 1226 πολλούς
464 1152 579 1232 συνέβη
609 1151 672 1213 sois
695 1146 877 1234 φευγόντων
901 1143 1069 1230 Ῥωμαίων
1103 1148 1139 1211 έι
1169 1149 1226 1229 τῆς

126 1247 277 1333 τοιαύτης
306 1252 369 1313 τοῖν
405 1248 580 1336 βαρβάρων
611 1249 728 1332 σχολῆς
761 1247 818 1323 τάς
854 1245 976 1313 τούτων
1006 1256 1119 1332 χεῖρας
1151 1249 1226 1313 δια-

79 1363 116 1416 10
128 1357 252 1435 φυγεῖν.
941 1429 944 1435 ¹

217 1459 342 1532 ’Ἐκιοτε
374 1465 479 1534 τοίνυν
505 1468 659 1550 ου’δεμίαν
683 1464 843 1550 άξιάλογον
871 1465 1006 1550 δύναμιν
1035 1465 1053 1530 o‘
1075 1463 1227 1547 βασιλεύς

127 1565 207 1649 ἔγνω
226 1566 303 1632 κατά
328 1572 392 1632 τῶν
414 1570 563 1634 ἐναντίων
585 1570 772 1649 ἐκπέμπειν,
794 1562 863 1648 άμα
885 1569 944 1647 μέν
964 1575 1030 1640 τοῖς
1050 1566 1227 1651 παραδείγ·

124 1692 206 1748 μασι
226 1664 418 1750 βαλλόμενος
439 1665 496 1751 τήν
515 1665 637 1752 ψυχάν,
657 1665 725 1749 άμα
746 1671 781 1731 δέ
801 1670 858 1732 καί
876 1669 966 1750 λόγον
989 1662 1228 1751 θρυλλούμενον

126 1769 331 1850 προσιέμενος
344 1768 415 1848 ,τάς
439 1767 486 1832 τὸ·
499 1773 587 1832 θεῖον
610 1769 667 1831 ούκ
695 1769 833 1832 ἐπινεύει
856 1767 892 1832 τὸ
913 1765 1004 1844 ἔθνος
1027 1765 1146 1851 ἦβηδύν
1167 1791 1228 1832 κα-

79 1878 114 1931 15
126 1872 355 1953 τακεντηθῆναι
377 1868 432 1932 καί
452 1874 597 1952 γλῶσσαν
617 1875 695 1948 μίαν
726 1873 788 1934 τοῖν
816 1872 1086 1955 άπηριθμημένων
1105 1871 1228 1952 σχολά-

125 1992 198 2032 σαι·
240 1973 455 2049 προελομένων
484 1972 519 2050 δέ
546 1969 602 2054 τὴν
624 1969 751 2056 εἰρήνην
772 1972 879 2044 αύτύν
912 1974 1077 2051 προσίεται
1095 1969 1228 2046 τούτους
1304 2031 1309 2036 .

127 2069 144 2131 ὁ
164 2069 326 2151 βασιλεύς,
349 2071 404 2135 καί
421 2074 574 2147 σπονδαῖς
604 2070 658 2136 τὸν
687 2073 824 2152 πόλεμον
844 2074 1059 2152 καταθέμενος
1079 2077 1228 2153 συλαγω-

126 2177 193 2252 γεῖν
214 2163 330 2252 ἤρξατο
357 2171 414 2246 τάς
439 2171 564 2248 εύνοίας
587 2173 714 2253 αύτῶν,
738 2174 793 2236 καί
818 2180 883 2246 τοῖς
898 2171 1089 2250 Ῥωμαϊκοῖς
1114 2166 1228 2252 (λύραις

127 2271 183 2334 καί
200 2263 359 2350 ceronam
382 2273 679 2356 καταμαλάττειντό
701 2271 900 2358 βαρβαρικὸν
925 2273 1028 2335 αύτῶν
1049 2269 1104 2335 καί
1125 2267 1225 2336 άτάσ-

75 2372 226 2434 λθθαλον
246 2363 333 2454 ἦθος.

226 2487 320 2552 Κατὰ
343 2492 378 2554 ii
401 2490 473 2566 τούς
495 2490 613 2568 αύτούς
629 2492 767 2576 χρόνους
779 2483 893 2556 otoo
906 2493 1121 2576 Νεφθαλῖται,
1134 2493 1227 2572 Περ-

125 2591 191 2655 οῶν
207 2583 346 2673 Ιὅμοροι,
373 2588 428 2669 ούς
458 2595 513 2678 τῆς
533 2583 695 2679 Περσίδύς
726 2593 743 2656 ά
763 2591 887 2678 Γάγγης
909 2587 1104 2674 ἀποτειχίζει
1124 2611 1227 2655 ποτα-

235 2695 244 2742 l

203 2813 227 2864 1.
246 2813 374 2882 ἳπποντοι
393 2812 461 2870 ὄντα
480 2814 509 2868 G.
562 2892 569 2920 Ι
620 2813 661 2866 18.
679 2813 826 2890 ρωμοΐκῆς
840 2814 870 2868 G.

124 3028 214 3082 neque
235 3012 346 3078 pedibus
363 3013 513 3080 fatigatum
552 3029 600 3080 per
620 3021 660 3064 tot
678 3020 766 3064 autem
784 3013 841 3063 dies
859 3011 972 3077 pedibus
990 3011 1095 3076 ingredi
1121 3017 1148 3060 et
1165 3009 1227 3060 bel.

125 3085 184 3136 lare
202 3099 290 3151 neque
303 3085 388 3136 noctis
403 3081 519 3152 quietern
532 3100 624 3154 agere,
643 3097 722 3134 nemo
737 3098 852 3150 unquam
865 3083 980 3132 omnium
1000 3080 1078 3132 lando
1099 3079 1227 3144 audierat,
1255 3112 1258 3122 ·

124 3156 177 3208 uisi
197 3155 224 3205 in
244 3153 295 3204 hoc
313 3155 372 3205 viro
391 3157 484 3223 ingens
506 3154 661 3208 miraculum
681 3153 777 3204 factum
798 3161 854 3204 erat
867 3152 945 3222 (quin
967 3152 1133 3203 buncvirum
1149 3149 1228 3202 valde

124 3228 290 3294 miraretur).
330 3243 387 3277 cum
412 3235 499 3278 autem
522 3228 696 3294 fatigarentur
721 3225 812 3275 hostes
834 3232 860 3274 et
885 3239 914 3274 se
933 3222 1109 3289 Adrianopoli
1128 3236 1228 3289 appro-

125 3297 257 3365 pinquare
283 3307 486 3364 cognoscerent,
514 3307 585 3349 retro
605 3312 634 3362 se
659 3295 826 3363 recipiebant
849 3295 1004 3346 miraculum
1030 3302 1057 3345 ct
1082 3293 1133 3360 ipsi
1160 3308 1227 3344 con.

127 3368 251 3420 stantiam
273 3370 330 3418 eius
350 3377 377 3418 et
395 3369 519 3419 virtutem
532 3367 711 3419 inenarrabile
731 3367 870 3429 babentes,
889 3367 959 3417 unde
979 3365 1085 3427 accidit,
1106 3371 1134 3416 ut
1152 3363 1227 3415 multi

125 3439 286 3508 fugientium
300 3438 460 3490 Graecorum
478 3448 587 3506 propter
600 3438 680 3490 talem
697 3439 868 3491 barbarorum
887 3439 1003 3506 quietem
1026 3451 1116 3487 eorum
1135 3450 1227 3486 manus

42 3561 54 3579 ,
126 3510 286 3578 effugerent.
934 3507 941 3518 “

226 3597 266 3649 Ex
285 3614 318 3648 eo
339 3601 419 3666 igitur
442 3608 562 3667 tempore
587 3615 621 3650 ue
647 3615 724 3652 unam
753 3601 858 3668 quidem
883 3594 1081 3648 memorabilem
1108 3593 1162 3644 vim
1179 3607 1227 3644 rex

125 3668 219 3720 statuit
237 3678 328 3720 contra
347 3670 438 3722 hostes
458 3673 598 3735 emittere,
619 3679 645 3721 et
664 3671 794 3738 exemplis
812 3673 880 3720 ictus
898 3670 1013 3732 animum
1034 3673 1061 3715 et
1078 3678 1227 3715 sermonem

125 3739 266 3808 vulgarem
291 3742 415 3808 probans,
443 3757 539 3793 numen
568 3742 686 3795 divinum
713 3741 789 3792 nolle
813 3739 941 3808 populum
965 3737 1084 3803 stirpitus
1111 3735 1226 3786 interimi

125 3819 172 3862 aut
186 3809 304 3881 linguam
333 3827 411 3864 unam
438 3829 526 3864 earum
546 3827 613 3881 quae
638 3821 792 3864 numeratae
816 3817 878 3862 suut
896 3807 1029 3859 delicere:
1057 3821 1116 3857 cum
1138 3814 1226 3856 autem

124 3879 238 3936 mallent
257 3897 349 3948 pacem
369 3881 420 3947 illi,
440 3887 553 3936 arcessit
566 3884 614 3936 hos
633 3899 681 3935 rex
697 3890 724 3934 et
742 3882 827 3949 pactis
857 3895 917 3930 cum
938 3877 1038 3930 bellum
1057 3877 1227 3944 deposuisset

125 3963 281 4018 comparare
300 3956 390 4020 coepit
408 3953 624 4008 benevolentiam
645 3967 736 4004 eorum
750 3959 777 4002 et
791 3951 899 4004 Graecis
917 3948 1070 4002 muneribus
1090 3955 1116 3997 et
1134 3945 1226 4011 ‹ligul-

123 4023 224 4077 tatibus
243 4023 351 4076 mollire
370 4025 496 4080 barbaros
518 4041 609 4078 eorum
628 4033 654 4075 ct
663 4024 759 4091 impios
777 4037 874 4075 mores.

223 4112 413 4168 Circaeadem
440 4125 528 4168 autem
549 4125 668 4182 tempora
687 4113 774 4166 liunui
788 4109 958 4166 lieutbalitae
971 4108 1110 4161 Persarum
1129 4102 1226 4166 ricini,

124 4193 192 4249 (uos
210 4197 227 4236 ι
245 4182 354 4236 Perside
373 4184 478 4254 Guges
496 4186 611 4240 secludit
630 4185 737 4249 liutius,
757 4191 871 4251 quatuor
890 4189 917 4232 et
933 4178 1068 4231 dimitiam
1085 4172 1243 4242 miliarium
1303 4220 1307 4227 ,
