2875 4734
155 210 159 218 ’
218 237 290 312 του
457 242 463 249 ·
507 237 726 307 ιιιοιιλεοιε
758 236 1016 305 ammonia
1048 197 1052 204 ’

213 402 342 489 ρύμοιτι
362 393 437 466 ούτε
456 397 577 487 ταύτην
606 396 731 485 ἓλεῖνῆ
760 405 952 488 προσβαλεῖν
980 391 1216 482 παρετύλμησεν
1240 388 1315 465 odra

213 504 255 592 τῷ
271 503 410 591 Ἀμορίιρ
431 507 681 589 προσβοηθῆσαι,
705 498 818 588 ὅτι-μὴ
839 504 960 583 μᾶλλον
974 497 1003 565 οἱ
1017 501 1153 582 Τούρκοι
1171 499 1215 584 τῷ
1231 498 1314 575 Τζα·

212 606 323 691 penei
342 607 603 688 προσεγγίσαντες
625 606 658 668 ἐν
681 607 723 693 τῷ
745 607 909 669 ἐπανιέναι
922 599 1057 677 πολλούς
1077 601 1137 676 μὲν
1157 602 1218 662 τῶν
1238 600 1316 662 ε’πε-

214 703 343 784 ξιόντων
357 703 525 785 Ῥωμαίων
549 705 684 790 α’νεῖλον,
705 702 778 778 τούς
802 706 829 768 δ’
851 697 966 778 ἄλλους
987 702 1032 775 εἰς
1055 697 1094 764 τά
1117 696 1315 782 ἐρυμνότατον
1373 780 1380 790 1

214 805 273 870 τού
295 803 432 887 κάστρου
455 806 668 868 κατέκλεισαν.
713 802 860 878 ἀνιαθεὶς
875 803 910 866 δὲ
931 797 950 864 d
968 795 1129 881 βασιλεύς,
1147 800 1201 861 καί
1219 796 1341 871 uideas

214 929 244 968 τι
272 905 402 988 ποιησαι
431 900 475 986 μη
508 903 658 988 δυνηθείς
688 901 743 967 διά
775 900 811 966 τύ
836 904 894 965 τού
926 902 1082 982 χειμῶνος
1103 899 1242 981 ἐπαχθὲς
1261 897 1317 959 καί

217 1002 418 1088 ύσύμφρρον,
438 1000 475 1067 τύ
497 1005 557 1085 μὲν
579 1001 826 1090 μισθοφορικόν,
849 1002 905 1066 καί
923 996 993 1065 ὅσοι
1012 1002 1066 1084 τῆς
1086 993 1235 1080 ἑσπερίοις
1255 1019 1316 1078 με-

80 1102 162 1159 ΜθῙ
177 1104 304 1186 *ιρίδος
324 1101 505 1186 ἐτύγχανον,
528 1106 574 1179 είς
595 1101 857 1188 παραχειμασίαν
870 1102 1031 1180 διέδωκεν,
1058 1097 1157 1173 αύτύς
1177 1099 1213 1161 δὲ
1233 1091 1315 1178 μετά

214 1206 277 1271 toda
301 1201 585 1289 σωματοφυλάκων
606 1206 671 1268 ’καί
690 1206 877 1282 Βυζαντίων
910 1201 965 1266 καί
985 1203 1045 1266 τῶν
1066 1194 1314 1284 οἶκοφυλακούν-

216 1328 280 1368 των
303 1306 338 1369 ἐν
360 1303 535 1387 βασιλειόις
556 1307 601 1380 εἰς
621 1303 680 1390 τὴν
700 1304 936 1387 βασιλεύουσαν
956 1303 1141 1384 εἰσελήλυθε
1161 1300 1235 1384 περὶ
1255 1301 1360 1381 cix-10
1410 1329 1420 1334 ·

214 1400 280 1487 μη“ν
302 1401 358 1468 τού
380 1403 536 1486 χειμῶνος
554 1396 657 1481 ὄντος·
715 1402 796 1488 πρὸς
818 1407 862 1490 τῷ
883 1407 964 1467 τέλει
984 1398 1045 1486 γάρ
1063 1393 1139 1486 1ἧνύ
1162 1395 1313 1464 ιάννουά-

216 1526 284 1587 ειυς
302 1501 377 1589 aiv·
821 1515 826 1520 ’
1093 1599 1098 1603 ,

270 1651 274 1658 -
314 1607 485 1688 Διαγοιγών
504 1609 609 1672 τοίνυν
631 1605 665 1672 ἐν
685 1610 724 1694 τῇ
746 1607 808 1672 τῶν
824 1606 990 1670 πολιτικῶν
1013 1600 1208 1686 πραγμάτων
1232 1603 1314 1666 διοι-

215 1705 303 1789 κήσει
333 1704 451 1789 χρόνον
482 1707 577 1788 τινά,
608 1711 662 1772 καί
687 1707 782 1790 τιμάς
811 1704 856 1782 εἴς
889 1730 975 1780 τινας
1007 1709 1071 1770 τῶν
1102 1705 1337 1788 συγκλητικῶν

216 1800 445 1891 ποιησάμενος,
474 1808 529 1872 καί
555 1807 613 1882 τάς
644 1807 787 1893 ἐτησίους
817 1806 941 1891 δωρεάς
962 1804 998 1872 αἳ
1016 1813 1081 1884 τοῖς
1102 1808 1315 1890 συγκλητικοῖς
1326 1834 1360 1887 15

216 1902 376 1988 α’ξιύμασι
400 1908 614 1994 προσήρτηντο
634 1907 856 1994 ποιησάμενος,
876 1907 1028 1972 καίόύδὲ
1049 1904 1316 1988 τάςπασχαλίους
1369 1894 1372 1896 V

179 2070 187 2082 ,
216 2007 341 2090 ἡμέρας
361 2013 547 2091 περιμείνας
565 2013 612 2086 εἰς
631 2007 665 2076 τύ
692 2008 890 2089 Βυζάντιον,
912 2011 957 2084 εἰς
989 2006 1043 2073 τὸν
1062 2009 1230 2090 α’ντιπὲρας
1250 2007 1317 2068 κεί-

214 2129 309 2189 μενον
328 2109 494 2190 βασιλικὸν
517 2103 601 2176 οἶκον
621 2114 676 2176 καί
694 2101 857 2194 λεγόμενον
878 2113 939 2175 τάν
958 2109 1087 2195 Ἠρίων,
1108 2108 1316 2188 ἀπέπλευσεν,
1409 2183 1413 2188 .

215 2205 320 2292 δρμῆν
350 2206 433 2293 ἔχων
457 2213 503 2286 είς
534 2210 591 2295 τήν
621 2207 704 2278 ἐάαν
735 2205 833 2286 αύθις
867 2207 1214 2293 στρατοπεδεύσασθαι.
1263 2202 1319 2271 καί

214 2315 281 2383 τοῖς
305 2306 457 2395 Τούρκοις
485 2313 671 2391 ἐπεξελθεῖν.
694 2315 865 2397 ἐπισυνέβη
887 2311 952 2397 γὰρ
972 2313 1031 2376 καί
1046 2335 1076 2376 τι
1099 2314 1163 2374 τῶν
1182 2307 1362 2393 dodanam)

214 2407 296 2494 πρὸς
318 2411 524 2496 ἐκστρατείαν
555 2415 673 2479 καλοῦν
704 2410 759 2476 τὸν
789 2408 909 2478 άνακτα
930 2407 1191 2498 σπουδαιύτερον.
1233 2407 1315 2492 οἷνηρ

212 2506 275 2592 γάρ
297 2515 437 2587 Λατῖνος
466 2513 499 2589 ἐξ
519 2513 650 2587 Ἰταλίας
671 2514 713 2599 τῷ
738 2516 870 2604 βασιλεῖ
895 2511 1102 2598 προσελθάν,
1139 2514 1317 2595 Κρισπῖνος

213 2605 369 2691 ὀνόματι,
392 2609 471 2695 πρύς
493 2611 550 2695 τὴν
571 2607 654 2677 ἐάαν
675 2610 920 2698 προαπεστάλη,
941 2611 1194 2695 παραχειμάσων
1214 2611 1314 2676 ἐκεῖσε

123 2753 127 2770 .
212 2706 296 2792 μετά
332 2715 395 2775 τοδν
414 2711 736 2780 σννδιαπλευσάντων
766 2716 855 2805 αύτρῖ
876 2716 931 2780 καί
949 2708 1312 2798 συναφικομέεωνύμο-

284 2889 329 2942 to.
350 2887 516 2952 ὑπεξελθεῖν
536 2891 567 2946 0.

213 3054 324 3123 aggredi
343 3068 423 3108 anana
445 3061 486 3107 eat
502 3071 591 3124 neque
602 3055 712 3108 Amorio
731 3053 834 3106 auxilio
852 3055 965 3107 venire:
994 3055 1075 3105 immo
1100 3055 1185 3122 magia
1210 3053 1311 3106 'inroae

212 3126 354 3178 Tramanto
373 3128 616 3195 appropinquantes
635 3128 663 3177 in
683 3125 850 3179 ascendendo
876 3126 974 3178 multoe
1001 3133 1092 3176 eontra
1117 3124 1311 3193 egredientium

214 3197 374 3250 Graecorum
392 3197 586 3249 interfecerunt
601 3206 705 3250 eeteros
725 3206 812 3249 autem
831 3198 859 3247 in
878 3197 1033 3250 firmissimis
1052 3194 1121 3248 locia
1141 3196 1247 3248 castelli
1265 3198 1311 3246 in.

212 3267 359 3319 cluaerant.
380 3269 512 3319 cruciatus
532 3277 620 3320 autem
641 3285 688 3320 rex
706 3277 733 3320 et
751 3269 830 3336 plura
849 3268 940 3320 iacere
959 3283 1012 3320 non
1025 3268 1119 3319 valona
1130 3275 1239 3334 propter
1249 3267 1310 3317 hie.

212 3337 262 3390 mia
280 3337 429 3389 molestiam
449 3346 476 3389 et
493 3338 679 3404 calamitatem,
696 3341 795 3391 militen
812 3340 992 3392 mercenarios
1004 3340 1199 3408 etquicunque
1215 3353 1249 3389 en
1262 3353 1311 3388 oc-

213 3407 340 3460 cidentali
357 3415 431 3476 parte
449 3410 568 3474 aderaut,
587 3413 615 3462 in
634 3411 752 3463 hibernia
771 3411 913 3464 distribuit.
933 3413 992 3477 ipae
1010 3419 1097 3462 autern
1118 3425 1177 3460 oum
1203 3407 1311 3461 anteiti-

213 3479 282 3532 tibua
303 3488 330 3533 et
345 3480 482 3547 Byzantiis
503 3491 530 3534 et
548 3483 600 3546 iia,
622 3483 666 3549 qui
686 3483 714 3532 in
733 3485 810 3550 regia
828 3482 974 3534 custodiam
993 3481 1085 3533 domna
1105 3480 1248 3543 habebant,
1261 3495 1310 3532 ur-

212 3550 272 3604 bem
284 3553 404 3618 ‘intrarit
422 3553 510 3603 hieme
529 3554 672 3604 acerrima:
694 3555 722 3604 in
740 3555 793 3605 tine
814 3556 882 3605 enirn
903 3561 961 3604 erat
975 3553 1111 3603 ianuarino
1130 3553 1238 3604 mentia.

311 3641 420 3709 Dagona
439 3643 521 3709 igitur
540 3642 567 3692 ia
582 3657 674 3692 reram
693 3642 815 3694 civilium
833 3642 1060 3694 administratione
1079 3649 1184 3706 ternpus
1201 3639 1311 3707 aliquod

215 3722 242 3765 et
260 3712 377 3764 honores
396 3713 429 3762 ad
447 3713 574 3780 quondam
592 3721 745 3766 aenatorum
764 3714 898 3778 deferent,
918 3721 946 3764 et
963 3728 1049 3764 annua
1067 3713 1146 3775 dona,
1159 3725 1229 3780 quae
1251 3725 1312 3761 eum

213 3792 364 3835 aenatorum
385 3783 531 3837 honoribus
552 3785 692 3836 coniuncta
711 3794 773 3838 aunt
790 3787 908 3849 tradeaa,
923 3801 974 3836 neo
985 3784 1125 3851 paaohalea
1136 3783 1241 3850 quidem
1252 3782 1310 3832 diea

213 3867 353 3904 remanens
382 3853 515 3918 Byzantii,
535 3857 675 3924 navigavit
693 3858 725 3908 ad
747 3859 823 3909 eitam
844 3865 951 3908 econtra
972 3857 1073 3923 regiam
1101 3854 1214 3917 domum,
1242 3867 1312 3919 quaa

213 3931 324 3975 vocatur
347 3921 439 3986 lirion,
459 3929 622 3979 contendens
641 3930 667 3978 in
695 3928 852 3980 orientalem
880 3935 981 3994 partem
1005 3942 1100 3979 ruraua
1124 3925 1259 3991 proticisci
1284 3930 1313 3973 et

212 3995 308 4046 Toreaa
327 3995 423 4045 vitare.
443 3995 520 4048 aimul
541 3999 610 4048 enirn
630 3998 728 4050 accidit
745 4001 823 4051 etiarn
842 3998 979 4066 singulare
991 3999 1064 4066 quid,
1083 3996 1155 4066 quod
1173 3995 1206 4046 ad
1226 4007 1312 4059 erpe-

213 4066 341 4118 ditionem
359 4066 492 4118 dominum
512 4077 639 4121 evocaret
657 4071 811 4124 atudioaiua
849 4071 929 4121 horno
947 4072 1017 4120 enirn
1039 4069 1149 4120 Latinae
1179 4081 1213 4117 ex
1231 4062 1313 4124 ,ltalia

215 4136 248 4189 ad
265 4151 357 4205 regem
375 4137 499 4203 veniens,
510 4140 617 4190 nomine
637 4139 754 4210 Crispini
773 4141 870 4205 dictur,
885 4143 918 4193 ad
936 4142 1067 4204 orientem
1084 4141 1181 4192 missua
1199 4142 1240 4189 eat
1250 4134 1314 4186 iria.
