2875 4734
533 210 741 283 ursuontl.
776 250 779 255 ·
1159 212 1234 291 229

127 374 189 457 τῆς
210 371 244 439 τό
265 377 356 439 θεῖον
375 374 759 460 συναντιλαμβανόμενον,
782 372 820 443 τά
843 400 877 443 τε
900 383 963 445 τιόν
984 380 1134 451 ἐναντίων
1156 386 1233 466 ε’μυ.

126 475 196 560 η’θη
216 475 383 560 άπόρρητα
400 476 456 540 καί
476 473 738 559 κατορθωμάτων
760 482 815 543 κατ’
837 474 1034 566 αὐχημάτων
1056 484 1231 569 ἀπήλαυνε.

233 578 374 664 Temnos
396 581 516 642 λοιπῶν
537 579 639 643 αὐτοῦ
667 582 918 665 προτερημάτων
947 588 1111 648 ποιεῖσθαι
1132 587 1233 651 κατά-

124 686 220 762 λογον
242 675 391 761 περιττόν
413 679 536 754 πάντως
558 684 597 766 τῇ
624 682 770 769 παρούσῃ
793 686 913 770 γραφῇ.
936 682 1057 768 πλήρης
1078 684 1138 767 γάρ
1160 686 1231 751 τού.
1241 688 1261 742 i.
1271 686 1324 746 216
1334 703 1363 745 v.

91 799 191 853 ὅτων
220 783 307 845 πάσα
339 777 509 865 γραφη-τε
533 785 586 845 καὶ
606 782 748 866 ποίησις,
777 778 861 859 όπως
884 780 1145 869 ἓκατοντάχειρας
1166 812 1232 867 μυ-

82 970 85 976 *
122 881 243 967 ριάάας
269 878 415 966 Ἀράβων
441 878 499 943 δύο
530 880 805 975 α’ναόαμαχήτων,
840 880 946 970 (ὅσπερ
969 910 1017 961 τις
1052 887 1230 971 άοωματος,

122 983 360 1067 καταστράψας
382 979 486 1056 πόλεις
508 980 696 1064 άμυθητους
711 983 931 1061 ὑποσπόνδους
947 986 1106 1071 πεποίηκε,
1127 985 1182 1071 τήν
1197 1013 1231 1055 τε

120 1080 267 1165 μεγάλην
302 1079 498 1163 Ἀντιόχειαν
529 1084 584 1145 καί
606 1082 792 1167 Μελιτηνὴν
819 1084 941 1169 Ταρσόν
961 1110 995 1151 τε
1026 1090 1080 1151 καί
1099 1090 1130 1151 Γ
1128 1111 1230 1171 ερμα-

120 1181 245 1246 νιλιειαν
276 1179 331 1245 κατ’
349 1180 406 1264 την
436 1184 469 1246 ἐν
491 1191 563 1258 ταῖς
588 1179 715 1263 Μόψου
739 1184 869 1269 κρήναις
897 1190 951 1251 καί
973 1180 1230 1273 αάτηνἈδαναν

72 1302 110 1355 10
120 1285 179 1346 κατ’
199 1280 256 1356 τάς
288 1286 467 1363 περιοίκους
491 1282 613 1365 πάσας,
643 1281 681 1347 οἳ
709 1284 790 1373 λόγῳ
819 1278 1229 1375 όυντετμημὲνῳ’ρηθῆναι
1273 1372 1275 1377 ,

121 1386 166 1446 ου’
187 1379 347 1447 δόνανται.
381 1385 499 1448 ε’κεῖναι
516 1385 552 1447 δέ
572 1406 628 1466 μοι
649 1382 774 1471 ἐρρήθη
796 1387 839 1461 ὥς
860 1396 926 1463 τοῖς
941 1393 1065 1463 πολλοῖς
1088 1414 1230 1473 συγγρα-

124 1486 242 1570 φεῦσιν
265 1480 479 1562 άδιεξόιλευτα.

201 1582 307 1650 ,Ἀλλ’
330 1574 419 1660 οὗτος
445 1590 504 1666 μὲν
536 1587 695 1670 πάρεργον
728 1588 892 1671 γενόμενος
918 1587 1068 1671 γυναικός
1097 1595 1230 1659 καὶτοῦ
1298 1673 1301 1679 1

121 1684 208 1753 ι’διόυ
233 1689 371 1768 ἀνεψιοῦ
389 1687 537 1751 Ἰωάννου
556 1690 614 1770 τοῦ
640 1691 822 1773 Τζιμισχῆ,
852 1684 903 1757 οἶα
926 1688 965 1755 τά
980 1696 1039 1755 τοῦ
1060 1696 1139 1757 θεοῦ
1160 1717 1228 1777 κρι-

73 1799 109 1852 15
117 1814 219 1872 ματα,
240 1786 355 1870 πολλὴν
377 1794 440 1863 τοῖς
461 1787 644 1873 άνθριόποις
665 1791 788 1875 α’φῆκεν
810 1791 902 1855 α’νιάν
922 1795 977 1855 καί
998 1794 1035 1880 τῇ
1052 1776 1227 1874 Ῥωμαίων
1317 1832 1322 1841 =

119 1892 306 1976 ε’πικρατείρ
328 1884 544 1973 στυγνότητα·
591 1885 621 1953 οἱ
642 1889 677 1951 δὲ
696 1890 878 1971 τοῦγένους
899 1875 999 1954 αὐτοῦ
1020 1890 1226 1975 ἐδιώχθησαν

118 1993 180 2072 μὲν
204 1984 266 2050 ὑπό
289 1990 353 2051 τῶν
382 1990 553 2069 μετέπειτα
587 1990 747 2070 βασιλέων,
776 1986 830 2053 διά
853 1988 890 2052 τό
922 1988 1023 2073 βάρος
1051 1992 1106 2074 τῆς
1128 1981 1227 2073 τόχης

119 2089 176 2154 κατ’
194 2087 229 2153 τό
251 2090 306 2171 τῆς
329 2089 463 2174 α’νδρίας
484 2090 626 2171 άνξίωμα
647 2092 868 2172 περιιόνυμων,
891 2088 995 2172 ἔμεινε
1017 2094 1052 2157 δὲ
1073 2095 1111 2177 τῇ
1131 2096 1226 2173 μετέ-

120 2215 215 2256 πειτα
240 2194 332 2279 γενεᾷ
346 2183 454 2273 οόσπερ
469 2214 518 2264 τις
539 2188 679 2274 σπινθὴρ
702 2189 896 2281 ὑπαυγάζων
916 2191 950 2255 τό
973 2195 1061 2274 γένος
1081 2193 1144 2255 τοόν
1157 2196 1225 2255 Bo-

72 2310 109 2365 20
119 2293 316 2371 sesoostris,
350 2292 384 2355 ἐν
404 2293 449 2377 τῷ
470 2293 595 2377 στρατῷ
618 2288 808 2370 διαλάμπων
835 2294 894 2357 τοῦ
914 2289 1025 2377 κυριόυ
1050 2292 1224 2357 Βασιλειόυ

118 2392 177 2456 τοῦ
198 2394 509 2477 πορφυρογεννητου,
531 2384 563 2464 ὃς
585 2389 837 2473 τεσσαρακοστὸν
856 2389 925 2467 ἔτος
948 2388 1224 2473 τοῖςΒουλγάροις
1256 2463 1258 2473 ,

57 2525 60 2535 ν
120 2490 396 2575 ἀντιτασσόμενος,
418 2491 473 2556 καί
488 2493 618 2576 μυριόις
639 2492 746 2567 πόνοις
774 2492 828 2558 κατ’
851 2486 967 2569 ὅπλοις
984 2491 1223 2576 άντιπαρατατ·

119 2815 151 2852 re
170 2798 271 2849 iniecta
288 2798 448 2852 recessisset
467 2806 513 2851 aut
531 2801 669 2852 coniectus
697 2798 730 2851 ab
749 2798 871 2853 hostibus
891 2807 962 2855 esset
980 2799 1136 2868 etpedibus
1154 2812 1221 2868 pro.

121 2869 253 2924 culcatns.
291 2886 350 2921 cum
376 2878 463 2921 antem
480 2870 592 2924 haberet
610 2873 711 2924 virtute
729 2888 827 2923 numen
850 2872 969 2922 divinum
988 2872 1106 2935 socium,
1127 2872 1221 2923 etad.

119 2942 300 2995 versariorum
315 2942 433 2994 initiatus
453 2951 493 2996 est
507 2945 618 2997 secretis
637 2952 664 2993 et
678 2942 834 2993 felicitatem
853 2940 1020 3009 gloriamque
1040 2949 1081 2993 est
1099 2942 1219 3005 adeptus.

219 3040 391 3108 Reliquarum
410 3048 497 3091 autem
526 3042 583 3090 eius
605 3038 777 3089 victoriarum
805 3037 945 3087 instituere
962 3052 1103 3088 recensum
1123 3051 1220 3102 super.

120 3128 267 3164 vacaneum
288 3121 328 3166 cst
346 3113 454 3161 omnino
472 3111 607 3174 praesenti
626 3107 715 3158 libro:
736 3106 817 3174 plena
837 3108 906 3157 enirn
926 3116 966 3159 est
985 3106 1027 3159 his
1046 3108 1130 3158 omnis
1149 3109 1219 3158 sori.

103 3186 176 3251 ,ptio
196 3192 223 3233 et
235 3186 336 3249 poesis,
356 3180 488 3248 quomodo
508 3181 669 3230 centimanus
688 3179 753 3230 duas
771 3177 904 3244 myriades
922 3178 1038 3231 Arabum
1057 3180 1219 3231 invictorum

119 3264 243 3320 tanquam
272 3256 378 3306 divinus
392 3247 583 3317 ,defulgurans
611 3249 690 3301 urbes
709 3248 918 3308 innumerabiles
945 3248 1094 3319 vectigales
1114 3250 1218 3315 lecerit,
1283 3292 1286 3298 .
1345 3306 1348 3315 k

117 3324 287 3379 Antiochiam
306 3337 427 3389 magnam
447 3329 474 3371 et
485 3321 630 3373 lleliteneu
650 3330 676 3372 et
687 3322 794 3373 Tarsum
816 3329 842 3371 et
855 3320 1053 3373 Germanioeam
1073 3330 1099 3373 et
1115 3321 1218 3387 urbem,

82 3448 85 3452 ,
120 3412 189 3464 quae
209 3389 250 3447 cst
267 3395 300 3446 ad
318 3394 404 3458 Mopsi
424 3392 521 3457 fontes,
541 3401 568 3444 et
586 3396 670 3459 ipsam
688 3392 806 3444 Adanam
825 3400 852 3443 et
871 3395 1091 3463 circumiacentes
1116 3408 1218 3456 omnes,
1284 3400 1285 3407 ’

119 3482 188 3533 quae
208 3466 329 3516 oratione
348 3472 484 3515 contracta
497 3465 645 3515 enumerari
665 3480 718 3515 non
734 3472 854 3530 possunt.
875 3465 923 3517 illa
941 3472 1028 3516 autern
1048 3480 1063 3515 a
1082 3477 1124 3513 me
1143 3477 1219 3513 corn.

117 3543 262 3589 memorata
292 3542 367 3599 sunt,
398 3543 491 3600 utpote
526 3548 594 3603 quae
626 3552 641 3587 a
672 3536 794 3603 plurimis
826 3534 1001 3603 scriptoribus
1033 3548 1088 3584 non
1115 3534 1220 3600 possint

119 3606 271 3675 praeteriri.
1134 3606 1145 3613 “

218 3703 270 3755 Sed
297 3702 340 3754 hic
366 3706 471 3771 quidem
496 3703 637 3773 neglectus
661 3706 693 3758 ab
711 3720 796 3757 uxore
824 3714 850 3756 ct
868 3703 984 3771 patrueli
1002 3702 1102 3755 Ioanne
1119 3703 1219 3755 Trimi.

118 3775 193 3839 sche,
214 3774 304 3842 qualia
322 3784 382 3825 sunt
400 3777 442 3827 slei
462 3777 576 3842 iudicia,
595 3776 703 3827 multam
722 3776 872 3828 hominibus
896 3776 991 3826 iniecit
1009 3773 1218 3827 sollicitudinem

119 3856 146 3899 et
172 3846 349 3897 Romanorum
370 3848 482 3912 imperio
506 3850 647 3900 tristitiam.
692 3849 737 3915 qui
765 3842 853 3897 autem
879 3863 894 3898 e
919 3862 1020 3914 genere
1050 3848 1107 3899 eius
1134 3850 1217 3908 erant,

118 3919 209 3971 vexati
228 3925 288 3969 sunt
307 3933 323 3968 a
342 3921 456 3984 posteris
474 3920 584 3986 regibus
603 3928 714 3986 propter
745 3918 902 3986 gravitatem
923 3918 1045 3983 fortunae
1068 3927 1094 3969 et
1112 3914 1230 3968 virtutis-

118 3990 271 4057 dignitatem
299 3988 457 4058 illustrem„
483 3990 607 4041 manebat
626 3999 713 4040 autern
739 3998 863 4056 posterae
882 3991 961 4041 aetati
988 3992 1063 4058 quasi
1082 3984 1218 4053 igniculus

119 4061 221 4127 quidam
240 4059 353 4123 lucens,
374 4075 458 4126 genus
476 4062 674 4113 Botaniatarum
701 4063 729 4112 in
749 4062 868 4113 exercitu
887 4061 1024 4113 illustrans
1044 4059 1143 4109 domini
1161 4055 1217 4107 Ba.
1293 4062 1303 4070 “

118 4130 171 4182 silli
189 4131 445 4199 porphyrogenncti‚
465 4135 509 4201 qui
530 4134 635 4200 quidem
653 4147 703 4200 per
721 4134 896 4203 quadraginta
918 4147 1000 4185 annos
1019 4128 1143 4195 Bulgaris
1162 4142 1213 4195 op.
