2875 4734
524 283 767 378 rutarum.
1155 301 1191 350 ιι

96 450 246 522 deduxit
270 451 317 522 ad
343 475 480 522 annum
513 455 617 525 1081.
653 451 770 550 Inque
796 454 867 524 hac
894 453 1005 525 altera
1028 452 1191 526 editione

96 577 230 648 multos
256 577 356 648 locos
391 578 564 649 historiae
592 578 776 650 Michaelis
802 579 989 650 Attaliatae
1023 580 1195 652 transcri-

95 704 167 800 psit
199 702 245 773 ad
273 704 449 796 verbum,
474 703 585 774 tacito
612 704 771 774 auctoris
795 704 959 797 nomine,
971 705 1193 801 resectisque

96 799 270 898 omnibus
282 828 325 897 iis
341 852 435 922 quae
449 826 494 899 ad
508 827 653 898 laudem
664 828 861 925 Nicephori
873 819 1084 901 Botaniatae
1096 828 1192 901 dieta

95 951 248 1023 fuerant.

197 1069 385 1142 Eiusmodi
411 1070 574 1143 fraudem
603 1071 701 1166 apud
739 1084 905 1144 auctores
940 1069 1054 1142 medii
1088 1070 1194 1164 aeri,

98 1196 213 1266 immo
241 1196 279 1265 in
306 1197 408 1266 omni
436 1198 627 1289 memoria,
656 1222 732 1268 nou
759 1197 808 1268 ita
834 1221 974 1290 raram,
999 1196 1092 1269 mire
1125 1194 1192 1268 ad·

96 1321 185 1392 iuvit
220 1322 429 1392 continuata
463 1320 637 1416 deinceps
663 1319 796 1392 domus
822 1322 1001 1420 regnatrix
1034 1317 1193 1392 Comoe-
1264 1373 1270 1386 x
1337 1363 1348 1374 x

96 1470 241 1516 norum.
305 1443 397 1536 Quis
424 1447 522 1515 enim
548 1458 637 1516 tunc
664 1446 874 1541 inquirebat
900 1444 946 1516 de
981 1446 1190 1542 Nicephorn

96 1571 286 1641 botaniata
309 1570 364 1641 vel
391 1569 437 1641 de
459 1572 685 1641 bucinatore*
708 1569 855 1642 laudum
892 1571 992 1642 eiust
1027 1595 1193 1667 praeser-

95 1697 159 1766 tim
189 1695 303 1790 q'uum
331 1695 512 1791 Scylitzes‚
539 1695 759 1790 Bryennius,
782 1699 886 1766 Anna
913 1693 1101 1766 Ccmnena
1132 1719 1192 1766 ea-

94 1820 179 1891 dem
218 1821 442 1891 narraverint
482 1820 527 1891 ad
567 1821 762 1891 maximam
800 1817 1072 1892 Comnennrum
1114 1820 1193 1917 glo-

95 1947 199 2016 riam.
259 1945 371 2028 Nobis
403 1958 548 2038 tamen,
580 1946 644 2042 qui
672 1959 780 2016 testes
807 1946 844 2017 in
877 1959 1073 2044 utramque
1108 1970 1194 2042 par-

96 2086 170 2143 tem
197 2070 324 2143 audire
348 2073 527 2167 cupimus,
552 2072 664 2142 satius
674 2069 945 2142 videtursontes
961 2072 1059 2167 ipsos
1073 2095 1192 2167 quan-

97 2211 174 2267 tum
203 2197 287 2266 licet
308 2195 423 2288 adire,
433 2195 609 2267 ferventes
636 2195 821 2267 interdum
843 2197 898 2268 rel
910 2220 1189 2293 nonnumquam

15 2415 16 2420 ἵ
94 2319 275 2413 turbidos,
302 2321 435 2416 quibus
454 2333 577 2400 tamen
596 2321 678 2416 plus
707 2321 846 2415 saporis
869 2322 963 2391 inest
988 2344 1098 2417 quam
1119 2335 1192 2392 sta-

94 2445 290 2544 gnantibus
329 2445 433 2540 aquis
473 2457 535 2514 aut
566 2445 663 2515 varia
705 2444 949 2515 corrivaticne
988 2446 1192 2540 permixtis:

96 2570 217 2667 qualia
246 2569 318 2639 lere
360 2570 466 2640 nobis
501 2570 680 2665 praebent
708 2567 863 2640 Cedreni
899 2569 1062 2642 Zonaras
1096 2569 1191 2641 alin-

95 2717 253 2790 rumque
288 2692 327 2764 id
359 2717 472 2790 genus
509 2692 878 2790 chronographorum
909 2696 1092 2791 Synnpses
1132 2695 1187 2764 rel

58 2890 63 2898 ,
93 2819 315 2920 synagogae.

194 2935 290 3006 Talia
327 2948 501 3007 monente
537 2936 663 3029 llasio,
699 2959 821 3007 rerum
856 2933 902 3006 ad
935 2935 1123 3007 historiam
1157 2948 1193 3006 et

95 3062 231 3131 litteras
262 3037 524 3155 pertinentium
560 3084 704 3131 summo
742 3060 906 3151 arbitro,
945 3060 1116 3156 magistro
1152 3083 1194 3131 ac

96 3185 235 3256 fautore
265 3211 380 3278 meo,
414 3187 516 3257 facile
550 3179 697 3259 inducta
735 3199 790 3257 est
822 3185 966 3256 illustris
994 3183 1191 3258 Academia

96 3313 192 3407 regia
227 3311 469 3382 Berolinensis
499 3324 540 3381 ut
564 3311 748 3384 Michaelis
777 3311 963 3382 Attaliatae
998 3310 1188 3382 historiam

95 3436 131 3506 in
148 3435 429 3532 Byzantinorum
439 3435 666 3532 Scriptorum
696 3459 829 3530 corpus
844 3435 1038 3531 reciperet,
1060 3436 1097 3507 in
1117 3460 1193 3532 qun

95 3541 166 3632 iam
195 3573 281 3632 ante
307 3543 485 3632 ducentos
512 3584 638 3635 annos,
654 3560 774 3632 locum
788 3561 820 3629 ei
849 3562 1087 3658 assignaverat
1102 3560 1189 3633 Phi-

96 3685 217 3780 lippus
245 3684 421 3756 Labbeus.

196 3806 331 3882 Codice
355 3810 580 3906 igiturquam
606 3806 1079 3905 accuratissimedescripto,
1096 3833 1188 3906 apo-

96 3934 275 4029 graphum
302 3959 449 4027 meum,
475 3935 598 4006 denuo
627 3958 709 4005 cum
738 3921 962 4004 membranis
995 3934 1191 4027 collatum,

98 4081 194 4129 anuo
222 4059 322 4138 ,1844
347 4061 495 4131 Bounae
536 4058 572 4128 in
605 4083 735 4130 manus
768 4055 995 4154 bibliopolae
1026 4056 1189 4151 tradidi,

101 4182 203 4281 quod
225 4208 339 4263 [nuno
379 4184 528 4262 demum
566 4185 703 4281 publici
746 4185 834 4258 iuris
871 4183 912 4255 fit
952 4207 1035 4255 cum
1073 4182 1184 4257 latina
