2875 4734
578 192 790 347 nrsrouu.
964 230 1002 321 j
1161 221 1232 309 'tar

136 400 266 491 Δούκρ,
295 396 365 465 ἐπεὶ
397 399 452 466 καί
470 399 580 476 σκαιός
598 397 711 487 ’δφόνη
733 399 786 465 καί
816 400 984 483 διαβολεύς
1006 404 1060 465 καί
1079 397 1237 486 σοφιστῆς

136 502 197 564 τεόν
227 501 331 564 κακοῖν
361 494 405 573 οός
428 497 495 566 ,καί
524 498 602 565 κατό
639 502 694 583 τῆς
715 498 908 586 Αύγούστης
926 503 1075 582 μοιχειάς
1095 496 1235 585 ἔγκλημα

134 604 179 686 τῷ
197 605 327 682 βασιλεῖ
342 600 579 684 ύποφιθυρίσαι
599 601 710 689 φθόνῳ
732 604 792 666 τού
813 604 1160 685 συνεξυπηρετουμόνου
1183 599 1238 665 ιιαὶ

134 701 428 784 συνδιενερχούντος
456 700 542 789 αόιηῖ
564 701 700 786 Μιχαὴλ
722 703 781 766 τού
802 701 1000 783 Νικομήδοο,
1023 704 1077 783 τῆς
1095 703 1153 779 μὲν
1172 706 1237 781 βα-

109 804 258 887 sostrata
286 801 516 886 παραστάσεως
542 805 760 892 ἀπεπέμφθη,
787 799 863 881 δούξ
886 804 922 867 δὲ
944 802 1001 885 τῆς
1022 797 1103 865 κατὰ
1129 799 1237 883 κοιλην

133 906 256 986 Συρίαν
287 902 481 983 Ἀντιοχείας
520 905 726 986 α’ποδειχδείς
760 905 837 968 ου’δὲ
875 910 940 978 τοῖς
976 904 1078 967 ἐκεῖσε
1104 905 1236 988 μέρεσιν

133 1002 324 1086 ἀπράγμονα
338 1001 394 1066 καί
404 1002 617 1070 ἀστασίαστον
630 1003 689 1088 τὴν
700 1002 858 1088 διαγωγήν
867 1006 1085 1084 καταλέλοιπε,
1107 1001 1238 1087 προφύ-

133 1126 203 1179 σεις
224 1107 369 1183 πολέμων
391 1104 425 1167 ἐκ
438 1102 634 1188 κατασκευης
656 1109 821 1190 φρουρίων
843 1103 1061 1187 ἐπιουνείρων,
1089 1102 1144 1167 καί
1163 1105 1236 1165 δια-

134 1205 251 1269 ύιστοόν
269 1201 345 1278 τούς
367 1195 570 1289 Σαραίηνούς
594 1207 848 1287 α’ντιπολίσματα
865 1201 1015 1270 συνιστοῖν
1038 1206 1083 1277 εἰς
1104 1200 1159 1285 τόν
1180 1206 1236 1283 τῆς

91 1324 126 1378 10
135 1300 235 1388 ἄκρας
264 1303 420 1370 ἐπίθεσιν.
473 1308 528 1385 καί
551 1312 699 1386 πολεμεῖν
726 1309 786 1386 μὲν
810 1305 936 1379 τούτοις
962 1298 983 1388 ἢ
1007 1309 1236 1383 καταπολεμεῖν

133 1403 179 1488 μὴ
213 1402 406 1487 δαιόμενος,
447 1404 668 1486 ἀντιπολεμεῖν
701 1414 767 1481 τοῖς
792 1407 963 1486 Ῥωμαίοις
999 1406 1056 1467 καί
1082 1405 1237 1468 α’νθιστοῖν

133 1505 321 1590 προσοίκους
340 1501 447 1582 πόλεις
469 1514 534 1583 τοῖς
553 1506 746 1588 Ῥωμαϊκοῖς
777 1506 875 1589 δρίοις
901 1506 1068 1589 ἠρέθιζεν·
1111 1502 1149 1566 ού
1170 1498 1236 1586 μην
1277 1504 1284 1517 ’

136 1608 207 1669 αλλ’
228 1600 303 1669 οόδὲ
323 1614 389 1683 τοῖς
410 1610 575 1691 ίγχωρίοις
597 1594 814 1690 Ἀντιοχεῦσιν
844 1590 1052 1688 α’νενόχλητον
1083 1605 1136 1666 καί
1157 1594 1237 1665 ἄλυ-

134 1730 194 1771 πον
227 1705 284 1791 τὴν
311 1705 471 1791 διαγωγὴν
497 1704 690 1792 σονετὴρησε
703 1756 712 1787 ,
737 1708 810 1772 ποτὲ
830 1709 888 1788 μὲν
907 1702 963 1779 τὰς
985 1702 1109 1787 κτήσεις
1132 1702 1237 1764 αύτούν

90 1820 125 1873 15
134 1804 381 1894 α’φαιρούμενος,
405 1810 480 1871 ποτὲ
501 1808 537 1870 δὲ
552 1805 778 1891 καταβαρύνων
800 1806 900 1879 αύτός
917 1794 1116 1887 ἀπαντήσεσι
1129 1825 1237 1881 παρα-

134 1906 238 1991 λόγοις
259 1906 314 1971 καί
335 1908 487 1993 α’πηνόσιν
511 1912 691 1993 ἐπιφοραῖς.
738 1906 773 1980 tc
791 1909 845 1989 τῆς
867 1906 972 1989 α’ρχῆς
989 1906 1107 1985 ταύτης
1127 1925 1237 1983 παρα-
1302 1940 1311 1993 ‘.

134 2012 263 2087 λυθείς,
294 2012 350 2074 καί
368 2008 448 2089 μετύ
480 2012 582 2073 ταύτα
609 2008 713 2089 πόλιν,
737 2001 788 2073 οἷα
816 2004 855 2071 τύ
879 2009 935 2071 τού
954 2008 1143 2089 κρατοῦντος
1165 2002 1235 2066 τότε

134 2112 285 2196 περιπετῆ
316 2113 371 2174 κατ’
397 2112 593 2193 ἀκυβέρνητα
631 2107 852 2194 όφευρήματα,
874 2105 1035 2193 πεμφθείς
1058 2107 1103 2181 είς
1125 2107 1264 2169 decad-f.
1280 2115 1364 2171 2051.

135 2237 196 2296 ραν
235 2211 424 2294 ἡγεμονίαν,
449 2209 506 2274 ούκ
536 2208 650 2273 ε’λόττω
679 2214 741 2273 τῶν
771 2213 928 2293 προτέρων
965 2207 1022 2290 τὴν
1050 2210 1236 2289 μοχθηρίαν

88 2310 300 2395 λθεῖσὴνεγκε.
350 2316 405 2376 τοῦ
426 2312 461 2374 δὲ
481 2306 703 2390 βασιλεύοντος
733 2304 1013 2393 τεθνηκότος,·καί
1033 2310 1088 2388 τῆς
1106 2302 1237 2388 Αύγού-

123 2409 208 2497 ’στης
229 2409 529 2499 τῆναύτοκρότορα
551 2414 774 2495 περιελομένης
796 2406 919 2493 οἷρχὴν,
941 2404 1016 2490 ἔσχε
1038 2431 1085 2481 τις
1109 2408 1235 2470 ε’ναντία

134 2514 217 2599 τύχη
238 2514 293 2578 τόν
312 2510 523 2598 πονηρότατον
537 2512 644 2577 τούτου
664 2515 718 2575 καί
737 2508 942 2587 ἀδικώτατον.
986 2504 1157 2591 βασιλικόν
1173 2504 1233 2590 χόρ

136 2614 239 2697 δόγμα
271 2611 450 2695 καταλαβόν
474 2611 572 2683 αότὸν
592 2615 637 2688 εἰς
656 2612 713 2695 τὴν
730 2603 929 2693 Ἀντιόχειαν
960 2612 998 2699 τῇ
1021 2612 1079 2672 τού
1102 2608 1236 2690 αἵματος

118 2719 268 2803 ,φρουρᾷ
289 2716 506 2798 παραδέδωκε,
527 2712 582 2778 καί
601 2707 642 2798 ἤν
662 2710 846 2800 ἔμφρουρος
867 2713 920 2779 ε’πί
937 2709 1053 2797 χρόνον
1071 2708 1142 2777 τινὰ
1164 2714 1234 2775 κατ’

204 2882 232 2940 4·
251 2884 457 2957 Νικομηδέωςῖ
540 2886 565 2938 8.
582 2889 727 2959 πολεμίων
745 2886 773 2939 C.
880 2914 884 2923 ·

135 3028 242 3090 Βυοεε,
268 3040 326 3075 curn
345 3032 480 3078 tortuosus
499 3032 640 3092 appareret
670 3031 697 3073 et
723 3022 897 3072 calumniator
919 3030 945 3072 et
962 3021 1127 3073 machinator
1145 3020 1236 3072 malo.

136 3113 202 3161 rum,
222 3099 259 3148 ita
276 3104 305 3147 ut
324 3098 402 3147 etiam
427 3098 460 3148 de
477 3096 615 3162 Augustae
644 3092 775 3142 adulterio
805 3091 955 3143 convicium
980 3094 1039 3159 regi
1057 3094 1236 3143 insusurraret

42 3175 45 3182 ’
135 3169 236 3220 invidia
261 3176 406 3219 commotus
424 3166 564 3219 Michaelis
588 3162 737 3225 Nicomedi,
758 3162 802 3229 qui
829 3178 887 3211 cum
909 3175 941 3211 eo
966 3162 1102 3215 serviebat
1122 3170 1148 3213 et
1166 3178 1234 3231 age.

134 3240 189 3304 bat,
208 3256 224 3291 a
241 3240 317 3307 regia
335 3239 440 3305 quidem
467 3234 528 3284 aula
547 3236 670 3288 dimissus
691 3242 748 3297 est,
777 3234 829 3284 dux
847 3241 934 3285 autem
952 3234 1112 3286 Antiochiae
1133 3232 1235 3288 Coele.

136 3312 263 3377 syriensis
282 3309 450 3367 declaratus,
470 3320 505 3355 ne
523 3306 564 3376 his
584 3306 690 3374 quidem
709 3304 828 3373 partibus
856 3307 1011 3357 intentatam
1031 3316 1057 3359 ct
1076 3306 1234 3360 inturbatam

136 3382 389 3434 administrationem
408 3375 531 3443 reliquit:
550 3376 734 3431 simulationes
760 3377 916 3428 infestorum
935 3389 1062 3445 apparatu
1082 3378 1234 3446 praesidio.

135 3470 192 3506 rum
222 3465 366 3505 conserens
387 3458 413 3500 et
432 3450 549 3501 excitans
569 3448 734 3513 Saracenos,
754 3458 783 3501 ut
802 3449 898 3515 oppida
917 3450 1030 3501 adversa
1050 3456 1184 3502 struerent
1201 3448 1235 3498 ad

125 3526 205 3589 ‚arcis
223 3527 367 3590 impetum,
394 3528 421 3571 et
447 3536 505 3572 cum
530 3519 638 3577 hellare
657 3529 748 3572 contra
776 3520 824 3573 hos
850 3520 895 3573 vel
923 3522 1061 3573 debellare
1089 3535 1143 3587 non
1169 3533 1235 3584 pos·
1259 3562 1263 3571 .

135 3603 195 3658 set,
220 3595 253 3645 ad
279 3592 430 3644 bellandum
458 3601 549 3644 contra
575 3590 691 3644 Graecos
718 3600 745 3643 et
766 3593 941 3645 resistendum
967 3593 1046 3644 urbes
1075 3590 1235 3643 Graecorum

123 3666 232 3721 linibus
252 3664 356 3716 vicinas
376 3664 517 3716 excitabat·
537 3663 583 3716 sed
595 3679 631 3714 ne
649 3665 788 3733 indigenas
807 3664 912 3733 quidem
927 3663 1123 3717 Antiochenses
1144 3664 1235 3730 quiete

136 3748 164 3791 et
182 3739 240 3790 sine
258 3736 390 3788 molestiis
408 3752 491 3803 agere
515 3737 593 3800 sivit,
612 3738 690 3788 modo
707 3736 784 3787 bonis
803 3735 951 3803 spoliatos,
970 3735 1048 3785 modo
1066 3735 1234 3803 erogationi.

135 3812 185 3863 bus
206 3808 354 3860 temerariis
372 3816 497 3876 gravatos
515 3808 675 3874 tributisque
700 3805 862 3858 crudelibus.
901 3806 946 3871 qui
966 3806 1016 3855 hoc
1035 3821 1144 3857 munere
1165 3822 1234 3857 exu-

136 3890 178 3933 tus
196 3896 258 3931 mox
278 3881 382 3942 iterum,
402 3887 432 3929 ut
451 3887 525 3930 erant
545 3881 602 3929 eius
621 3880 666 3944 qui
685 3886 741 3928 tum
760 3876 888 3945 regnabat
908 3877 1066 3944 praecipitia
1087 3886 1113 3930 ct
1131 3876 1235 3928 turbida

137 3952 260 4014 consilia,
278 3953 306 4001 in
325 3950 467 4001 secundam
484 3948 792 4015 missus-praefecturam
812 3962 866 3997 nou
884 3948 1013 4009 minorem
1033 3948 1122 4002 attulit
1140 3947 1234 4014 pravi.

135 4025 224 4075 tate'm.
262 4037 329 4089 rege
347 4028 450 4071 mortuo
470 4029 497 4071 et
515 4023 636 4088 Augusta
653 4034 764 4087 regnum
783 4016 896 4086 adepta,
915 4022 990 4071 varia
1010 4020 1059 4070 fuit
1078 4018 1186 4086 pessimi
1207 4022 1234 4065 ct

137 4094 304 4146 iniustissimi
326 4091 440 4145 hominis
459 4090 572 4143 fortuna.
592 4092 750 4159 rescriptum
770 4091 839 4141 enim
858 4092 1056 4158 imperatorium
1074 4086 1234 4140 Antiochiae
1250 4096 1258 4106 ‘

139 4179 198 4215 eum
217 4159 412 4233 deprehensum
428 4164 466 4231 ¹iu
482 4161 592 4215 vincula
610 4170 733 4231 uuquam
760 4177 944 4229 percussorem
964 4160 1088 4224 coniecit,
1109 4165 1136 4211 et
1151 4158 1236 4210 iacuit
