2875 4734
588 212 795 296 aaronis.
1166 216 1241 297 tat

144 379 238 465 οάσης
258 387 304 458 εἰς
326 378 482 469 ἐπαρχίαν
516 390 714 471 προσρυέντο
733 390 796 455 τινί
826 386 1007 470 α’ντάραντι,
1029 388 1084 455 καί
1104 384 1171 455 τότε
1190 381 1241 453 ὅτε

141 484 222 568 μηδὲ
253 488 397 566 πολέμιοι
431 485 488 569 την
516 490 623 554 πάσαν
655 488 766 572 χώραν
796 496 941 571 κατεῖχον
971 489 1025 551 καί
1055 496 1122 564 ταῖς
1154 486 1240 562 δδοῖς

141 584 281 659 άπάσαις
302 584 489 671 ἐφήδρευον,
507 592 678 669 μᾶλλονδὲ
702 583 758 654 εἶπ’
780 591 905 653 ἐκείνων
927 591 972 663 εἰς
987 586 1060 663 τούς
1082 587 1162 653 κατά
1184 586 1240 673 τήν

139 685 291 766 βασιλίδα
306 689 505 768 ,κρατοῦντας
526 688 660 765 πολλοδς
684 692 875 773 εἰσρέοντας,
918 692 973 753 νῦν
995 691 1030 753 δὲ
1053 680 1120 753 άνω
1143 714 1240 754 ποτα·
1325 679 1329 691 ’

110 790 197 867 5μοί
215 784 251 851 td
272 790 403 870 πρᾶγμα
426 778 596 875 κεχάρηκε.
619 794 679 855 τοῦ
701 791 798 875 χάριν
807 818 817 871 ,-
840 785 888 855 δτι
909 787 983 864 τοάς
1004 791 1063 871 μὲν
1085 794 1240 871 κρατοῦν-

137 910 194 962 τας
215 882 389 971 τυράννους
419 886 515 971 ἔγνων
544 887 574 953 οἱ
609 884 772 975 ἅνθρωποι
802 890 858 954 καί
889 890 1006 965 οἰδίκως
1035 889 1090 953 καί
1111 888 1240 975 άφελοός

135 982 195 1067 τὴν
214 990 380 1067 βασιλείαν
404 987 590 1073 ἰθύνοντας,
611 989 665 1056 τὸν
697 994 726 1055 δ’
760 990 847 1067 ε’κτός
880 993 977 1078 άρετῇ
1007 991 1236 1073 διαλάμποντα,

137 1089 193 1173 καί
213 1085 349 1177 άληδείρκ
379 1090 433 1153 καί
461 1090 615 1175 πραότητι
636 1080 691 1157 κάί
719 1092 900 1181 δικαιοσύνῃ
930 1090 1362 1175 κατακοσμούμενον,ῐ.λλ9τ.

136 1187 193 1253 καί
213 1184 323 1253 ἱκανόν
352 1192 517 1273 βασιλείας
537 1195 648 1274 κράτος
675 1192 711 1258 ἐν
733 1202 854 1277 καιροῖς
882 1193 1062 1276 ἀνωμάλοις
1083 1195 1238 1279 α’σφαλοάς

74 1301 127 1354 -10
137 1291 399 1373 διακυβερνῆσαι,
419 1293 530 1377 κράτος
553 1298 593 1379 τῇ
614 1296 676 1357 τῶν
699 1295 894 1379 κρατούντων
909 1300 1051 1383 κακονοίᾳ
1073 1292 1152 1379 πρὸς
1173 1286 1237 1359 dit.

135 1393 217 1455 oeov
242 1390 283 1451 ου’
307 1389 424 1474 μικρὸν
455 1396 509 1456 καί
535 1393 702 1475 βάραθρον
737 1395 894 1468 ἀπωλείας
924 1388 985 1477 ἤδη
1016 1396 1166 1460 συννεῦον
1184 1394 1239 1460 καί

46 1519 55 1525 ·
137 1487 369 1572 άνωθοάμενον.
412 1498 475 1558 τοῖν
494 1497 600 1559 τοίνυν
623 1495 803 1577 ἀνθρώπων
833 1489 931 1571 οὕτως
953 1492 1091 1577 ἑχόντων
1113 1493 1238 1580 γνάμης
1313 1504 1314 1507 ’

137 1590 194 1656 καί
213 1597 444 1676 προαιρέσεως,
465 1600 742 1681 συνεπεψηφιζετο
764 1596 819 1661 καί
847 1594 924 1672 θεάς
946 1589 1085 1679 ἄνωθεν,
1108 1599 1164 1661 καί
1183 1598 1263 1691 ris-l
1356 1623 1360 1640 ι

137 1694 190 1771 ξιά
210 1693 314 1769 πάντα
337 1695 438 1784 τούτῳ
460 1697 515 1761 καί
534 1696 664 1781 πρὸτῆς
686 1699 856 1783 ἐπιδημίας
870 1682 1236 1780 θαυμαστάδιετίθετο,

92 1784 126 1857 15
137 1791 179 1868 ὥς
209 1796 264 1859 καί
293 1788 392 1878 αδτίγν
421 1793 478 1879 τήν
506 1800 627 1880 μητέρα
656 1800 711 1862 καί
733 1798 808 1873 τους
835 1807 994 1881 συγγενεῖς
1017 1791 1159 1875 άπαντος
1181 1800 1239 1863 τοά

136 1899 323 1977 κρατοῦντος
345 1892 450 1983 ἐκείνῳ
472 1894 529 1980 την
551 1901 719 1979 βασιλείαν
740 1896 915 1981 ἐπιτρέπειν
933 1897 1236 1980 ουγκατατιλδεσθαι,
1313 1908 1319 1911 ’

136 1997 193 2057 καί
214 1998 453 2077 διαπέμπεσθαι
483 1996 564 2081 πρὸς
596 1995 718 2080 ου’τάν,
747 2001 802 2079 καί
822 1996 860 2064 τά
887 1996 1079 2085 ε’πιβατὴρια
1101 1999 1236 2082 ψάλλειν

137 2095 224 2181 αὐτῷ
244 2100 298 2161 καί
320 2100 481 2163 διαδονεῖν
501 2095 581 2180 μετά
603 2104 659 2183 τῆς
682 2104 793 2182 λοιπῆς
814 2103 876 2165 τάν
890 2099 1234 2185 πολιτάνδμηγάρεως.
1291 2138 1299 2149 =

135 2196 170 2261 τά
196 2195 291 2279 dida*
319 2207 458 2281 aprinos
483 2200 536 2264 καί
557 2198 650 2282 λόγου
674 2199 791 2273 παντὸς
814 2197 1010 2285 ὑψηλότερον
1039 2194 1061 2283 ἢ
1088 2202 1236 2284 παροδο-

72 2294 271 2380 δθξάτερον,
294 2293 342 2363 ὅτι
365 2325 423 2385 περ
448 2299 477 2364 οἱ
503 2305 650 2384 Τοάρκοι,
671 2304 725 2384 τῆς
748 2300 902 2382 άνατολῆς
922 2302 1023 2384 πάσης
1042 2300 1236 2386 κυριεύσαν-

135 2406 184 2474 τες
206 2392 289 2483 ἦδη,
310 2410 375 2477 τοῖς
410 2402 624 2485 ου’τομολοάσι
654 2400 734 2486 πρὸς
762 2400 818 2464 τὸν
848 2406 1059 2486 Βοτανειάτην
1089 2402 1233 2477 πολίταις
1296 2474 1299 2478 ,

134 2492 202 2581 άμα
223 2504 279 2566 κὀί
300 2504 457 2588 α’γροίνοις
482 2501 629 2585 ε’μποδάν
649 2503 689 2567 ου’
703 2494 917 2568 καθίσταντο·
964 2500 1045 2566 άλλά
1070 2506 1152 2579 τινὲς
1173 2503 1232 2585 μὲν

204 2669 231 2725 4.
251 2673 374 2745 ποταμῷ
392 2672 421 2727 G.

134 2852 194 2900 res,
214 2846 353 2906 antequam
381 2839 451 2891 iacta
474 2833 530 2905 est,
555 2854 609 2891 non
640 2838 814 2893 credebatur:
844 2840 959 2893 nondum
985 2840 1055 2891 enim
1082 2854 1232 2908 quenquam

135 2910 273 2976 quisquam
291 2911 395 2962 viderat
414 2928 448 2962 ex
464 2912 531 2964 urbe
554 2914 582 2962 in
601 2914 766 2978 provinciam
788 2912 947 2963 'affluentem
972 2909 1054 2961 alicui
1072 2910 1231 2962 seditionem
1300 2950 1305 2968 ,

134 2982 270 3032 moventi:
295 2990 375 3049 atque
402 2991 471 3048 turn,
492 3000 550 3034 cum
576 2998 612 3033 ne
632 2983 723 3033 hostes
742 2982 846 3047 quidem
873 2984 1090 3030 omnem'terram
1108 2988 1232 3031 tenerent

134 3059 161 3101 et
179 3052 232 3104 viis
260 3055 382 3105 omnibus
406 3057 571 3115 insiderent,
599 3054 684 3117 magis
713 3052 746 3100 ab
773 3050 828 3100 illis
861 3052 891 3101 ad
912 3050 1077 3100 dominantes
1092 3052 1120 3101 in
1139 3050 1232 3102 urbem
1284 3110 1286 3113 ,

132 3123 228 3174 multos
253 3125 409 3177 affluentes:
428 3140 498 3175 nunc
524 3131 611 3173 autem
630 3123 743 3172 adverso
769 3121 876 3172 flumine
903 3134 948 3170 res
965 3120 1088 3171 recessit.
1126 3118 1232 3189 quare?

121 3195 195 3260 ¹quia
213 3196 374 3263 imperantes
389 3203 517 3259 tyrannos
532 3208 592 3243 esse
605 3200 789 3259 cognoverant
808 3192 928 3244 homines
944 3199 971 3242 et
987 3192 1084 3242 iniuste
1104 3200 1131 3243 et
1151 3207 1231 3259 parce

132 3281 242 3333 regnum
261 3268 421 3335 gubernare,
442 3272 614 3327 comantem,
638 3264 683 3331 qui
703 3266 869 3316 extrinsecus
889 3271 954 3327 erat,
973 3264 1073 3315 virtute
1090 3262 1183 3316 lucere
1204 3271 1231 3315 et

132 3339 246 3389 veritate
266 3346 293 3389 et
314 3336 456 3388 clementia
482 3344 508 3387 et
525 3336 626 3387 iustitia
642 3344 761 3389 ornatum
791 3352 849 3388 esse
879 3344 905 3387 et
923 3343 1011 3402 aptum
1031 3336 1063 3387 ad
1080 3337 1159 3405 regui
1177 3349 1229 3403 po..

132 3409 239 3460 tentiam
260 3414 418 3473 tempestate
442 3407 544 3458 incerta
567 3416 624 3457 tuto
643 3408 854 3475 gubernandam,
881 3409 1026 3474 potentiam
1043 3410 1229 3473 imperantium

131 3479 309 3545 imprudentia
328 3478 360 3529 ad
378 3478 526 3542 periculum
544 3493 598 3529 non
622 3495 734 3545 parvum
751 3487 779 3531 et
797 3482 954 3548 voraginem
977 3481 1096 3531 iacturae
1114 3479 1166 3529 ianr
1184 3478 1229 3529 in-

47 3560 50 3567 “
131 3549 227 3602 flexam
246 3558 274 3599 et
290 3564 417 3615 pressam.
455 3566 514 3600 cum
532 3551 614 3617 igitur
634 3550 754 3603 homines
783 3551 851 3603 banc
876 3551 1005 3603 haberent
1023 3550 1182 3601 sententiam
1201 3556 1228 3599 et

131 3619 307 3683 voluntatem,
325 3636 460 3672 assensum
470 3622 549 3673 dabat
565 3623 644 3672 etiarn
659 3624 724 3674 deus
737 3638 852 3688 superne
866 3631 892 3673 et
910 3622 1003 3673 dextra
1017 3620 1104 3671 omnia
1126 3619 1188 3671 huic
1203 3626 1229 3669 et

110 3692 193 3743 'ante
211 3692 353 3749 adrentum
372 3691 537 3745 admirabilia
551 3694 739 3758 constituebat,
765 3695 803 3744 ita
817 3702 846 3744 ut
861 3693 955 3759 etipsa
972 3700 1056 3743 mater
1076 3698 1103 3742 et
1121 3690 1228 3759 cognati

131 3778 223 3815 omnes
233 3764 389 3830 imperantis
398 3764 440 3815 illi
453 3781 564 3833 regnum
576 3764 717 3816 advertere
732 3766 918 3826 convenirent,
937 3770 964 3814 ct
973 3765 1080 3815 nuntios
1092 3764 1229 3815 mitterent

130 3834 164 3885 ad
182 3851 241 3885 eum
255 3843 282 3887 et
298 3837 426 3887 adventus
440 3838 556 3888 carmina
570 3836 664 3887 fidibus
676 3843 804 3887 canerent
819 3836 843 3885 ei
855 3842 882 3885 et
894 3842 1034 3901 creparent
1050 3850 1108 3886 cum
1121 3833 1227 3901 reliquo

130 3907 230 3957 civium
248 3916 390 3959 conventu.
410 3909 499 3969 maius,
512 3916 600 3959 autern
620 3916 676 3959 crat
695 3916 722 3957 et
740 3920 862 3959 sermone
890 3908 960 3956 omni
979 3904 1059 3957 altius
1078 3905 1124 3958 vel
1143 3905 1227 3971 magis

83 4002 87 4007 ⁷
130 3978 351 4045 inexspectatum,
365 3979 436 4045 quod
445 3979 544 4031 Tuscae
562 3979 673 4033 orientis
687 3980 772 4029 omnis
785 3978 883 4029 domini
896 3978 947 4028 iam
961 3977 1024 4029 facti
1042 3976 1226 4041 transfugien-

130 4050 200 4109 tibus
220 4052 253 4103 ad
272 4051 432 4103 botaniaten
450 4051 555 4103 civibus
573 4050 651 4102 simul
672 4058 699 4101 et
715 4048 843 4117 agricolis
862 4050 1049 4117 impedimento
1068 4062 1122 4099 non
1142 4054 1225 4111 erant,

130 4122 177 4175 sed
192 4123 317 4177 nonnulli
335 4122 426 4175 divina
445 4123 474 4177 vi
493 4124 585 4179 hostes
603 4122 742 4187 latebant,
768 4120 860 4190 plures
883 4130 970 4175 autem
992 4116 1144 4173 incidebant
1162 4118 1225 4187 qui.
