2875 4734
220 231 246 306 t
510 228 731 303 nicatius
762 165 1023 335 λπλιιοτλιι

222 403 320 484 τέραν
350 391 534 481 περιεζώσω
570 401 624 460 καί
657 395 782 462 πάντων
813 399 1007 479 ἐξοχωτάραν
1040 397 1080 482 τῇ
1111 395 1170 458 τοῦ
1195 391 1332 475 κράτους

223 500 378 586 ὑπεροχῇ.
421 503 579 574 ποικίλαις
599 495 660 580 γάρ
687 500 743 561 καί
764 498 930 571 παντοίαις
953 500 1061 577 τιμοῖς
1082 497 1137 586 ηαί
1150 492 1263 576 δώροις
1276 492 1333 556 καί

224 599 380 686 άφθόνοις
400 600 591 680 χμρίσμασι,
612 596 666 660 καί
688 589 776 671 ὅσοις
798 596 873 660 οὐδὲ
898 597 1009 669 πάντες
1030 593 1059 658 oi
1081 593 1142 677 πρὸ
1163 598 1223 658 σοῦ
1233 599 1331 674 βασι-

223 696 392 773 λούσαντες
417 695 493 771 τοάς
516 701 547 775 ἐν
571 708 637 772 τοϊς
658 694 789 780 χρόνοις
810 698 917 762 ου’τών
939 696 1129 777 άνθρώπους
1141 695 1332 777 ἠμείψαντο,
1413 722 1415 813 η

116 873 119 880 f
223 796 485 880 κατελάμπρυνας
506 795 541 862 τό
567 794 716 880 ὑπήκοον,
739 800 793 860 καί
811 802 941 879 γέγονας
963 799 1006 883 τῷ
1028 787 1095 859 όντι
1117 796 1181 860 τών
1197 792 1255 877 πρὸ
1270 787 1355 863 coos
1414 830 1416 903 η

222 903 380 982 βασιλέων
400 895 654 980 βασιλικώτερος,
679 897 722 972 oie
745 897 799 961 καί
818 892 986 972 τοσούτους
1007 895 1176 976 πολεμίους
1198 897 1252 958 καί
1271 917 1331 958 το-
1415 938 1417 1013 η

225 1001 357 1083 Ιράννους
369 995 592 1075 καδυποτάξας
605 998 659 1062 καί
678 1001 748 1078 βίον
770 1001 804 1062 ἐκ
820 1000 943 1091 παίδων
954 995 1110 1080 ἔχωντών
1124 996 1332 1080 άνδραγαδη-
1416 1020 1418 1115 η

224 1099 333 1183 μάτων
351 1098 385 1165 τό
412 1104 556 1182 μίγεθος.
585 1093 729 1162 άθενιιοί
752 1095 1330 1181 άγώνωνάπάθεοιςμεγίυτηγίγοεας
1417 1126 1418 1131 ’

223 1212 289 1278 τοῖς
313 1204 387 1283 περί
410 1199 518 1290 λόγους
539 1193 774 1264 ἐσπουδακόσιν
784 1201 829 1274 εἰς
843 1200 879 1263 τό
901 1196 1098 1284 συγγράφειν
1109 1200 1173 1262 τών
1188 1191 1254 1263 σοῖν
1269 1221 1330 1262 ιτα-

224 1299 442 1388 τορθωμάτων
466 1295 501 1364 τό
522 1293 716 1381 περιούσιον.
762 1299 832 1362 ε’πεί
863 1302 898 1364 δὲ
928 1293 1033 1378 ώσπερ
1061 1322 1109 1372 τις
1138 1295 1328 1378 άλυμπιονί-
1341 1317 1376 1370 10

226 1428 282 1489 κης
302 1401 428 1486 σεαυτῷ
447 1398 485 1465 τά
508 1402 609 1464 πάντα
633 1403 857 1475 καθυπέταξας
880 1399 1029 1480 α’κριβώς,
1052 1401 1107 1462 καί
1128 1398 1221 1463 οὐδὲν
1243 1399 1349 1485 άφηγ
1420 1412 1421 1425 ’

221 1495 283 1580 Ικας
304 1506 368 1567 τών
389 1503 625 1580 ἐπαινουμένων
645 1503 679 1562 ἐν
701 1498 806 1586 κόσμιρ
829 1497 1058 1582 άκατόρδατόν
1081 1498 1186 1562 τεκαί
1207 1498 1331 1563 άνυπό-
1417 1474 1422 1523 i

225 1628 356 1684 τακτον,
385 1599 454 1668 εἶτα
478 1599 533 1665 καί
554 1599 634 1684 πρός
653 1597 708 1682 την
731 1598 767 1663 άν
791 1605 855 1674 τοῖς
877 1596 980 1682 λόγοις
996 1598 1183 1672 ,καί-πόνοις
1206 1599 1331 1690 impio-
1422 1584 1423 1611 ³

226 1703 333 1779 τάτοις
353 1699 496 1785 σπουδὴν
518 1696 589 1763 ὅλον
612 1698 751 1784 ἔτρεψας
774 1699 919 1780 σεαυτόν,
939 1699 1060 1785 ἡμέρας
1070 1705 1130 1781 μὲν
1141 1709 1207 1773 τοῖς
1217 1692 1330 1778 άδλοις

227 1805 281 1867 καί
303 1811 368 1876 τοῖς
390 1805 454 1866 τών
474 1799 670 1883 πραγμάτων
695 1791 801 1882 όχλοις
821 1804 925 1863 noscis
947 1803 1000 1864 καί
1026 1799 1137 1876 κάλλος
1168 1798 1376 1885 άμήχαιοκ15
1424 1800 1425 1823 ¹

227 1903 331 1991 ἑαυτῷ
352 1901 533 1988 ἐξυφαίνων
555 1899 600 1974 εἰς
619 1897 688 1976 ἑνός
719 1900 858 1981 κόσμου,
878 1895 899 1984 ἢ
922 1900 956 1965 τό
978 1925 1013 1984 γε
1040 1898 1252 1986 άληδδστερον
1284 1902 1333 1967 εἶ·
1425 1908 1426 1911 ’

226 2011 296 2068 πεῖν
315 1999 530 2090 όπερκοσμίου
552 2002 644 2085 δόξης
667 2003 909 2086 συμπλήρωσιν,
931 2001 1108 2084 άλουργίδα
1130 2025 1164 2066 τε
1186 2003 1242 2064 καί
1257 2005 1332 2067 στέ-

226 2128 328 2192 φανον
348 2105 403 2165 ουίι
427 2099 616 2193 ἀποχρῶντα
640 2105 696 2185 τῆς
717 2104 883 2182 βασιλείας
906 2099 1019 2186 ἡγήσω
1042 2103 1228 2188 παράσημα,
1259 2105 1332 2168 στί-

228 2230 329 2294 φανον
353 2206 388 2269 δὲ
408 2205 550 2287 χαρίτων
572 2205 625 2267 καί
645 2203 821 2284 ἁλουργίδα
844 2203 1019 2285 ξενοπρεπῆ
1042 2203 1082 2265 δι’
1098 2201 1262 2284 εὐσεβείας
1275 2204 1333 2268 καί

229 2295 475 2394 φιλανθρωπίας
498 2305 553 2366 καί
574 2302 691 2387 άρετῆς
713 2300 766 2366 διά
791 2299 907 2379 παντός
938 2304 1175 2384 ε’πιδείκνυσαι,
1202 2309 1257 2368 καί
1286 2307 1378 2392 spito

228 2409 384 2488 στάψαντί
401 2393 437 2470 σε
457 2407 524 2492 θεῷ
544 2402 625 2468 κατά
646 2402 682 2469 τά
706 2402 844 2468 δυνατόν
865 2402 1023 2494 ἀνθρώπῳ
1043 2408 1194 2487 γενέσθαι
1223 2399 1330 2486 άμοιος

229 2501 502 2590 περισπούδαστον
529 2501 619 2587 ἔργον
649 2507 844 2588 πεποίησαι,
872 2505 914 2579 ὡς
935 2507 990 2568 καί
1010 2509 1050 2590 τῇ
1070 2503 1248 2588 α’ναγνώσει
1276 2507 1332 2571 καί

230 2606 361 2690 άσιιὴσει
381 2611 444 2670 τών
471 2605 571 2688 λόγων
593 2599 734 2682 δικάζειν
757 2603 904 2688 άρρεπώς
927 2607 982 2668 καί
1002 2608 1144 2686 νομίμως
1164 2605 1332 2691 καίπράτ-

302 2775 328 2828 3.
349 2771 435 2837 ὅσους
454 2774 483 2828 G.
577 2773 620 2826 23.
642 2772 753 2836 δικάζει
772 2773 802 2827 0,

233 2912 372 2980 potentiae
389 2909 560 2978 praestantia.
599 2908 682 2959 variis
702 2908 772 2958 enirn
792 2916 819 2959 et
837 2908 926 2971 multis
954 2908 1101 2964 honoribus
1124 2919 1152 2964 et
1177 2914 1332 2967 muneribus

238 2989 271 3036 et
290 2981 379 3050 plenis
404 2979 496 3044 donia,
523 2986 549 3030 et
576 2986 677 3045 quanta
699 2995 734 3030 ne
761 2993 853 3031 omnes
872 2980 977 3048 (pridem
996 2984 1041 3050 qai
1060 2990 1122 3034 anta
1140 2986 1168 3036 te
1186 2994 1334 3052 regnarunt

234 3052 392 3123 aequalibus
408 3051 590 3114 reddiderunt,
609 3049 694 3102 beasti
714 3049 861 3114 subiectos,
881 3059 908 3103 et
919 3051 1005 3106 iactus
1016 3070 1045 3106 es
1062 3055 1257 3124 reseraiisqui
1269 3065 1332 3108 aute

233 3128 261 3177 te
279 3131 430 3193 regnarunt·
442 3119 571 3190 ragalior,
590 3129 620 3172 ut
638 3121 718 3173 etiam
738 3130 825 3173 tantos
845 3121 937 3175 hostes
956 3132 982 3175 et
1001 3133 1129 3191 tyrannos
1145 3127 1333 3179 subieceriset

234 3197 314 3248 vitam
334 3207 368 3244 ex
385 3193 478 3246 liberis
499 3194 598 3260 capias,
606 3195 729 3246 nimirum
748 3193 855 3246 fortium
874 3195 1003 3246 factorum
1011 3198 1228 3265 magnitudinem.
1249 3214 1333 3266 quare

236 3268 316 3319 etiam
341 3264 510 3316 certaminum
538 3273 721 3332 argumentum
753 3265 893 3316 maximum
918 3265 1003 3319 iactus
1029 3283 1058 3319 cs
1091 3269 1239 3320 orationum
1271 3277 1332 3322 stu.

236 3338 319 3388 diocia
347 3336 374 3386 iu
408 3335 600 3387 conscribenda
631 3342 734 3387 tuorum
769 3336 899 3387 factorum
930 3339 1015 3404 copia.
1069 3348 1207 3408 postquam
1243 3348 1332 3393 autem

236 3417 359 3475 tanquam
379 3407 467 3458 victor
486 3406 635 3473 olympicus
654 3407 702 3458 tibi
732 3407 820 3458 omnia
847 3408 986 3476 subegisti·
1004 3419 1113 3476 aperte,
1140 3426 1228 3479 neque
1252 3413 1333 3479 quid.
1373 3414 1378 3424 '

237 3493 314 3548 quam
335 3491 435 3542 eorum,
454 3479 569 3545 quaein
589 3479 685 3530 mundo
705 3477 892 3542 celebrantur,
920 3479 1047 3532 iniectum
1073 3497 1161 3550 neque
1187 3495 1240 3533 non
1266 3483 1341 3536 suiix-

235 3552 357 3612 iectum3
383 3549 479 3600 deinde
505 3550 583 3600 etiam
611 3551 759 3601 orationum
787 3557 813 3600 et
839 3551 1039 3603 meditationum
1061 3552 1248 3606 altissimarum
1262 3545 1333 3606 'stu-

236 3623 280 3674 dio
299 3629 383 3672 totum
404 3629 431 3671 te
451 3619 611 3684 efformati,
630 3628 735 3688 tempus
753 3620 942 3674 certaminibus
961 3631 988 3674 et
1006 3624 1135 3676 sactorum
1155 3627 1233 3696 copia
1251 3641 1334 3678 exer..

237 3708 311 3757 cens,
333 3700 360 3745 et
377 3689 602 3759 pulchritudinem
621 3693 774 3744 immensam
793 3693 842 3743 tibi
861 3695 912 3760 ipsi
933 3701 1083 3760 contexens
1097 3697 1125 3746 iu
1145 3697 1222 3749 unius
1243 3698 1334 3749 muudi

237 3765 307 3828 sive,
326 3770 354 3814 ut
372 3763 463 3815 verius
483 3763 577 3827 dicam,
598 3765 826 3831 supramundauae
844 3763 949 3832 gloriae
969 3765 1333 3835 perfectionem3purpuram

239 3843 267 3888 et
284 3847 408 3886 coronam
425 3849 480 3885 non
499 3835 625 3888 sufficere
646 3836 751 3902 imperii
771 3837 870 3902 putasti
889 3836 1008 3902 siguum,
1030 3837 1078 3889 sod
1093 3831 1218 3891 coronani
1231 3841 1334 3908 gratiae

238 3914 266 3960 et
282 3919 425 3972 purpuram
443 3907 594 3958 inusitatam
613 3909 713 3974 pietate
734 3915 761 3957 et
779 3907 941 3966 h'umauitate
959 3914 987 3957 et
1004 3907 1104 3958 virtute
1122 3911 1228 3962 omniuo
1241 3913 1336 3962 osten.

238 3977 295 4042 dis.;
314 3983 394 4045 atque
412 3977 541 4045 deo,'qui
560 3985 587 4028 te
607 3979 758 4040 coronavit,
777 3986 902 4046 quantum
921 3976 1022 4030 homiui
1040 3977 1115 4043 licet,
1134 3979 1335 4043 siciliensium,

239 4063 306 4117 opus
325 4047 373 4106 tibi
393 4049 557 4116 proposuisti
582 4048 793 4114 optatissimum,
815 4056 844 4098 ut
863 4049 942 4117 etiam
963 4047 1082 4102 laesione
1102 4058 1129 4103 et
1143 4052 1336 4105 oxeioitationo

238 4121 388 4178 omuouum
414 4119 516 4174 iudicas
540 4117 630 4172 stabili
658 4126 685 4170 et
712 4120 783 4173 iusto
807 4120 902 4185 modo,
927 4127 955 4172 et
979 4118 1071 4173 facore
1098 4137 1167 4192 quaa
1185 4131 1292 4193 oportet
1308 4129 1339 4175 et
