2875 4734
545 274 753 349 maronia,
802 375 808 384 .
1079 262 1083 267 '
1133 272 1207 345 sot

406 387 418 416 ἱ

109 464 220 523 οτερον
240 439 296 505 καί
316 436 522 524 ἰσχυρότερον
547 444 742 523 καταστῆσαι
762 434 948 511 σπουδάσας
969 439 1015 511 εἰς
1035 435 1211 521 Χρυσόπο-

111 549 160 607 λιν
182 541 486 624 διαπορθμουθῆναι
507 547 666 625 πεποίηκε.
708 544 764 605 καί
788 531 825 621 ῆν
848 537 935 613 ἐλπίς
956 533 1114 621 ἓνωθῆναι
1135 539 1211 603 τού-

110 665 183 718 τους
201 640 284 723 μετύ
307 646 369 707 τῶν
400 643 669 726 προηγησαμένων
690 641 910 720 στρατιωτῶν,
943 642 998 702 καί
1018 641 1063 711 εἰς
1088 642 1209 722 πλῆθος
1293 696 1295 703 .

111 746 252 830 ἀρθῆναι
270 748 362 825 μίγα,
384 747 439 806 καί
457 745 517 806 ταῖν
542 739 693 825 Τούρκων
714 740 769 825 τῆν
792 736 874 803 ἑοόαν
897 740 1126 820 ἐλευθερῶσαι,Ι
1157 740 1211 803 καί

85 843 183 921 5τούς
213 848 464 929 ταραττομένους
500 843 678 917 όποκλινεῖς
715 846 846 925 ποιῆσαι
877 840 930 904 κατ’
956 839 1036 923 πρός
1066 837 1209 922 όπακοῆν

110 942 405 1030 μεθαρμόσασθαι,
432 943 487 1007 καί
507 946 701 1026 καταστῆσαι
728 950 790 1017 τοῖς
810 945 844 1007 ἐκ
867 946 922 1006 τού
950 943 1104 1022 βασιλέως
1138 940 1211 1024 ἤγε-
1273 928 1279 939 ’

110 1053 249 1124 μανικοῖς
274 1045 330 1108 καί
354 1043 575 1129 μεγαλόφροσι
596 1042 839 1126 στρατηγῆμασι
859 1039 894 1105 τό
916 1044 1096 1125 τηλικοῦτον
1116 1043 1212 1121 μέρος

110 1149 167 1229 τῆς
188 1147 374 1229 οἰκουμένης
395 1148 449 1208 καί
472 1146 517 1219 εἰς
534 1141 674 1227 γαλῆνην
694 1142 750 1206 καί
770 1146 920 1227 νηνεμιάν
942 1144 1133 1226 περιστῆσαι
1159 1142 1211 1204 κατ’

31 1297 37 1306 ,
111 1237 228 1310 ἄνεσιν.
272 1244 348 1309 idi
373 1242 592 1320 Κωνστύντιος
616 1246 741 1309 ἐναντία
761 1244 882 1307 τούτων
903 1240 1026 1307 πόντων
1049 1238 1212 1327 φρονήσας
1249 1260 1253 1264 ·

63 1351 166 1413 10καί
185 1347 455 1429 διανοησόμενος,
478 1350 531 1410 καί
549 1349 632 1430 μηδὲ
653 1343 711 1428 τῆν
733 1344 826 1409 θειάν
851 1348 939 1428 δίκην
964 1344 1155 1427 εὐλαβηθείς
1184 1342 1214 1404 εἰ

110 1444 271 1511 τοσούτων
289 1449 393 1510 κακῶν
413 1450 456 1533 τῷ
476 1469 512 1509 τε
534 1445 641 1536 κόσμτρ
662 1446 717 1509 καί
737 1445 823 1533 αύτῷ
843 1451 973 1524 βασιλεῖ
988 1448 1043 1517 καί
1068 1453 1131 1519 τοῖς
1152 1448 1241 1507 aru-f·
1257 1446 1341 1505 2361.

111 1549 174 1621 λαός
194 1550 455 1628 βασιλευομένοις
480 1549 628 1631 πρόξενος
656 1553 804 1631 γένηται,
832 1552 887 1611 κατ’
906 1550 986 1631 μηδὲ
1008 1543 1062 1626 τῆν
1094 1546 1214 1608 α’ποτυ-

111 1652 188 1730 χίαν
211 1647 392 1731 ὑποπτήξας
410 1650 469 1711 τού
492 1646 729 1731 ἐγχειρήματος,
749 1650 928 1730 νεωτερίζοι
951 1643 1030 1711 κατὰ
1047 1650 1106 1710 τοῦ
1115 1650 1213 1727 βασι-

112 1752 207 1828 λέως,
229 1750 286 1812 καί
304 1750 362 1830 τῆς
380 1747 524 1832 κακίστης
549 1749 747 1820 οἷποοτασίας
767 1756 832 1821 τοϊς
853 1748 1081 1830 στρατιώταις,
1102 1743 1127 1811 τό
1156 1752 1212 1828 τῆς

66 1867 102 1919 15
112 1827 306 1932 α’πόπληξίας
327 1852 383 1912 καί
401 1851 460 1911 τού
481 1847 791 1932 δνοσιουργῆματος,
812 1838 1015 1926 μεταδίδωσι.
1059 1844 1213 1932 πρότερον

111 1948 172 2034 γὰρ
195 1948 388 2031 συμβούλοις
407 1959 473 2023 τοῖς
493 1948 715 2032 πονηροτάτοις
734 1950 768 2011 ἐκ
781 1948 903 2011 τούτων
924 1952 978 2011 καί
1000 1945 1102 2029 δῆμον
1133 1946 1213 2010 οἶνοί-

90 2073 207 2124 .πταις
229 2047 438 2133 χρησόμενος,
460 2045 594 2132 ὕστερον
618 2047 795 2134 α’φίιπαται
820 2046 900 2133 πρός
922 2046 1042 2125 αύτούς
1063 2052 1097 2113 ἐν
1120 2052 1214 2132 Χρυ-

112 2148 243 2214 σοπόλει
263 2148 321 2232 τῆν
341 2148 545 2234 παρεμβολὴν
568 2148 712 2233 ἔχοντας,
736 2152 791 2214 καί
809 2148 843 2213 τό
855 2153 977 2233 πλῆθος
998 2149 1141 2225 ἐνσείσας
1152 2154 1212 2232 βα.

112 2253 209 2314 σιλέα
225 2252 335 2315 τούτου
355 2252 568 2334 α’ναγορεύσαι
593 2253 633 2314 δι’
654 2252 865 2332 α’ποστατικῆς
886 2252 1057 2331 μεθοδείας
1086 2271 1209 2332 περιερ.
1311 2305 1315 2311 ,

68 2346 253 2435 Ωογόζεται,
274 2355 335 2415 τού
357 2354 469 2415 λοιποῦ
493 2355 625 2436 στίφους
637 2353 700 2415 ταῖν
721 2348 766 2433 μῆ
789 2351 1106 2434 συγκοινωνησόντων
1127 2349 1212 2435 αύτῷ

112 2455 167 2533 τῆς
190 2451 337 2533 όθέσμου
357 2455 478 2535 βουλῆς
501 2455 543 2539 τῷ
566 2448 743 2539 παραδόξῳ,
767 2453 821 2535 τῆς
844 2452 939 2533 α’κοῆς
965 2453 1212 2534 διαπορηθέντος

113 2554 167 2615 καί
185 2551 372 2637 α’μφιβόλου
396 2557 577 2634 γενομένου.
623 2553 677 2614 καί
704 2548 782 2633 μῆτε
808 2555 866 2615 τού
889 2553 1059 2629 δεδομένου
1090 2549 1211 2625 τούτοις

112 2651 260 2736 α’ρχηγοῦ
281 2650 520 2737 παρατυχόντος
534 2655 637 2717 ἐκεῖσε
654 2648 707 2716 διό
729 2653 762 2717 τὸ
786 2656 826 2740 τῇ
841 2651 1056 2741 βασιλευούσῃ
1078 2648 1125 2715 ἐτι
1141 2649 1212 2715 ἐπτ-

114 2753 235 2837 δημεῖν,
256 2753 367 2829 στόσις
389 2754 542 2839 ἐμφύλιος
560 2759 676 2838 γέγονε,
699 2758 754 2818 καί
772 2748 961 2839 ῆρξατοοίπό
983 2757 1088 2838 τρίτης
1104 2758 1213 2839 polu·

187 2888 229 2942 10.
249 2890 286 2958 εἴ]
311 2892 351 2952 εἰς
369 2887 399 2943 G.
491 2889 534 2942 16.
557 2889 635 2963 όῆμρι
653 2888 683 2944 G.

115 3034 273 3101 sperandum
289 3042 355 3100 erat,
370 3037 538 3089 coniunctum
551 3038 585 3087 iri
598 3036 648 3087 bos
662 3051 721 3085 cum
733 3035 901 3102 praegressis
914 3034 1044 3087 militibus
1057 3043 1084 3086 et
1097 3035 1130 3085 ad
1142 3036 1215 3087 mul.

113 3106 252 3157 titudinem
262 3103 322 3158 tolli
331 3123 453 3177 magnam
468 3117 494 3159 ct
503 3107 594 3159 lurcis
610 3106 740 3156 orientem
755 3105 881 3169 liberere,
898 3112 924 3156 et
937 3107 1066 3157 excitatos
1077 3105 1214 3159 subiectos
1243 3096 1246 3107 ’

115 3177 205 3228 lacere
227 3185 254 3229 et
271 3179 304 3230 ad
317 3180 495 3230 obedientiam
514 3191 693 3239 commovere,
714 3185 741 3228 et
762 3177 926 3228 constituere
944 3178 1017 3245 regis
1036 3178 1214 3244 imperatoriis

115 3256 142 3301 at
158 3251 332 3317 magnanimis
351 3249 470 3314 imperiis
488 3247 568 3298 talem
589 3255 690 3315 partem
709 3249 798 3299 muudi
823 3249 855 3300 ad
874 3264 966 3314 pacem
987 3258 1012 3300 et
1032 3248 1214 3317 tranquillita-

114 3327 167 3371 tem
187 3328 214 3371 et
231 3322 426 3374 remissionem.
465 3319 511 3369 sed
534 3317 723 3371 Constantinus
743 3328 835 3371 contra
855 3319 922 3370 baeo
942 3321 1030 3371 omnia
1049 3322 1168 3373 sentiens
1188 3328 1215 3371 et

114 3392 235 3460 cogitans
254 3406 343 3458 nequo
361 3389 477 3441 divinam
495 3390 622 3441 iustitiam
641 3404 757 3455 cavens,
777 3393 800 3442 si
822 3400 953 3443 tantorum
971 3392 1099 3444 malorum
1117 3393 1213 3443 mundo
1248 3412 1263 3421 ·

46 3518 51 3529 ,
114 3470 143 3515 et
159 3464 219 3528 ipsi·
230 3463 289 3528 regi
309 3468 335 3511 et
348 3460 418 3512 beno
437 3460 591 3527 gubernatis
604 3462 799 3515 administrator
809 3464 895 3528 fleret,
914 3478 1003 3531 neque
1015 3463 1146 3516 fortunam
1163 3477 1213 3529 pa.

114 3547 182 3586 vens
200 3532 311 3597 incepti,
330 3546 415 3583 novas
432 3547 476 3583 res
488 3531 597 3584 molitur
616 3542 708 3585 contra
729 3549 836 3603 regent
857 3542 884 3586 et
901 3536 1042 3600 pessimam
1054 3534 1214 3585 seditionem

116 3619 174 3657 cum
189 3602 317 3656 militibus
328 3606 358 3671 (o
374 3604 502 3655 insaniam
514 3612 540 3655 et
549 3604 735 3674 sacrilegium)
749 3606 934 3657 communicat.
947 3613 1025 3657 antea
1037 3606 1106 3656 enim
1119 3612 1214 3656 aucto.

113 3675 187 3728 ribus
207 3674 372 3740 pravissimis
385 3691 419 3727 ex
438 3674 479 3727 bis
493 3679 526 3726 'et
539 3675 633 3743 populi
649 3676 837 3728 incitatoribus
856 3692 930 3739 usus,
950 3685 1042 3743 postea
1061 3676 1165 3728 desistit
1182 3677 1216 3728 ad
1295 3712 1309 3723 .

3 3785 15 3795 „
116 3761 162 3799 eos
183 3744 344 3811 chrysopoli
365 3755 452 3799 castra
471 3746 615 3812 babentes,
641 3755 668 3798 et
686 3746 880 3799 multitudinem
899 3748 1055 3799 concutiens
1074 3747 1214 3799 seditionis

115 3816 215 3870 artibus
240 3816 348 3869 adducit
371 3825 400 3869 ut
423 3832 515 3887 regem
545 3813 616 3870 Hunc
640 3820 840 3882 renuntiarent,
869 3818 975 3885 reliqua
991 3833 1092 3870 corona
1113 3834 1214 3883 eorum,

116 3889 162 3957 qui
179 3902 234 3939 non
259 3890 403 3956 participes
422 3892 457 3950 ,ei
478 3898 554 3943 erunt
577 3891 669 3943 iniusti
695 3889 824 3952 consilii,
844 3890 1027 3957 inexspectata
1047 3890 1115 3941 fama
1136 3888 1215 3941 dubi.

115 3968 188 4013 tante
207 3966 235 4010 et
253 3960 385 4025 ancipite:
416 3969 495 4029 atque
525 3977 585 4012 cum
606 3962 682 4013 datus
701 3961 742 4013 his
762 3960 814 4012 dux
832 3974 885 4012 non
904 3962 1010 4014 adesset
1028 3961 1084 4025 ibi,
1108 3962 1170 4027 quia
1187 3961 1215 4009 in

93 4032 191 4099 regia
217 4032 352 4083 etiamtum
376 4032 552 4097 versabatur,
574 4033 672 4084 seditio
691 4038 806 4101 cognata
826 4031 895 4084 facta
923 4042 964 4085 est
981 4041 1062 4100 atquc
1080 4032 1216 4097 incepita

113 4104 195 4155 tertia
212 4102 414 4172 sipilianootis
432 4105 569 4173 usquead
588 4104 725 4155 meridiem
744 4104 845 4170 ipsumr
871 4105 967 4169 deinde
987 4120 1045 4154 cum
1064 4103 1215 4170 coniunge-

113 4181 206 4229 rentur
232 4176 363 4243 apoatatia
389 4176 420 4229 ri
442 4191 531 4245 nequo
549 4175 659 4230 suadela
686 4176 732 4244 qui
750 4182 829 4229 antea
854 4175 935 4241 alitor
952 4181 1102 4240 senserunt,
1121 4188 1215 4243 passus
