2875 4734
521 280 525 286 “
552 280 758 348 ursronrl.
1144 275 1217 359 stt

124 476 189 536 ρων
210 456 265 517 καί
285 444 388 533 ὅρκων
408 451 644 533 συστήσασθαι.
702 448 754 517 ὅτε
776 455 811 518 δὲ
838 453 873 519 τὸ
893 450 983 538 ἔργον
1001 460 1057 538 τῆς
1075 480 1220 539 συνωμο-

123 548 194 628 σίας
215 550 391 634 ἐπλήρωσε,
410 550 466 617 καί
488 554 532 625 εἷς
554 551 589 616 τύ
614 546 725 638 αύριον
747 556 962 639 ύναγορεύοαι
978 554 1033 620 τύν
1046 561 1220 640 Βρνίννιον

122 655 160 718 τά
181 654 245 717 τῶν
262 656 492 733 συναραμένων
513 653 597 739 αύτῆ
620 653 847 735 διεδκέψαντο,
880 646 926 730 εἷς
947 654 1065 721 τούτων
1083 639 1219 741 χάριτας

122 757 156 818 ἐκ
177 754 273 817 τινῶν
294 740 559 835 προηγησαμὲνων
587 756 733 835 χρηστῶν
763 755 926 839 ὁμολογεῖν
956 754 1039 837 ἔχων
1060 740 1117 837 μοι
1137 778 1219 839 προ-

96 856 249 935 sopito·
272 849 356 932 οἷωρί
388 854 451 913 τῶν
478 853 611 932 νυκτῶν,
636 857 696 943 καί
726 854 785 936 τήν
804 856 976 939 ἐπιβουλήν
1005 856 1217 941 ύπεσήμανεν.

122 948 220 1025 αύτός
250 952 286 1013 δὲ
315 949 415 1013 πολλά
436 950 653 1035 δυσχεράνας,
683 952 737 1016 καί
766 953 864 1018 πολύυ
896 952 1078 1036 ὀνειδισμὸν
1099 952 1219 1020 τούτων

121 1054 178 1114 καί
201 1050 349 1131 μυκτῆρα
387 1052 620 1133 καταχεάμενος
650 1049 693 1127 ῶς
722 1055 983 1137 καταπροδόντων
1009 1053 1066 1139 τήν
1096 1048 1219 1119 ἑαυτῶν

121 1154 290 1235 σωτηρίαν,
312 1149 428 1224 καίςτὸ
456 1154 511 1235 τῆς
545 1152 679 1229 πίστεως
711 1152 883 1235 σύμβολον,
914 1154 1134 1238 α’νυπονοήτως
1159 1156 1219 1235 μὲν

120 1244 219 1315 αύτδν
233 1254 287 1315 καί
306 1258 373 1331 μετ’
388 1250 558 1327 ε’πιεικείας
572 1250 824 1337 ἀπεπεμψάμην,
843 1256 1015 1338 μελετήσας
1039 1257 1074 1320 δὲ
1094 1280 1221 1337 παραυ-

78 1364 111 1417 10
120 1356 190 1417 τίκα
222 1349 279 1435 τήν
301 1350 392 1415 πόλιν
412 1350 530 1437 ταύτην
551 1357 605 1416 καί
624 1351 680 1435 τήν
702 1352 873 1439 ἐπιβουλήν
903 1360 1059 1441 ἐκφυγεῖν,
1082 1350 1219 1439 ῶρμησα

117 1458 187 1535 μέν,
212 1451 254 1528 ῶς
276 1448 361 1535 εἶχον
382 1452 520 1536 ἡμιόνων
544 1457 599 1518 κατ’
619 1453 724 1518 ῖππων
746 1456 801 1520 κατ’
820 1456 996 1537 ἀνθρώπων
1011 1454 1139 1537 καὶτῆς
1163 1447 1219 1519 άλ.

119 1561 175 1638 λης
194 1552 412 1637 παρασκευῆς,
434 1553 469 1618 ἐκ
488 1555 608 1637 ταύτης
637 1555 853 1639 άποφοιτῆσαι
879 1558 1062 1629 σπουδαίως
1080 1553 1217 1619 κατά·τδ

120 1652 270 1738 λεληθύς,
299 1656 338 1715 ού
356 1654 419 1737 μήν
446 1652 611 1738 ἠδυνήθην
641 1654 694 1718 διά
717 1653 751 1717 τύ
777 1658 1142 1741 προκατασφαλιοθῆναι
1159 1653 1219 1729 τοὶς

119 1753 222 1825 πύλας
249 1757 305 1836 τῆς
326 1749 447 1827 πόλεως
477 1760 608 1835 μοχλοῖς
641 1757 782 1839 σιδηροῖς
809 1756 864 1819 καί
891 1752 1031 1829 ὁπλίταις
1052 1751 1138 1838 παρά
1164 1758 1218 1838 τῆς

75 1856 175 1925 ι5τού
196 1852 343 1938 Βατάτζη
368 1851 535 1935 γυναικός,
569 1850 608 1935 ῆν
640 1849 656 1917 ὃ
681 1856 827 1937 α’νωτέρω
855 1853 946 1939 λάχος
967 1853 1137 1938 ἐδήλωσεν,
1158 1856 1246 1930 buci.
1265 1868 1353 1928 ελον.

118 1954 160 2015 δι’
182 1952 320 2016 ύπειλῶν
351 1956 475 2016 πολλῶν
504 1952 559 2017 καί
580 1954 775 2038 μηνυμάτων
806 1957 995 2029 κατασείσας
1017 1951 1135 2038 αύτήν,
1167 1955 1217 2018 ὅτι

117 2051 197 2134 πρδς
217 2051 352 2133 πόλεμον
386 2054 465 2139 αύτῆ
483 2053 745 2139 συρραχήσομαι,
779 2058 833 2137 τῆς
854 2055 975 2139 ἡμέρας
1004 2054 1216 2139 ἐπιφοιτῶσης

117 2149 346 2236 συνεχωρήθην
371 2153 429 2235 τήν
463 2151 590 2235 ἔξοδον,
622 2152 657 2219 τύ
681 2142 804 2238 ’άδήλον
835 2157 1031 2242 φοβηθείσης
1049 2151 1129 2233 μετά
1153 2155 1216 2218 τῶν

65 2300 68 2305 -
116 2250 233 2335 ταύτης
255 2249 352 2318 υἱέων
383 2257 438 2338 τῆς
467 2256 526 2315 τού
546 2257 688 2333 πολέμου
711 2254 878 2334 ἐκβάσεως.
932 2258 1064 2337 ἐξῆλθον
1089 2243 1145 2316 ούν
1164 2254 1215 2317 ε’κ·

19 2434 23 2438 ²
71 2356 216 2430 σοεῖθεν,
244 2356 300 2417 καί
327 2356 382 2437 τῆς
416 2356 461 2429 εἰς
483 2353 540 2437 τήν
566 2355 717 2436 βασιλίδα
742 2353 901 2440 φερούσης
924 2355 1089 2435 ἁψάμενος
1111 2351 1215 2419 πάντα

115 2450 155 2518 τύ
181 2450 361 2536 ἔμπροσθεν
390 2445 483 2537 εὗρον
505 2456 641 2541 γαλήνης
668 2460 786 2536 μεστά,
812 2458 867 2519 καί
886 2452 961 2530 τούς
981 2457 1039 2520 τού
1059 2454 1216 2536 βασιλέως

61 2541 66 2545 ”
115 2552 309 2633 στρατιώτας
336 2554 618 2636 διεσκεδασμένους
645 2559 689 2630 εἰς
718 2548 979 2640 παραχειμασίαν
1012 2560 1082 2629 ταῖς
1104 2544 1214 2628 άλλαις

115 2652 226 2717 πόλεσι
247 2656 302 2717 καί
334 2657 455 2739 μηδένα
484 2655 635 2751 κυδοιμὸν
655 2655 899 2748 ύποπτεύοντας.
953 2657 1136 2730 σπουδαίως
1158 2643 1215 2739 σύν

204 2762 225 2797 Ο

117 2966 144 3009 et
164 2956 371 3009 coniurationem
400 2959 515 3026 propriis
543 2959 783 3026 subscriptionibus
804 2965 830 3007 et
856 2953 1076 3009 iuribusiurandis
1098 2956 1213 3013 conium

116 3036 227 3095 gerent:
247 3029 350 3095 quando
370 3038 457 3081 autern
478 3046 545 3096 opus
557 3030 747 3080 coniurationis
765 3027 890 3093 implevit
908 3029 990 3094 etqui
1011 3027 1043 3077 ab
1063 3028 1120 3077 eius
1138 3034 1215 3091 purte

117 3100 219 3151 stabant
247 3100 273 3150 in
299 3109 433 3167 posterum
462 3102 530 3149 diem
548 3100 701 3149 renuntiare
731 3098 893 3162 Bryennium
912 3104 1074 3160 statuerunt,
1094 3111 1161 3147 unns
1182 3112 1215 3147 cx

116 3171 168 3235 lris,
189 3171 233 3239 qui
252 3174 350 3239 gratias
368 3186 417 3237 pro
436 3169 591 3235 quibusdam
610 3170 743 3236 prioribus
762 3170 864 3220 meritis
886 3168 987 3220 habere
1007 3167 1072 3218 mihi
1091 3166 1214 3233 debebat,

117 3244 192 3293 venit
211 3243 243 3294 ad
267 3259 309 3292 me
338 3244 497 3305 intempesta
524 3250 604 3304 nocte
631 3249 657 3290 ct
682 3239 822 3291 consilium
850 3240 1035 3307 significabat,
1055 3241 1113 3306 ipse
1134 3239 1214 3292 valdo

99 3313 256 3379 ,indignans
283 3323 310 3364 et
333 3310 416 3361 multa
444 3310 586 3377 opprobria
616 3314 644 3362 in
663 3311 712 3363 hos
739 3320 765 3361 et
789 3313 990 3378 despicientiam
1015 3313 1120 3363 iaciens
1138 3312 1214 3362 utin

116 3386 259 3451 prodentes
279 3385 391 3436 salutern
409 3396 482 3432 suam
502 3390 528 3432 et
545 3383 607 3434 fidei
626 3390 744 3449 pactum:
770 3384 829 3434 sine
856 3386 1009 3451 suspicione
1030 3399 1088 3434 eum
1110 3390 1136 3433 et
1155 3382 1214 3432 cle.

115 3464 218 3506 menter
237 3454 339 3514 dimisi3
360 3453 499 3504 meditatus
514 3463 601 3505 autern
619 3457 707 3507 statim
719 3454 810 3505 urbem
823 3454 891 3506 hanc
911 3464 937 3507 et
954 3455 1063 3508 insidias
1084 3453 1214 3520 effugere,

116 3527 253 3593 proiectus
273 3539 329 3576 sum
347 3524 384 3574 ita
402 3533 431 3575 ut
452 3540 522 3576 eram
541 3542 598 3575 curn
618 3526 696 3578 mulis
716 3533 743 3577 et
762 3528 837 3593 equis
858 3536 883 3577 et
902 3525 1051 3577 hominibus
1071 3532 1098 3573 et
1117 3524 1215 3575 ceteris

116 3581 328 3663 impffli'nreutis,
353 3605 381 3647 ut
407 3612 440 3647 ex
465 3596 514 3648 hac
533 3600 653 3650 venirem
672 3599 791 3649 studiose
820 3598 895 3648 clam.
939 3610 1027 3663 neque
1048 3598 1215 3659 veropote.

115 3685 180 3729 ram,
200 3668 262 3733 quia
280 3668 436 3733 praeclusae
457 3677 532 3719 erant
549 3676 641 3735 portae
666 3669 739 3720 urbis
765 3668 885 3719 obicibus
912 3667 1007 3718 lorrels
1032 3672 1058 3715 et
1075 3679 1124 3730 per
1139 3664 1215 3715 milis

115 3751 156 3792 tes
175 3738 265 3806 gravis
285 3746 432 3790 armaturae
455 3741 592 3792 aBatatni
618 3756 717 3803 uxore,
747 3754 823 3807 quam
843 3739 965 3805 superior
989 3751 1075 3787 sermo
1096 3751 1214 3787 cornme.
1305 3753 1308 3768 ·

114 3810 246 3872 moravit,
267 3810 351 3861 donec
379 3812 456 3861 minis
481 3811 571 3864 multis
591 3821 618 3863 et
646 3810 870 3862 declarationibus
890 3810 1045 3875 concutiens
1066 3824 1131 3872 eam,
1155 3824 1214 3858 cum

115 3884 232 3934 dicerem
250 3896 291 3930 mc
308 3880 409 3932 bellum
430 3898 488 3932 cum
508 3898 538 3933 ea
558 3890 741 3934 consertarum
760 3898 835 3944 esse,
855 3881 897 3930 die
917 3880 1094 3931 illucescente
1115 3880 1213 3930 exitum

114 3952 269 4020 impetravi:
289 3969 347 4003 curn
366 3955 495 4004 incertum
515 3969 546 4004 ea
563 3956 670 4005 timeret
689 3969 747 4003 cum
767 3952 830 4003 filiis
850 3948 916 4002 belli
946 3960 1078 4003 eventurn.
1118 3964 1213 4015 egres-

115 4041 160 4076 sus
179 4024 262 4093 igitur
280 4040 336 4077 sum
359 4026 420 4075 inde
440 4034 467 4077 et
485 4027 555 4078 viam
578 4041 646 4094 quae
665 4026 696 4075 ad
715 4024 806 4074 urbem
833 4023 885 4073 lert
903 4032 997 4077 teneus
1018 4024 1105 4073 omnia
1122 4021 1214 4084 priora

115 4096 208 4147 inveni
234 4095 428 4163 tranquillitate
447 4097 543 4166 plena,
574 4106 600 4148 et
623 4098 699 4164 regis
724 4094 823 4148 milites
849 4096 983 4161 dispersos
1002 4096 1029 4143 in
1051 4091 1162 4142 hiberna
1180 4090 1214 4143 ad

41 4200 48 4203 -
116 4166 183 4218 alias
201 4170 299 4233 urbes,
318 4184 408 4236 neque
424 4169 506 4222 ullam
526 4170 628 4221 turbam
649 4167 828 4234 suspicantes:
855 4168 972 4221 studioso
994 4164 1212 4230 ergoingrossus
