2875 4734
592 248 799 335 ιιιετοιιιλ.
876 296 879 302 ,
977 256 979 258 ’
1050 221 1052 229 “
1170 264 1243 337 arv

146 424 389 511 ἀναφερόμενον
411 416 584 509 άντικρυς,
606 468 643 477 -
667 424 760 493 τούτο
782 432 950 523 διοπηικιός
974 424 1120 511 ἐπιγνούς
1142 450 1245 492 σπου-

146 524 204 608 δήν
224 526 395 610 ἐποιήσατο
426 525 482 610 τήν
511 523 603 592 νόσον
633 528 752 613 ταύτην
784 528 827 601 ιδς
850 532 895 603 είς
917 524 1022 610 δεινήν
1045 518 1243 592 ἐλαύνουσαν

145 624 346 711 χαλεπότητα
368 630 493 713 στῆσαι,
517 631 572 691 καί
588 626 683 707 νόμον
703 632 889 711 ἀντιστῆσαι
913 629 1022 715 ταύτῃ,
1046 634 1110 701 τοῖς
1129 626 1247 691 osismos*

146 726 306 807 πάσχουσι
327 724 447 809 βοηθόν
460 726 514 790 καί
536 726 749 813 συλλήπτορα,
773 728 828 791 καί
839 737 906 803 τοῖς
928 733 1104 809 βασιλικοῖς
1125 722 1244 810 ύτιηρέ.

119 838 215 899 5τοις
239 829 294 888 καί
316 828 422 901 αύτοίς
441 830 630 907 βασιλεῦσιν
651 829 814 911 εἰσάγοντα
833 828 889 911 τήν
919 830 1017 911 χάριν
1041 829 1167 891 δικαίαν
1191 824 1247 907 καί

138 922 285 1006 ἔννομον,
305 930 361 991 καί
382 930 549 1012 φροντίδος
572 927 719 1013 τοιαύτης
744 930 861 1005 αύτούς
882 931 1164 1008 α’παλλύττουσαν,
1191 928 1247 991 καί

144 1023 201 1108 τήν
222 1026 465 1111 εύγνωμοούνην
490 1032 544 1091 καί
564 1031 738 1112 θεραπείαν
761 1035 989 1113 περιποιοῦσαν
1010 1026 1245 1113 α’τιόρθητοντῷ

143 1125 258 1207 θάρρει
281 1130 339 1189 τοῦ
367 1128 588 1212 φυλάττεσθαι
613 1128 688 1206 τούς
709 1135 765 1195 τού
785 1134 942 1212 βασιλέως
973 1125 1175 1213 θεραπευτάς
1189 1125 1245 1191 καί

141 1221 223 1301 μετά
244 1224 390 1310 τελευτήν
422 1228 525 1291 αύτού
545 1224 648 1313 πάσης
678 1232 929 1312 δεισιδαιμονίας
956 1233 1079 1312 α’θιχεῖς
1099 1226 1154 1293 καί
1183 1252 1244 1291 κα-

100 1326 295 1399 1οκοποιιάς.
340 1320 416 1389 ὅθεν
436 1325 641 1409 πανταχόθεν
674 1335 718 1417 τῷ
740 1324 839 1394 πάθει
861 1330 957 1418 ταύτην
989 1334 1163 1413 θεραπείαν
1185 1332 1244 1412 θη-

145 1419 296 1506 ρώμενος,
320 1426 438 1507 νεαρὰν
458 1433 650 1508 νομοθεσίαν
669 1432 814 1513 ίκτίθησι
840 1433 1010 1514 πρόρριζον
1031 1422 1272 1510 ἒκτίμνουσανλ.
1290 1440 1376 1496 saar.

142 1521 176 1587 τὸ
199 1529 367 1600 κακοθελὲς
388 1531 479 1591 τούτο
501 1530 555 1591 καί
576 1530 850 1612 παρανομώτατον
873 1532 1065 1616 ἐπιχείρημα
1073 1582 1082 1616 ,
1102 1528 1242 1615 φάμενος

143 1618 190 1689 ότι
224 1626 352 1691 πάντων
383 1624 584 1692 άτοπιύτατόν
609 1627 692 1694 ἔστιν
720 1632 758 1695 ἵν’
782 1628 893 1709 οἱμὲν
916 1630 1119 1705 δουλεύοντες
1151 1630 1244 1695 ι’διοῖ-

141 1751 205 1811 ται,
228 1726 385 1811 ἀγροίκοις
409 1726 553 1811 δηλονότι
577 1734 631 1792 καί
655 1736 798 1805 πολίταις
829 1736 884 1796 καί
906 1724 1064 1815 άρχουσι,
1086 1730 1169 1813 μετά
1192 1755 1244 1797 τε-

99 1824 384 1924 15λευτήυ1αύτιόν
412 1829 554 1910 λεγάτοις
581 1835 731 1909 τιμῶνται
755 1835 810 1895 καί
831 1835 1066 1916 φιδικομίσσοις
1092 1835 1147 1898 καί
1166 1843 1260 1919 πρε-“

142 1930 278 2007 οβείοις,
311 1926 391 2021 ξ’νιοι
423 1933 458 1993 δὲ
491 1928 545 1993 καί
575 1935 903 2013 κληρονομίαις,-καί
931 1932 1011 2013 μετά
1034 1936 1088 2017 τῆς
1122 1934 1244 1999 τούτων

142 2028 326 2113 προσθήκης
348 2030 445 2113 ε”χωσι
463 2031 519 2094 καί
536 2030 592 2106 τάς
614 2032 697 2106 ἰδίας
718 2030 845 2114 κτήσεις
866 2034 1029 2117 α’νοιτίρας
1049 2030 1164 2109 παντός
1186 2035 1244 2116 ζη-

140 2128 278 2227 τήματος
300 2133 355 2193 καί
376 2131 615 2215 προβλήματος,
638 2130 669 2198 οἱ
691 2136 726 2197 δὲ
758 2138 820 2198 τῶν
841 2139 999 2216 βασιλέοιν
1021 2136 1243 2220 θεραπευταί,

141 2219 187 2302 οἷς
205 2231 323 2307 μείζων
345 2230 361 2291 ό
380 2230 521 2312 κάματος
547 2238 602 2296 καί
629 2232 664 2297 τὸ
699 2230 966 2318 αύτοκρατορικόν
994 2235 1065 2307 δέος
1094 2235 1245 2317 διηνεκῶς

95 2334 356 2414 2οπεριχίνειοι,
387 2330 466 2415 πρός
487 2338 530 2421 τῷ
561 2334 616 2397 καί
633 2328 779 2418 τοιάύτης
814 2336 1029 2398 ἐπιτελευτίου
1059 2336 1242 2416 φιλοτιμίας

140 2435 195 2494 καί
215 2435 278 2496 τοῖν
301 2436 423 2498 οίκείοιν
450 2435 686 2518 ἀποστερῶνται
708 2434 795 2518 παρά
818 2437 878 2498 τεόν
898 2438 1065 2514 μετέπειτα
1087 2437 1243 2514 βασιλέοιν

139 2536 195 2596 καί
215 2535 277 2596 τῶν
296 2532 417 2609 τούτοις
441 2533 689 2618 παρατυχόντων
712 2536 890 2623 ὑπηρετῶν,
917 2538 972 2599 καί
998 2535 1041 2612 σός
1072 2536 1242 2617 κακοῦργοι

138 2632 194 2696 καί
216 2620 405 2717 πρόσάντεις
426 2634 456 2699 οἱ
475 2639 577 2712 καλῶς
601 2633 842 2721 διακονήσαντες
866 2634 1108 2703 άπελαύνοινται
1135 2637 1240 2701 οῑκαὸν

190 2796 244 2858 „20
263 2790 395 2860 τοιαύτας
413 2799 443 2853 G.
541 2801 583 2875 ²²3
605 2798 817 2873 περιτυχόντων
834 2801 864 2855 G.

141 2973 242 3026 ponere
262 2958 333 3025 huic,
353 2962 392 3012 sic
411 2960 517 3016 afflictis
539 2957 668 3015 auxilium
689 2971 717 3013 et
735 2963 854 3025 socium,
875 2970 902 3013 et
920 2977 989 3029 qnae
1007 2961 1092 3027 regiis
1110 2961 1239 3013 ministris

141 3039 168 3082 et
188 3032 253 3098 ipsis
279 3032 388 3100 regibus
414 3036 557 3087 adduceret
582 3035 693 3103 gratiam
717 3034 812 3084 iustam
840 3039 866 3082 et
884 3031 1031 3099 legitimam
1055 3039 1081 3081 et
1108 3047 1171 3083 cura
1190 3032 1238 3083 tali

141 3117 188 3153 eos
212 3102 340 3156 liberaret
365 3114 392 3156 et
410 3106 508 3157 bonum
529 3107 644 3164 animum
673 3110 699 3152 et
727 3104 890 3159 curationem
921 3103 1050 3153 excitaret
1067 3101 1238 3165 inturbatam,
1314 3152 1319 3161 ,

141 3188 199 3224 cum
219 3176 383 3227 confiderent
397 3185 531 3227 servatum
550 3176 583 3224 iri
597 3175 670 3242 regis
683 3174 817 3225 ministros
828 3172 873 3225 vel
891 3181 952 3239 post
970 3172 1069 3224 obitum
1090 3174 1147 3225 eius
1167 3174 1239 3223 omni

139 3248 330 3311 superstitione
356 3249 469 3297 intactos
494 3253 522 3296 et
545 3246 656 3295 iniuria:
683 3245 754 3296 unde
778 3244 877 3312 ubique
902 3245 972 3295 malo
992 3244 1054 3295 huic
1074 3244 1238 3295 curationem

139 3332 240 3378 venans
260 3313 361 3369 novam
376 3317 464 3383 legem
486 3317 549 3380 edit,
571 3324 640 3383 quae
660 3317 786 3367 radicitus
807 3315 941 3367 scinderet
960 3315 1120 3367 malevolum
1140 3314 1191 3366 boc
1212 3318 1238 3366 et

138 3389 341 3440 iniustissimum
359 3389 503 3454 inceptum,
523 3388 686 3439 contendens
706 3388 821 3438 omnium
841 3388 1034 3453 ineptissimum
1053 3402 1122 3449 esse,
1142 3400 1236 3439 servos

51 3472 54 3479 ·
139 3461 259 3526 privatos
279 3460 423 3527 agrestium
443 3468 469 3511 et
488 3460 586 3510 civium
607 3468 634 3509 et
646 3459 741 3510 ducum
760 3466 821 3525 post
837 3456 937 3508 obitum
957 3474 1047 3509 eorum
1067 3456 1164 3524 legatis
1184 3454 1236 3506 ho.
1277 3452 1280 3459 '

138 3531 228 3581 norari
248 3539 275 3581 et
291 3531 503 3582 fideicommissis
524 3538 550 3581 ct
568 3532 644 3583 donis
667 3530 833 3594 honorariis,
861 3528 1006 3579 nonnullos
1027 3530 1105 3580 etism
1125 3527 1236 3579 heredi.
1281 3594 1289 3599 ι

138 3599 236 3652 tatibus
256 3610 360 3663 etcum
389 3601 480 3653 harum
508 3603 665 3653 accessione
690 3600 789 3653 babere
817 3601 894 3651 etiam
914 3601 1031 3666 privatas
1049 3599 1234 3665 possessiones

139 3673 292 3738 superiores
323 3676 393 3723 omni
413 3674 569 3742 quaestione
591 3681 618 3723 et
635 3672 842 3738 impedimento:
863 3678 956 3722 contra
976 3685 1070 3738 regum
1089 3670 1234 3733 ministros,

107 3777 110 3787 ι
138 3742 234 3810 quibus
252 3746 337 3795 maior
355 3744 430 3796 labor
449 3753 476 3795 et
496 3744 664 3810 imperatoris
686 3752 771 3794 metus
789 3750 920 3808 perpetuo
942 3742 1024 3805 adsit,
1049 3748 1234 3809 praeterquam

69 3841 72 3846 ,
139 3815 217 3865 etiam
236 3814 301 3867 talia
319 3817 352 3867 iis
372 3817 527 3882 contingant
545 3815 664 3866 defuncti
684 3814 768 3879 dons,
789 3813 866 3863 etiam
891 3814 946 3863 suis
965 3814 1065 3880 privari
1085 3828 1099 3863 a
1118 3813 1234 3879 posteris

137 3885 246 3954 regibus
265 3895 345 3955 atque
363 3902 453 3937 eorum
471 3887 610 3950 ministris,
629 3893 710 3951 atque
730 3892 758 3935 ut
785 3883 922 3935 maleficos
942 3892 968 3934 et
988 3884 1156 3935 adversarios
1175 3897 1232 3946 eos,
1274 3892 1275 3899 ’

138 3958 184 4025 qui
202 3958 315 4024 pulchre
334 3959 507 4021 serviissent,
531 3956 632 4024 expelli
653 3956 773 4009 domibus
795 3963 822 4005 et
840 3953 964 4006 urbibus:
993 3962 1135 4022 propterea
1154 3955 1233 4003 etiam

136 4028 225 4097 legem
253 4030 285 4081 de
304 4030 337 4080 iis
356 4030 478 4095 scripsit,
505 4045 573 4096 quae
592 4028 673 4079 talem
697 4026 835 4077 avaritiam
867 4033 893 4076 et
909 4026 1066 4093 pravitatem
1082 4024 1232 4091 impediret,

137 4107 166 4150 ut
184 4101 216 4151 ad
235 4116 325 4152 omncs
346 4101 437 4167 regios
462 4099 585 4151 homines
603 4106 755 4165 serpentem
781 4105 808 4147 et
832 4112 910 4164 reges
934 4098 1064 4148 servitute
1082 4097 1232 4162 privantem

137 4169 310 4237 plurimorum
331 4179 357 4223 et
374 4172 505 4225 bonorum
522 4174 658 4236 virorum,
683 4185 742 4221 cnm
760 4170 886 4220 timerent
903 4168 1025 4220 acerbam
1046 4175 1072 4219 et
1085 4166 1230 4220 violentam
