2875 4734
209 230 285 303 ιω
503 224 723 303 meumes
754 164 1014 303 summme
1094 219 1100 225 ’

77 411 198 468 t‘212r.
311 399 425 479 Μοῖρα
448 398 484 459 δι’
503 419 550 470 τις
576 396 639 461 τῶν
666 392 822 479 ἑσπερίων
847 388 1092 480 στρατευμάτων
1126 394 1160 470 ἕξ
1177 389 1314 475 Ἀδρια-

208 490 389 572 νουπύλεως
421 488 529 578 οἷρασα
557 499 600 583 τῷ
630 500 760 579 βασιλεῖ
786 494 1042 579 προσελήλυθεν,
1073 494 1172 558 εἰπεῖν
1196 512 1232 555 τε
1259 487 1319 555 κατ’

211 597 351 661 αἰτούσαι
372 598 447 681 παρ’
471 599 571 661 αύτού
590 594 776 662 σπεύδουσα
806 592 861 678 τὴν
889 597 950 659 τῶν
972 591 1223 679 ἐπιζητουμένων
1249 591 1315 656 αύ-
1427 591 1433 699 λ

123 710 129 725 ’
210 705 276 772 τοῖς
309 695 498 781 α’πύιιρίσιν·
542 696 749 762 ε’πενεκοίλουν
781 693 843 779 γὰρ
865 697 1011 777 στέρησιν
1041 696 1102 758 τῶν
1123 716 1314 778 στρατιωτι-

211 801 275 862 ιιούν
309 798 459 881 διμανίων
491 798 546 862 καί
570 800 787 872 κακοπαθείας
823 796 911 872 τινας
946 798 990 873 ἐξ,
1011 794 1223 878 οἷπρονοηοίας
1249 797 1342 859 τυῖν5
1432 786 1433 789 “

210 881 487 982 κρατούντωνλιιαί
507 896 692 983 ἀπληστίας.
747 894 776 962 οἱ
798 899 833 962 δὲ
854 898 929 980 περί
959 893 1015 960 τύν
1037 898 1173 976 βασιλέα
1195 895 1314 971 α’δίκως

209 996 330 1075 ου’τούς
346 998 786 1083 μετελθόντεςοτρατιωτιιιὸν
799 1022 831 1063 τι
844 1000 965 1081 πλῆθος
986 998 1031 1074 είς
1055 997 1185 1080 ἐνέδραν
1205 994 1314 1060 αὐτῶν

210 1100 466 1183 προητοίμαοαν,
490 1103 544 1166 καί
569 1096 618 1165 ὅτε
639 1098 771 1175 τούτους
793 1094 971 1183 ἔγνων-τοῖν
991 1100 1093 1165 ἵππων
1115 1096 1314 1178 καταβάντας

211 1200 264 1263 ἐπὶ
277 1201 322 1288 τῷ
335 1203 466 1284 τιοιῆσαι
481 1202 536 1286 τήν
548 1200 703 1285 ἔγαλησιν,
721 1202 787 1266 κατ’
805 1202 910 1266 αύτοῖν
927 1199 1053 1285 α’φῆκαν
1067 1196 1142 1274 τούς
1157 1196 1314 1283 ἐφεδρεύ-

212 1323 320 1375 οντας·
342 1299 398 1365 κατ’
416 1301 450 1366 οἳ
467 1307 695 1386 περιχυθέντες
717 1300 793 1377 τούς
814 1301 996 1388 ὁμοφύλους
1015 1302 1166 1385 σφοδρῶς
1181 1296 1234 1382 καί
1253 1306 1360 1363 ιτα-10
1426 1284 1435 1345 λ

175 1422 178 1428 ’
210 1405 327 1484 λεμίως
346 1399 523 1491 κατῄκιζον,
547 1403 579 1468 οΐ
590 1406 650 1485 μὲν
665 1400 799 1490 ῥάβδοις
818 1406 965 1487 σιδηραῖς
983 1398 1101 1475 αύτούς
1118 1404 1317 1467 κατατείνον-
1433 1382 1435 1407 ¹

210 1517 271 1583 τἐς,
294 1502 327 1567 οἳ
345 1506 381 1569 δὲ
403 1508 509 1589 ’ξίφεσι
523 1509 653 1580 τελείοις
676 1506 882 1588 α’ναιρούντὲς
895 1526 994 1585 τινας,
1014 1500 1046 1567 οἳ
1066 1504 1101 1567 δὲ
1119 1499 1176 1577 τύς
1197 1499 1315 1584 σκηνὰς

211 1603 319 1669 αύτῶν
342 1602 571 1688 διαρπάζοντες
591 1606 648 1669 καί
667 1604 743 1681 τούς
764 1604 880 1679 ἵππους
902 1603 1216 1689 ουναφαρπύζοντες.
1236 1602 1313 1668 τού·

210 1726 268 1770 του
284 1706 320 1769 δὲ
334 1708 503 1786 γενομένου
521 1705 619 1780 πολύς
636 1703 721 1779 ἔλεος
737 1708 856 1790 ἐπῆλθε
869 1714 935 1781 τοῖς
950 1704 1141 1784 Βυζαντίοις
1154 1702 1235 1787 ύπλρ
1251 1706 1315 1769 τῶν

211 1805 362 1880 σ’νοιιτίοος
382 1804 551 1870 παθόντων
569 1808 787 1890 στρατιωτιύν,
823 1806 878 1871 καί
898 1813 1055 1889 κατέγνων
1076 1810 1136 1869 τοῦ
1157 1807 1312 1886 βασιλέως
1326 1815 1359 1867 15
1429 1882 1437 1905 ⁴

210 1906 267 1970 eei
287 1907 347 1971 τῶν
369 1908 444 1991 περί
464 1904 564 1971 αύτύν
585 1908 649 1971 ουίι·
663 1908 835 2001 ἐλαχίστην
856 1906 910 1992 τήν
932 1900 1052 1988 ἄνοιαν,
1075 1901 1156 1971 δι’στε
1175 1906 1229 1969 κατ’
1251 1904 1314 1968 αύ-

209 2004 264 2070 τδν
286 2008 405 2071 ἐκεῖνον
425 2005 604 2090 μετάμελον
625 2011 781 2088 oetaeum
812 2008 866 2074 κατ’
893 2008 1058 2073 α’ναοοῖσαι
1090 2005 1212 2083 τούτοις
1241 2005 1310 2071 τινα

211 2109 276 2170 triv
298 2109 549 2191 διαρπαγίντων,
567 2109 612 2195 μὴ
634 2112 741 2190 μέντοι
762 2112 849 2185 δέτι
867 2113 986 2195 πρύξαι
1004 2108 1061 2194 τὴν
1078 2108 1227 2191 τοιαύτην
1249 2134 1314 2172 πα-

209 2210 335 2291 ροινίαν
365 2212 420 2274 καί
450 2210 574 2296 βλάβην
613 2209 889 2293 ἀνακαλούμενον,
922 2209 1004 2295 μήτε
1038 2211 1221 2295 φιλοτιμίαν
1243 2208 1314 2272 τινὰ

211 2314 277 2399 τοῖς
296 2309 506 2395 στρατιώταις
532 2312 717 2378 ἀποδοῦναι.
762 2312 833 2377 α’λλ’
856 2314 888 2377 οῗ
905 2334 940 2395 ys
971 2311 1049 2397 πρὸς
1072 2307 1109 2375 τύ
1133 2312 1233 2375 οἰκεία
1255 2304 1359 2373 iai-20

211 2435 272 2496 πης
294 2411 335 2474 ου’
363 2418 481 2504 μικροῖς
512 2412 683 2495 οἶνύμτστοι
714 2412 1007 2500 ἔσαναοτραφὲντες
1031 2414 1087 2477 ουίι
1115 2406 1231 2496 ἤθελον
1262 2413 1326 2477 ε’ττί·

211 2515 267 2578 τοῦ
292 2512 392 2579 αύτού
410 2516 528 2596 μένειν,
551 2514 632 2580 este
654 2514 731 2593 τούς
753 2512 1010 2596 πολεμιωτάτους
1032 2507 1220 2597 ἀμύνασθαι
1243 2516 1313 2579 διε-

214 2612 389 2679 σκέπτοντο.

173 2975 175 2984 ,
312 2921 378 2981 Pars
396 2933 484 2981 autern
502 2929 631 2998 quaedam
648 2927 763 2983 rnilitum
791 2927 996 2984 occidentalium
1020 2928 1196 2999 Adrianopeii
1220 2930 1315 2999 proie.

214 3007 257 3052 eto
275 2998 309 3051 ad
325 3015 418 3069 regem
436 3002 520 3065 veuit,
539 3002 631 3055 dicere
650 3010 677 3053 et
694 3002 787 3054 audire
805 3002 838 3054 ab
858 3017 891 3053 eo
910 3002 1019 3073 studens
1037 3002 1231 3071 postulatorum
1248 3018 1315 3056 suo.

215 3086 273 3123 rum
292 3086 466 3140 responsumz
485 3073 589 3129 adhoc
608 3074 769 3126 accusabant
793 3075 970 3141 privationem
999 3074 1184 3126 alimentorum
1214 3074 1316 3127 milita.

215 3144 283 3197 rium
304 3151 331 3196 et
349 3144 420 3195 rnala
439 3146 576 3214 quaedam,
596 3161 665 3214 quae
686 3162 721 3198 ex
739 3147 966 3199 inconsiderantia
984 3148 1169 3213 imperantium
1196 3157 1222 3200 et
1240 3148 1315 3197 insa.

213 3214 359 3269 tiabilitate
378 3224 437 3267 orta
460 3224 558 3269 essent.
596 3219 666 3285 regii
687 3227 776 3270 autem
795 3220 893 3271 iniuste
913 3233 959 3269 eos
979 3220 1065 3271 secuti
1083 3220 1225 3271 militarem
1243 3216 1316 3269 mul-

213 3284 357 3337 titudinem
374 3287 407 3337 ad
432 3287 542 3339 insidias
568 3302 659 3341 eorum
683 3298 825 3355 pararunt,
846 3298 872 3343 et
899 3306 958 3341 cum
984 3292 1176 3357 cognovissent
1203 3291 1252 3345 hos
1284 3304 1316 3339 ex

215 3356 292 3425 equis
312 3357 486 3411 descendisse
504 3359 536 3409 ad
555 3362 753 3413 accusationem
772 3362 970 3426 instituendam,
990 3372 1084 3415 eontra
1103 3377 1149 3415 eos
1161 3362 1317 3415 dimiserunt

214 3429 390 3482 insidiantes:
410 3437 490 3498 atque
511 3431 664 3486 eirenmiusi
684 3432 807 3485 homiues
827 3434 945 3487 eiusdem
964 3435 1054 3500 stirpis
1074 3434 1206 3487 horridum
1226 3432 1316 3483 etho.

215 3499 304 3554 stilem
321 3501 350 3555 in
368 3502 473 3553 modum
493 3502 637 3568 vexabant,
656 3504 703 3555 alii
719 3505 885 3572 scipionibus
904 3506 999 3557 ferreis
1029 3522 1075 3559 eos
1102 3512 1244 3573 petentes,
1268 3504 1317 3556 atii

216 3571 313 3641 gladiis
331 3573 460 3643 perfectis
478 3582 606 3628 necantes
624 3574 781 3641 nonnullos,
800 3577 846 3628 alii
864 3578 981 3629 tentoria
1001 3593 1092 3631 eorum
1112 3577 1270 3642 diripientes
1291 3582 1317 3625 et

216 3660 300 3712 equos
318 3645 398 3698 simul
415 3647 585 3714 praedantes.
623 3647 665 3699 his
682 3657 770 3699 autem
790 3649 867 3700 iactis
886 3648 969 3701 multa
987 3650 1123 3701 miseratio
1137 3648 1249 3700 incessit
1259 3647 1317 3713 By-

215 3718 319 3770 uantios
337 3725 447 3785 propter
464 3718 564 3773 milites
582 3720 742 3773 innocenter
760 3720 891 3785 afflictos,
918 3729 945 3772 et
969 3720 1120 3772 tribuerunt
1145 3721 1204 3788 regi
1229 3720 1262 3769 iis
1283 3732 1316 3767 ue

215 3788 261 3854 qui
280 3790 353 3839 eirea
372 3805 431 3840 eum
452 3800 537 3857 erent,
555 3806 610 3843 nou
631 3792 762 3843 minimam
782 3776 993 3859 imprudentiam,
1019 3792 1057 3842 ita
1081 3799 1109 3842 ut
1136 3797 1162 3843 et
1186 3792 1244 3857 ipse
1265 3734 1317 3839 λλλα

214 3860 405 3924 poenitentiam
426 3865 582 3931 conciperet
600 3872 627 3915 et
638 3871 760 3915 servaret
777 3863 819 3917 his
832 3863 959 3930 quosdam
977 3864 1149 3930 direptorum,
1168 3877 1256 3930 neque
1274 3868 1318 3911 ta-

214 3944 286 3995 men,
306 3930 378 3998 quod
396 3936 563 3986 exercuisset
580 3936 662 3997 talem
680 3935 811 3987 insaniam
830 3942 857 3985 et
875 3934 996 3986 damnum
1018 3950 1047 3985 se
1066 3948 1211 3997 revocans,
1229 3946 1318 3999 neque

214 4011 245 4055 ut
263 4002 393 4067 honoreus
411 4002 496 4055 ullum
513 4005 644 4057 militibus
665 4003 805 4058 redderet:
833 4006 880 4058 sed
904 4006 931 4057 hi
952 4006 1057 4072 quidem
1077 4006 1109 4058 ad
1129 4020 1177 4057 sua
1195 4017 1318 4055 moerore

213 4088 268 4127 non
286 4088 370 4143 paruo
389 4072 464 4143 pleni
482 4077 585 4128 reversi
594 4075 724 4129 nolebant
742 4078 790 4133 sub
812 4076 906 4130 eodem
923 4092 1042 4142 manere,
1063 4077 1109 4129 sed
1128 4076 1219 4131 hostes
1238 4089 1318 4127 acer.
1386 4138 1392 4149 ¹

213 4145 296 4199 timos
315 4161 409 4199 arcere
427 4146 585 4201 statuebant.
657 4183 668 4197 .
933 4150 935 4155 ’
