2875 4734
567 260 775 354 uisuoum.
832 288 838 297 ·
952 248 955 253 ’
1011 226 1018 233 ’
1151 250 1228 334 275

127 437 187 522 γάρ
210 428 249 521 ἤν
264 429 304 503 Ιτά
333 442 389 521 τῆς
409 432 614 523 εὐδαιμονίας
636 446 669 507 ἐν
692 439 811 522 ἅπασι,
834 442 888 505 καί
914 440 999 526 κοινῆ
1022 444 1076 525 τῆς
1097 444 1228 528 ευέργε-

127 546 199 614 σιάς
222 538 240 623 ἧ
261 542 437 619 ε’πιμένεια.
492 544 545 626 ἐφ’
578 534 624 618 οἷς
653 546 708 608 κατ’
738 542 856 625 άποριά
886 538 1008 618 πάντας
1026 553 1153 627 κατεῖχε
1173 548 1230 611 καί

127 639 252 721 θάμβος
274 643 514 718 ἑξαι’σιον,’πο3ς
539 647 596 707 τοῦ
614 642 936 726 προβεβασιλευκότος
960 642 1099 727 Μιχαὴλ
1119 648 1228 709 πενιάν

127 743 318 826 θρηνοῦντος
352 741 404 804 siet*
429 745 484 806 κατ’
504 742 639 826 α’πορέαν
661 743 776 827 δεινήν,
805 748 860 808 κατ’
882 737 1040 808 υἷδάνατον
1063 743 1152 831 αὐτῷ
1173 741 1228 828 την

102 848 119 899 5
128 851 224 929 χεῖρα
243 837 436 905 καθεστάναι
458 840 537 925 πρός
559 846 741 936 εὐεργεσίαν
762 834 879 927 μικράν
902 834 1096 935 ἐπιλέγοντος
1118 840 1171 907 διά
1192 843 1226 906 τό

129 944 185 1023 τῆς
207 945 370 1021 βασιλείας
392 941 475 1023 τάχα
497 940 696 1030 δυστύχημα,
721 946 755 1008 εἰι
771 944 869 1009 ποίων
883 946 989 1029 πηγῶν
1011 936 1103 1019 οὗτος
1123 942 1139 1007 ὃ
1161 945 1228 1025 μετ’

129 1045 250 1107 ε’κεῖνον
281 1029 320 1105 τά
340 1041 510 1123 Ῥωμαίων
542 1048 681 1127 σκῆπτρα
711 1043 923 1129 ἐγχειρισθείς
953 1043 1111 1120 τοσαύτας
1137 1044 1229 1109 άνεκ-

131 1140 295 1225 διηγὴτοος
328 1142 510 1234 εοῗεργεσιάς
532 1145 587 1208 καί
610 1143 714 1222 δόσεις
742 1149 797 1209 κατ’
822 1145 1014 1210 πλουτοποιά
1046 1146 1260 1231 χαρίσματαλ
1278 1152 1364 1211 utor.

131 1241 314 1327 ἐνεδείξατο,
339 1245 393 1307 κατ’
412 1244 508 1324 τιμάς
531 1244 610 1327 ὑπὲρ
632 1246 767 1328 ψάμμον
788 1246 841 1309 κατ’
861 1245 957 1330 χορὸν
980 1247 1139 1330 οὐρανίων
1162 1272 1233 1334 φω-

86 1348 122 1403 10
131 1341 265 1426 στηρων.
289 1342 343 1407 κατ’
363 1347 424 1409 τῶν
443 1348 502 1425 μὲν
518 1340 620 1410 ἄλλων
641 1343 768 1429 ημεραῖν
789 1347 845 1421 τὰς
865 1344 960 1426 τιμάς
979 1346 1032 1410 διά
1055 1346 1091 1411 τὸ
1112 1352 1233 1432 πλῆθος

132 1447 186 1508 κατ’
208 1440 240 1508 τὸ
267 1441 417 1527 α’όριστον
437 1451 511 1533 σιγῇ
531 1449 768 1528 παραδέδοται·
799 1445 836 1512 τά
866 1450 896 1511 δ’
916 1450 970 1511 ε’πί
991 1452 1030 1535 τῇ
1049 1450 1110 1513 ταῖν
1131 1451 1233 1532 βαΐων

131 1548 267 1631 κυριακῇ
281 1538 399 1620 πάντας
417 1545 615 1626 ἁμωσγέπως
628 1549 807 1631 ἐξέπληξαν.
831 1552 919 1613 πάσα
934 1548 1030 1632 γάρὴ
1050 1547 1249 1634 σάγκλητοςξ

133 1643 212 1728 ὑπὲρ
229 1647 390 1728 μυριάδας
406 1646 530 1728 ἀνδρῶν
543 1653 838 1733 παραμετρουμένη,
860 1634 928 1712 κατ’
944 1641 1046 1731 ἄνδρα
1063 1654 1118 1714 κατ’
1130 1674 1232 1736 κεφα-

132 1743 189 1826 λὴν
215 1746 372 1826 μεγάλων.
388 1748 533 1828 ἠξιοῦντο
550 1749 659 1827 τιμῶν,
674 1753 908 1832 τετραρέθμονς
927 1754 980 1814 και1
1000 1754 1234 1835 πενταριθμυυς

87 1852 122 1908 15
131 1844 279 1925 βαθμούς
299 1844 571 1927 άπερβαινουσῶν,
594 1843 636 1923 ὥς
653 1851 735 1931 μηδὲ
757 1848 856 1911 αάτόν
873 1847 924 1914 τὸν
945 1843 1234 1933 πρωτοβεστιάριον

121 1941 166 2016 ,ἐκ
188 1944 246 2007 rosi
265 1948 422 2026 βασιλέως
452 1942 613 2011 δύνασθαι
641 1946 904 2030 παραλαμβάνειν
933 1948 1008 2021 τους
1036 1952 1233 2029 τιμωμένους

132 2046 187 2109 κατ’
204 2042 260 2121 τάς
279 2043 370 2131 άξιάς
387 2048 576 2132 ἐπιφωνεῖν,
596 2046 675 2110 α’λλά
697 2048 916 2111 συναντᾶσθαι
933 2046 1018 2131 παρά
1046 2050 1107 2113 των
1135 2048 1234 2130 rapuit

132 2150 259 2229 συχναῖς
283 2149 339 2211 καί
360 2144 574 2233 ὑποστρέφειν
595 2146 650 2212 ε’πί
667 2148 725 2231 την
752 2144 911 2230 προβολήν
934 2149 989 2211 κατ’
1012 2140 1109 2223 αὖθις
1131 2145 1236 2213 ἀνθυ-

132 2248 336 2332 ποστρέφειν,
362 2242 382 2331 ἢ
404 2245 459 2311 καί
480 2251 532 2311 ἕπτ’
556 2250 613 2312 τοῦ
636 2248 738 2312 ου’τοῦ
760 2245 928 2330 ἱστάμενον
956 2239 1024 2312 ἄλλ’
1055 2250 1102 2311 ἐπ’
1125 2240 1233 2323 ἅλλοις

85 2346 431 2429 λθκαταλαμβάνοντας
460 2345 658 2412 ἐπισπεύδειν
682 2350 767 2412 ου’τ.
793 2396 800 2413 .
830 2346 886 2423 τάς
911 2349 1098 2427 τιμωμένων
1127 2350 1235 2433 ε’κφω-

130 2448 246 2531 νήσεις,
267 2452 321 2513 καί
343 2444 465 2531 μόχθον
487 2456 577 2528 σχεῖν
597 2452 780 2529 τηλικοῦτον
803 2441 875 2523 ὅσος
899 2448 986 2535 αύτῷ
1006 2450 1061 2511 καὶ
1083 2445 1141 2530 την
1163 2472 1235 2532 φω-

131 2549 187 2633 νην
211 2553 409 2634 περιέκοψεν.
464 2546 541 2611 εἴπω
564 2573 594 2611 τι
617 2539 837 2634 ἀστειότερον,
862 2545 891 2611 οῖ
914 2548 1008 2632 οἷργοί
1029 2549 1084 2613 κατ’
1105 2554 1234 2635 πένητες

131 2656 188 2736 τῆς
209 2648 459 2735 βασιλευσάσης,
491 2646 521 2714 οἱ
541 2657 609 2726 ταῖς
631 2650 814 2715 ε’πιοκεπέσι
836 2654 899 2716 τῶν
926 2648 1117 2736 λεωφόρων,
1139 2650 1233 2736 αἵπερ

206 2829 248 2882 11.
267 2828 476 2904 παραδέδωκαῗ

135 3001 293 3056 assiduitas:
321 3010 430 3071 propter
457 3020 525 3073 quae
550 2994 628 3055 etiam
653 3002 784 3062 dubitatio
814 3014 905 3053 omnes
924 3000 1033 3055 tenebat
1052 3008 1078 3051 et
1096 3000 1235 3055 admiratio

135 3076 241 3142 ingens,
262 3076 392 3143 quomodo
412 3091 470 3126 eum
490 3076 611 3141 superior
638 3089 687 3123 rex
705 3071 820 3124 Michael
846 3074 962 3137 inopiam
987 3078 1144 3139 quereretur
1163 3086 1236 3124 sem.

137 3161 184 3212 per
204 3155 230 3197 et
249 3155 394 3214 egestatem
418 3147 509 3206 diram,
539 3152 565 3193 et
582 3144 710 3194 infirmam
732 3142 782 3193 sibi
803 3157 906 3193 manum
937 3158 996 3193 esse
1015 3143 1118 3193 diceret
1134 3142 1166 3193 ad
1184 3144 1236 3195 be.

135 3218 259 3269 aeficium
278 3234 387 3285 parvum
407 3223 516 3280 propter
534 3215 612 3281 regni
633 3214 773 3278 fortunam,
796 3229 829 3265 ex
848 3212 970 3281 qualibus
990 3214 1107 3264 lontibus
1126 3212 1170 3265 bie
1190 3214 1236 3282 qui

135 3297 197 3355 post
215 3289 290 3339 illum
312 3290 489 3339 Romanorum
508 3294 641 3350 sceptrum
666 3292 807 3351 acceperat
830 3292 902 3336 tanta
921 3284 1110 3337 inenarrabilia
1129 3283 1235 3337 benefi-

137 3362 178 3411 cia
200 3368 227 3411 et
245 3362 314 3410 dona
334 3366 360 3409 et
378 3356 476 3409 divites
497 3355 654 3423 largitiones
673 3356 835 3407 ostendisset
850 3364 876 3407 et
891 3356 1006 3407 bonores
1026 3371 1106 3423 supra
1128 3370 1235 3417 arenam

137 3440 164 3483 et
183 3432 292 3481 chorum
312 3428 469 3480 coelestium
488 3426 623 3478 luminum.
661 3436 741 3495 atque
767 3428 836 3496 quod
856 3437 1005 3479 ceterorum
1026 3428 1126 3478 dierum
1145 3426 1234 3479 hono.

135 3518 179 3553 res
198 3502 293 3552 attinet
311 3506 420 3565 propter
443 3497 636 3550 multitudinem
654 3513 747 3550 eorum
768 3506 795 3548 et
814 3499 943 3549 inlinitum
968 3512 1105 3549 numerum
1125 3497 1235 3551 silentio

136 3574 225 3624 traditi
255 3579 333 3622 sunt:
362 3586 430 3639 quae
454 3578 541 3621 autem
568 3569 611 3621 die
635 3570 767 3621 dominica
799 3570 942 3639 palmarum
962 3569 1124 3631 aeciderunt,
1144 3583 1235 3620 omnes

137 3644 227 3710 aliquo
255 3643 333 3693 modo
362 3642 518 3693 excitarunt.
563 3642 646 3692 omnis
675 3642 745 3691 enim
770 3650 916 3692 conventus
941 3638 1235 3705 myriades'hominum

138 3714 269 3766 excedens
292 3714 391 3765 viritim
412 3720 438 3762 et
457 3714 601 3763 seeundum
619 3713 707 3778 capita
718 3713 821 3779 magnis
841 3710 984 3761 ornabatur
1002 3709 1147 3763 honoribus
1167 3728 1234 3780 qua.

136 3795 199 3837 tuor
218 3794 245 3836 et
263 3787 380 3852 quinque
404 3785 500 3851 gradus
520 3783 724 3849 superantibus,
744 3784 780 3834 ita
805 3790 834 3833 ut
851 3798 885 3831 ne
903 3784 962 3847 ipse
982 3782 1087 3849 quidem
1104 3790 1235 3849 protove.

136 3859 244 3910 stiarius
263 3873 279 3907 a
299 3872 364 3923 rege
382 3864 474 3921 posset
490 3856 613 3921 accipere
633 3854 777 3905 honoratos
793 3859 819 3902 et
836 3854 977 3919 dignitates
996 3854 1170 3920 pronuntiare
1188 3855 1236 3905 sed

137 3930 297 3981 obrueretur
317 3927 464 3978 bonoribus
483 3942 564 3993 saepe
584 3934 610 3976 et
629 3927 738 3977 cederet
765 3924 798 3974 ad
819 3924 971 3991 suffragium
990 3940 1134 3993 rursusque
1154 3940 1237 3975 recea

138 4002 214 4052 deret
233 4008 278 4051 aut
298 4000 377 4050 etiam
397 3999 424 4047 in
448 4000 541 4049 eodem
560 3996 621 4047 loeo
642 4005 714 4048 stans
735 4000 864 4061 perpetuo
891 4002 981 4047 auctas
1000 3996 1165 4047 acceleraret
1183 3994 1235 4046 bo.

136 4080 292 4124 uoratorum
311 4070 543 4137 pronuntiationes
564 4076 590 4119 et
608 4068 727 4118 laborem
746 4064 858 4117 haberet
875 4074 984 4131 tantum,
1004 4075 1033 4117 ut
1053 4068 1077 4115 ei
1098 4074 1124 4116 et
1140 4080 1236 4119 vocem

138 4145 290 4196 oouflceret.
340 4141 424 4193 diuam
450 4142 514 4209 quid
537 4139 681 4193 urbanius:
708 4138 813 4191 desides
839 4146 867 4189 et
893 4152 1024 4205 pauperes
1052 4136 1124 4191 urbis
1143 4138 1190 4209 qui
1206 4138 1236 4193 iu
