2875 4734
236 270 313 341 usn
353 286 357 290 ·
500 265 743 375 *nicaenus
773 262 1034 370 ammianus

236 461 301 501 των
320 429 447 509 ου’τοός.
498 428 527 495 οἱ
555 433 590 495 δὲ
611 428 811 514 Βοόλγαραι,
841 432 962 513 πλῆθος
994 420 1079 505 ὄντες
1101 426 1342 512 ἀνεξερεύνητον

238 540 293 603 καί
325 525 457 622 α’ριθμῷ
488 535 774 618 καθυποβληθηναι
807 532 881 616 μηδ’
912 524 994 606 άλως
1015 526 1202 612 δυνάμενον,
1227 552 1342 609 περισ-

221 635 348 723 ,χάντες
370 633 470 701 ου’τόν
494 638 539 708 εἷς
560 636 656 715 μέσον
678 627 785 717 ῶσπερ
803 633 930 696 ὑδάτων
949 634 1075 696 πολλῶν
1099 630 1218 711 α’χανὲς
1241 632 1342 705 πέλα-

236 763 302 822 γος,
326 731 426 811 οότως
448 732 542 810 αὐτόν
559 732 731 812 ἀποπνῖξαι
760 737 816 826 καί
835 736 881 807 εἰς
907 728 1128 810 άάιεξόδευτον
1154 728 1257 810 βυθόν
1277 754 1340 793 κα-

236 839 423 906 ταποντίσαι
448 832 689 921 διηγωνίζοντο,
712 828 765 900 οἷα
789 837 846 917 πέρ
874 859 937 899 τισι
959 829 1081 912 νάμασι
1103 831 1369 913 τοῖςτόμμασι5

238 942 303 1005 τῶν
327 938 468 1020 άοράτων
503 935 558 998 καί
586 934 650 998 τῶν
683 928 789 998 άλλων
820 937 998 1013 πολεμικῶν
1026 930 1168 1015 όργάνων
1197 936 1342 1014 συνεχῶς

236 1035 335 1104 αὐτόν
357 1031 607 1117 ἐπιπλήττοντες.
651 1036 720 1096 αλλ’
743 1036 859 1109 ἐκεῖνος
883 1034 1017 1120 βρυγμῷ
1038 1035 1161 1107 λεόντυς
1183 1032 1251 1095 κατ’
1275 1025 1339 1096 αό.

236 1142 300 1203 τῶν
321 1137 479 1219 ἐξορμῶν,
508 1137 564 1198 καί
585 1130 661 1208 τοός
684 1132 925 1209 ἑπεισπεσόντας
950 1136 1100 1221 ἐξαισίοις
1121 1132 1341 1215 α’ναχαιτιζων

236 1244 381 1321 πληγαῖς,
402 1231 478 1299 όόόν
498 1227 603 1320 ἑαυτῷ
631 1234 731 1297 ἐποίει
749 1234 805 1298 καί
836 1230 1017 1317 πρόσβασιν
1038 1228 1242 1314 ἑκατέρωθεν.
1285 1235 1342 1295 καί

235 1334 317 1421 μετά
340 1333 374 1401 τό
399 1337 516 1417 γνῶναι
537 1330 654 1409 πάντας
675 1328 711 1397 τό
734 1334 845 1398 τούτου
869 1332 1005 1415 οἷιςρατὲς
1028 1336 1082 1397 κατ’
1101 1330 1182 1414 πρός
1201 1329 1259 1406 τάς
1280 1332 1340 1395 α’ν-
1352 1356 1383 1410 10

236 1441 418 1521 δραγαθίας
439 1436 595 1511 εὐσταθὲς
619 1438 674 1499 καί
695 1434 860 1519 ἀνίκητον,
886 1434 990 1499 οὐκέτι
1008 1432 1088 1517 πρός
1110 1432 1341 1498 ἀντικαταστά-

235 1562 303 1613 σεις
323 1535 518 1619 ἀγχεμάχων
547 1530 609 1600 άπό
639 1537 757 1619 χειρῶν
776 1536 828 1622 laic
859 1544 972 1619 χεῖρας
1004 1532 1083 1617 πρός
1110 1532 1218 1619 μάχην
1251 1536 1341 1623 αὐτῷ

236 1634 535 1717 anathemabili&
564 1634 696 1720 χορείαν
722 1639 896 1718 μονονουχὶ
921 1634 1154 1719 συστησάμενοι
1176 1632 1231 1699 σόν
1252 1632 1339 1698 dori.

233 1762 315 1819 ματι
333 1733 468 1823 μεγάλην,
485 1740 527 1800 δι’
549 1732 708 1820 ἑκηβόλων
737 1736 880 1819 σ’ργάνων
911 1734 968 1800 τόν
997 1736 1135 1817 πόλεμον
1160 1734 1341 1821 συνερρήγ-

234 1862 335 1925 νυον,
357 1835 416 1915 ἕως
437 1836 535 1911 ου’τός
554 1840 627 1921 {estc
650 1832 877 1921 ὑποχωροῦσιν
898 1839 1126 1923 ἐπιφερόμενος
1158 1828 1255 1920 ἧτταν
1276 1838 1341 1901 aci-
1352 1862 1383 1915 15

235 1942 300 2005 τῶν
326 1942 478 2021 μεγίστην
509 1939 564 2001 καί
593 1937 715 2022 τροπὴν
751 1935 985 2023 ἀπειργάσατο·
1042 1935 1098 2000 καί
1119 1938 1266 2001 τυσοῦτον
1288 1930 1341 1999 ὅτι
1424 1938 1425 1945 ’

233 2040 314 2122 μετά
339 2038 396 2121 τὴν
416 2042 503 2121 νίκην
536 2037 662 2102 α’πιδῶν
693 2036 773 2123 πρός
801 2036 836 2113 τό
859 2042 980 2123 πλῆθος
995 2044 996 2049 ’
1012 2041 1075 2103 τῶν
1102 2036 1258 2103 πεσόντων
1286 2036 1342 2101 καί

233 2142 298 2213 τῶν
319 2138 510 2225 φευγόντων,
533 2142 590 2203 καί
610 2131 675 2204 οἷον
701 2137 902 2228 αάτρῖἐργυν
917 2139 997 2225 ὑπὲρ
1020 2140 1223 2222 ἀνθρωπίνην
1239 2136 1340 2221 ἶσχόν

235 2239 427 2326 ἐξείργαστο,
450 2242 645 2317 σκυτοδινίας
666 2245 819 2327 πλησθείς
851 2244 906 2306 καί
935 2242 1062 2326 φάσεως
1088 2242 1221 2329 ῥευστῆς
1243 2235 1337 2324 εἶναι,

235 2348 300 2417 τοῖς
316 2343 530 2425 α’νθρωπίνοις
553 2346 667 2417 δεινοῖς
689 2342 745 2406 καί
766 2342 885 2408 πάθεσι
907 2348 1182 2433 κατακλινομέρης,
1204 2342 1383 2432 sinodos-20

234 2442 325 2527 κνός,
357 2439 546 2525 αότομάτως
569 2448 604 2508 ἐκ
636 2444 694 2507 τοῦ
714 2442 813 2507 ίππον
836 2441 916 2528 πρός
935 2447 992 2527 γῆν
1019 2446 1236 2528 καταρρεόσας
1258 2468 1338 2509 συν-
1422 2494 1425 2515 ,

166 2596 178 2613 Ι
233 2545 369 2625 νένευκε,
393 2542 566 2625 διάβροχος
586 2547 645 2623 μὲν
677 2542 732 2607 καί
752 2545 939 2624 λελουμένος
970 2538 1015 2609 ῶν
1037 2548 1080 2632 τῷ
1100 2546 1162 2610 τῶν
1181 2544 1336 2627 πολεμίων

223 2643 357 2733 ἀ’πλέττρ
381 2644 437 2708 καί
456 2648 599 2733 ποταμίῳ
622 2646 833 2727 αἵματι,ὀυ’χ
855 2632 949 2730 ἦττον
971 2648 1006 2711 δὲ
1026 2645 1135 2733 καὶτῷ
1161 2645 1262 2735 οἰκοίην
1283 2649 1339 2712 ναί

307 2801 349 2853 13.
369 2805 522 2860 συνίστατο
541 2803 570 2857 0.

235 2964 308 3016 ribus
328 2963 451 3033 affligens
472 2973 499 3016 et
518 2974 622 3018 terreus
644 2980 698 3019 eos.
737 2965 847 3036 bulgari
867 2975 964 3033 autem,
984 2971 1029 3038 qui
1048 2971 1271 3023 erantmultitudo
1291 2974 1335 3025 iu.

234 3036 409 3088 numerabilis
428 3052 518 3105 neque
536 3053 647 3089 numero
666 3037 763 3090 subiici
782 3038 839 3090 ullo
865 3040 943 3091 modo
970 3049 1109 3109 poterant,
1136 3058 1196 3092 eum
1220 3044 1336 3095 medium

235 3108 429 3160 circumdantes
447 3116 571 3176 tanquam
590 3124 717 3176 aquarum
736 3110 876 3162 multarum
895 3112 977 3163 latum
995 3128 1078 3176 mare,
1097 3114 1134 3163 ita
1162 3129 1221 3164 cum
1250 3116 1333 3166 sulio.

234 3194 297 3229 care
317 3187 345 3229 et
362 3180 390 3228 lu
409 3177 569 3246 voraginem
588 3180 773 3232 inevitabilem
792 3181 966 3250 submergere
986 3182 1131 3247 certabant,
1157 3186 1233 3252 quasi
1256 3187 1333 3239 undis

234 3245 332 3309 ictibus
356 3249 489 3300 hastarum
511 3258 538 3299 et
557 3259 707 3301 ceterorum
725 3252 792 3303 belli
811 3254 1045 3305 instrumentorum
1064 3256 1170 3307 assidue
1197 3272 1255 3306 curn
1280 3272 1332 3309 re.

234 3325 339 3369 nantes.
377 3319 423 3369 sed
444 3318 492 3369 ille
511 3320 623 3372 fremitu.
636 3321 724 3372 leonis
745 3331 837 3375 contra
859 3339 905 3376 eos
925 3327 1074 3390 procedens
1094 3334 1120 3377 et
1137 3328 1269 3379 irruentes
1289 3329 1333 3379 in.

234 3381 514 3457 gentibus'repelleus
533 3392 630 3443 ictibus
650 3394 720 3443 viam
749 3394 800 3445 sibi
828 3394 943 3447 faciebat
971 3406 998 3447 et
1025 3397 1123 3449 aditum
1146 3398 1284 3465 utrinque:
1307 3408 1335 3450 et

233 3468 374 3528 postquam
394 3470 580 3527 cognoverunt
598 3476 689 3513 omnes
708 3463 786 3517 buius
812 3466 969 3518 violentiam
995 3476 1020 3519 et
1051 3469 1157 3520 virtutis
1182 3468 1333 3520 firmitatem

233 3539 315 3599 atque
335 3533 464 3583 invictum
483 3533 598 3583 animum
616 3534 741 3584 uoniam
763 3537 795 3587 ad
813 3538 898 3587 aciem
920 3540 1037 3591 cominus
1058 3539 1178 3591 manibus
1204 3540 1236 3590 ad
1261 3555 1333 3607 pug-

232 3618 293 3654 nam
313 3619 372 3655 curn
391 3619 423 3654 eo
443 3619 473 3654 se
502 3604 713 3668 constituebant,
741 3608 788 3659 sed
811 3608 1031 3674 chorum-paene
1057 3619 1249 3677 componentes
1274 3628 1333 3662 curn

233 3675 407 3726 admiratione
425 3690 520 3741 magna
539 3676 720 3728 instrumentis
750 3678 914 3731 iaculatoriis
933 3680 1034 3731 bellum
1052 3681 1230 3746 instruebant,
1247 3683 1342 3733 donce.

211 3744 256 3793 ¹is
275 3746 303 3794 in
322 3745 472 3797 recidentes
492 3750 596 3797 irruens
617 3747 718 3798 cladem
747 3764 838 3800 eorum
864 3752 1000 3802 maximam
1027 3761 1053 3802 et
1080 3753 1170 3821 fugam
1197 3754 1330 3817 confecit,

233 3821 314 3881 atque
327 3821 442 3880 tantum,
462 3826 491 3869 ut
510 3826 571 3884 post
589 3820 730 3870 victoriam
749 3823 897 3887 respiciens
917 3822 1112 3875 multitudinem
1131 3826 1279 3877 occisorum
1304 3833 1332 3876 et

233 3886 402 3953 fugientium,
425 3896 451 3938 ct
470 3890 549 3956 quale
569 3890 601 3941 ab
622 3906 653 3940 eo
675 3906 741 3957 opus
761 3908 840 3958 supra
859 3892 993 3944 hominurn
1014 3897 1159 3961 potentiam
1180 3896 1331 3947 conlectam

235 3963 315 4021 essct,
335 3958 469 4023 vertigine
489 3970 628 4027 correptus
648 3972 674 4013 et
692 3971 811 4014 naturam
830 3964 958 4015 incertam
979 3959 1005 4015 c‘t
1023 3966 1177 4017 mutabilem
1198 3982 1257 4018 esse
1276 3965 1331 4017 bu.

233 4028 319 4078 manis
338 4026 415 4077 malis
435 4036 461 4078 et
479 4028 616 4082 doloribus
637 4035 791 4098 osteudens,
811 4051 858 4087 sua
877 4044 972 4103 sponte
992 4052 1025 4088 ex
1045 4052 1113 4105 equo
1135 4038 1330 4089 interramde.

234 4097 331 4149 ilucret
350 4107 551 4167 corrueretque,
575 4104 693 4156 madidus
721 4115 747 4156 ct
772 4106 876 4158 lavatus
892 4108 1018 4159 'hostiurn
1044 4110 1147 4177 ingenti
1176 4118 1202 4160 ct
1226 4108 1329 4161 fluviali

193 4177 197 4186 '
235 4171 366 4237 sanguine
385 4187 473 4241 neque
495 4173 582 4226 minus
603 4175 681 4225 etiam
701 4178 816 4247 proprio·
833 4182 991 4247 etmartyris
1003 4180 1328 4251 circumtusussqualoret
