2875 4734
269 185 323 264 9ο
542 182 784 268 ntentans
813 175 1073 258 ammonis
1157 176 1161 179 ’

270 355 391 441 ἐκείνην
412 353 602 441 προήρχετο.
646 376 697 418 και
720 347 759 438 ἧν
781 354 958 438 ἐπικρατῶν
985 343 1080 438 άχρις
1103 346 1231 434 η’μερῶν
1252 329 1375 415 τεσσα-
1429 416 1430 439 η

229 528 232 534 ,
271 455 416 552 ράιιοντα.
623 471 627 475 ’
927 503 930 508 -
1422 473 1431 529 ἦ,

364 547 445 623 ’Λπό
472 556 507 622 δὲ
534 555 633 646 μηνός
658 519 831 642 ἐκτωβριόυ
853 553 942 630 νόσος
974 553 1160 637 ἐνσκήψασα
1180 555 1224 640 τῷ
1244 556 1380 634 βασιλεῖ

270 650 349 742 άχρι
369 655 424 725 τοῦ
446 659 584 734 ἐπιόντος
601 658 702 740 ’μαἰὀυ
724 654 826 744 μηνός
845 658 1056 741 κατέτρυχεν
1099 657 1133 719 ἐν
1153 652 1240 742 αότηι
1226 655 1290 718 δέ
1311 677 1374 717 κα-

270 758 459 843 τειργάσατο
483 761 594 824 τοῦτον
625 761 680 823 καί
697 759 766 842 τῆς
784 757 941 823 ἐνταῦθα
972 758 1053 841 ζωῆς
1085 754 1308 839 άλιεστέρησεν.
1350 752 1373 837 ἦ
1382 760 1400 811 5

270 862 306 926 δέ
327 853 400 925 όσιἀ
420 857 533 926 τοότοιι
557 860 615 926 osia
636 856 775 942 ἔνθαπερ
797 853 1010 944 προσεδόκησε
1035 860 1168 941 γέγονεν,
1191 854 1271 920 άλλά
1295 858 1373 920 δια-

269 959 394 1036 πόντιος
423 961 537 1043 άχθείς
566 959 620 1028 ἐπό
639 963 711 1028 τῶν·
733 959 872 1026 άκατάων
897 961 951 1042 τῆς
984 958 1109 1042 χρυσῆς
1136 953 1253 1042 πόρπης
1276 953 1372 1038 ἐκτός,

194 1075 195 1078 ’
269 1063 346 1145 περί
362 1084 395 1124 τι
415 1057 659 1148 φροντιστήριον
690 1063 738 1127 ἐπ’
771 1058 903 1143 άνόματι
924 1060 980 1125 τοῦ
1013 1057 1105 1142 cirico
1127 1056 1287 1124 Νικολάου
1311 1083 1372 1122 κα-
1427 1098 1431 1127 t

270 1160 480 1245 θιδρυμένον,
504 1183 549 1237 εις
572 1185 642 1226 τινα
669 1158 766 1246 σορόν
787 1162 1146 1244 προκατεσκευασμένην
1175 1150 1311 1246 ἐτέρῳ’
1294 1183 1372 1224 ενα-

136 1287 160 1326 a.
182 1271 260 1326 1067.
271 1261 398 1345 πετέθη,
424 1259 559 1345 ζήσας’
544 1287 578 1327 εν
602 1266 642 1351 τῇ
663 1265 811 1350 βασιλείᾳ
828 1258 965 1347 χρόνους
986 1256 1064 1327 ἐπτά
1087 1285 1141 1324 και
1162 1260 1302 1343 μῆναςε
1284 1257 1329 1337 ἐξ
1382 1271 1430 1326 1ο

162 1343 258 1400 ΗΜ·
371 1363 442 1429 Καὶ
461 1366 612 1447 κατάσχον
640 1361 678 1429 τά
701 1365 846 1446 σκῆπτρα
877 1365 932 1446 τῆς
950 1354 1159 1443 βασιλεῖ”ος
1139 1387 1158 1446 η
1181 1383 1213 1426 τε
1235 1359 1373 1446 σάμβιος

263 1460 369 1528 ‘arieto
355 1462 532 1529 nicoma
550 1467 604 1530 καί
625 1462 654 1530 οἱ
671 1466 793 1538 παῖδες.
844 1463 1151 1549 προκατησφαλιόθη
1172 1461 1235 1546 γάρ
1256 1462 1275 1545 ἦ
1296 1463 1373 1532 Λό-

269 1563 387 1648 γούστα
406 1561 451 1647 μη
477 1564 637 1650 δευτέροις
668 1565 781 1649 γάμοις
814 1564 1051 1648 προσομιλῆσαι
1083 1563 1293 1650 α’ρχιερατικῇ
1319 1562 1374 1628 καί

270 1665 461 1752 συγκλητικῇ
493 1666 685 1734 συνελεύσει.
740 1655 778 1746 ἦν
818 1663 879 1748 γάρ
910 1669 965 1748 τῆς
996 1661 1134 1731 συνόδου
1164 1659 1372 1750 προεξάρχων
1426 1697 1431 1735 ι

269 1769 325 1833 κατ’
344 1760 402 1849 την
425 1766 641 1850 πατριαρχάαν
662 1767 789 1848 κοσμιόν
804 1763 949 1852 Ἰωάννης
970 1766 987 1829 ό
1011 1768 1251 1848 ἐπικεκλημένος
1269 1756 1372 1850 Ξιφι-
1381 1789 1413 1841 15

269 1871 371 1947 λῖνος,
390 1867 435 1929 ,ἐκ
470 1866 707 1949 Τραπεζοῦντος
738 1869 798 1947 μὲν
821 1859 1023 1951 ὥρμημένος,
1046 1863 1125 1949 άνηρ
1147 1866 1183 1928 δὲ
1202 1861 1374 1950 σοφόςκαό

268 1964 466 2042 παιδεύσεως
499 1966 544 2041 εἷς
575 1958 670 2054 ἄκρον
704 1963 863 2048 ἐληλακως
893 1967 952 2030 κάν
982 1975 1046 2051 τοῖς
1078 1972 1253 2044 πολιτικοῖς
1279 1971 1371 2050 περί·
1429 1988 1431 1991 ·

267 2055 566 2150 βλεπτοςγεγανιός
594 2065 650 2130 κατ’
675 2069 792 2153 ἐρατῆς
815 2062 979 2154 εὐφρόνως
1001 2061 1268 2190 Ηέπιμελοάμενος,
1288 2063 1372 2132 ὥστε
1429 2102 1430 2109 1

268 2174 331 2242 τοῖς
352 2164 568 2249 βασιλειόις”
548 2193 594 2232 εει
616 2170 851 2254 ἐμφιλοχωρων
871 2193 923 2233 και
944 2193 1057 2253 πρωτα
1084 2169 1191 2254 φέρων
1212 2163 1306 2251 παρά
1327 2191 1371 2255 τῳ

268 2270 401 2349 βασιλεῖ
417 2265 475 2353 τὴν
496 2289 674 2352 μοναχικην
695 2265 894 2332 noictes'oo’
880 2293 914 2334 εν
934 2269 1022 2354 άκμῆ
1045 2289 1101 2351 της
1124 2263 1315 2351 εάημεράας
1316 2290 1370 2331 και
1380 2284 1431 2342 20¹

268 2391 322 2452 της
344 2366 466 2453 ηλικίας
483 2365 708 2434 ἀσπάσασθαι.
731 2393 783 2432 και
814 2367 867 2434 τόν
886 2363 1125 2454 άναχωρητικόν
1143 2366 1213 2448 βίον
1235 2369 1310 2450 περι
1332 2363 1410 2431 τό
1429 2394 1430 2399 “

265 2458 483 2550 ’Oropum'
467 2490 540 2552 ορος
569 2463 725 2551 ἐλόμενος,
744 2466 898 2556 χρόνον
885 2468 939 2536 ἐπὶ
966 2467 1087 2554 συχνόν
1115 2460 1154 2553 ην
1181 2463 1371 2548 διαλάμπων

270 2569 317 2633 ἐπ’
344 2569 443 2656 α’ρετῇ
472 2571 526 2634 κατ’
543 2566 633 2660 φόβην
663 2573 753 2638 θεοῦ.
805 2596 858 2638 και
889 2571 943 2638 διά
963 2573 1057 2638 τοῦτο
1087 2571 1145 2637 τοῦ
1165 2564 1369 2656 πατριάρχου
1429 2610 1430 2625 r

1424 2712 1431 2751 i

273 2877 360 2923 autem
380 2870 470 2925 radios
487 2877 516 2924 ut
534 2871 567 2924 ad
585 2871 715 2924 orientem
730 2888 738 2924 ι
757 2878 825 2925 etnt
836 2873 868 2926 ad
886 2872 961 2925 illum
979 2871 1215 2940 progrediebaturr
1234 2881 1263 2926 et
1279 2876 1368 2928 domi.

270 2943 382 2996 nubatur
400 2959 449 3010 per
476 2943 533 2996 dies
556 2944 738 3013 quadraginta.

369 3033 434 3085 Inde
458 3041 477 3084 'a
502 3048 595 3087 mense
620 3033 731 3087 octobre
749 3032 856 3086 morbus
874 3032 996 3086 incidens
1014 3033 1073 3102 regi
1092 3034 1229 3101 usquead
1247 3049 1367 3102 sequen.
1424 3024 1431 3074 ό

272 3113 325 3156 tem
343 3105 440 3155 maium
459 3121 576 3158 mensem
596 3122 656 3157 cum
676 3105 821 3158 cruciabat.
846 3104 898 3155 hoc
924 3113 1012 3157 autem
1035 3120 1127 3156 mense
1154 3103 1271 3155 confecit
1298 3105 1367 3155 hunc

223 3183 230 3187 “
272 3184 299 3226 et
316 3185 424 3227 terrena
443 3177 498 3227 vita
523 3177 648 3242 privavit.
668 3178 737 3228 iusta
756 3185 843 3229 autem
863 3177 920 3228 cius
940 3191 993 3228 non
1012 3176 1057 3227 ubi
1077 3184 1280 3242 exspectaverat
1299 3176 1368 3227 iacta

271 3253 348 3309 snut,
367 3247 414 3297 sed
431 3254 503 3297 trans
522 3262 594 3298 mare
615 3247 683 3300 latus
703 3247 828 3301 lintribus
848 3255 924 3299 extra
941 3263 1049 3300 auream
1067 3255 1188 3314 portam,
1216 3248 1288 3298 circa
1307 3262 1368 3297 mo.

270 3317 415 3368 neoterium
439 3317 567 3384 quoddam
594 3311 643 3371 sub
668 3321 777 3372 nomine
796 3319 880 3372 sancti
899 3318 1003 3372 Nicolai
1024 3320 1183 3375 conditum
1175 3336 1203 3370 m
1223 3317 1367 3402 sepulchro

271 3387 342 3456 quod
362 3386 408 3438 ulii
428 3395 505 3440 antea
527 3389 624 3442 iactum
645 3398 710 3454 erat,
730 3392 867 3458 depositus
888 3400 938 3456 est,
957 3400 1095 3459 postquam
1114 3391 1184 3441 vixit
1201 3391 1228 3440 in
1254 3391 1368 3456 imperio

256 3473 355 3532 'annos
374 3467 475 3526 septem
496 3467 523 3512 et
548 3477 652 3515 menses
679 3459 736 3513 sex.

334 3579 340 3586 ,
370 3529 403 3582 Et
422 3531 594 3585 obtinuerunt
612 3541 746 3601 sceptrum
766 3535 843 3601 regni
862 3549 929 3585 uxor
949 3534 1005 3585 eius
1020 3532 1139 3584 Eudocia
1158 3540 1185 3583 et
1202 3531 1261 3585 filii.
1300 3547 1369 3582 con.

271 3603 461 3654 firmataenim
480 3612 537 3656 erat
555 3613 676 3672 augusta,
690 3620 731 3655 *ne
750 3604 836 3656 altero
856 3606 1022 3656 matrimonio
1043 3605 1269 3672 coniungeretur,
1297 3619 1369 3670 pon.
1429 3658 1431 3673 ‚

271 3675 351 3724 tifiois
371 3675 477 3726 maximi
498 3684 525 3727 et
543 3676 691 3728 consiliarii
710 3677 917 3728 necessitudine.
958 3682 1014 3726 erat
1034 3676 1105 3726 enim
1124 3682 1272 3727 conventus
1291 3676 1370 3742 prin.

272 3759 335 3810 ceps
355 3753 382 3796 ct
399 3747 592 3811 patriarchatus
611 3749 692 3798 decus
711 3749 825 3800 loannes
844 3749 1003 3814 cognomine
1022 3748 1107 3797 dictus
1126 3746 1290 3813 Xiphilinus,
1304 3747 1370 3798 Tra.

271 3823 387 3900 pezunte
407 3819 543 3881 oriundus,
562 3818 641 3870 homo
660 3819 767 3886 sapiens
787 3827 814 3869 et
831 3820 1023 3869 institutionem
1048 3833 1173 3869 summam
1192 3819 1322 3884 adeptus.
1344 3825 1371 3867 et

270 3889 297 3937 iu
325 3887 405 3938 rebus
428 3887 559 3939 civilibus
585 3888 697 3942 illustris
725 3898 752 3940 ct
779 3891 904 3941 virtutem
931 3890 1076 3956 prudenter
1102 3904 1213 3952 curans,
1238 3890 1276 3938 ita
1295 3897 1323 3938 ut
1342 3890 1371 3937 in

271 3959 346 4026 regia
366 3945 529 4008 etiamtum
527 3974 630 4011 ereans
649 3968 675 4012 et
693 3963 792 4027 primos
812 3960 928 4012 honores
947 3969 1085 4026 reportans
1105 3960 1285 4026 apudregem‚
1309 3973 1370 4007 ισο-

255 4029 408 4079 νπαολιίσοαι
428 4030 535 4080 vitam'
529 4046 555 4079 rn
574 4031 640 4082 flore
667 4031 789 4083 fortunae
809 4033 949 4084 etaetatis
975 4031 1196 4098 ampiecteretnr.
1224 4038 1250 4079 et
1273 4029 1370 4082 solita-

269 4100 335 4155 riam
364 4100 445 4156 vitam
480 4101 551 4155 circa
579 4098 745 4171 Olympicum
776 4111 905 4176 montem!
919 4103 1022 4173 eligens
1050 4118 1099 4170 per
1129 4099 1239 4156 multum
1267 4109 1371 4169 tempus
