2875 4734
131 351 135 360 ‘
213 336 262 406 ον
514 289 734 438 strennuus
763 290 1022 392 smnnrorln

212 496 246 562 ἓν
267 494 369 583 τούτῳ
391 519 418 559 οι
431 495 492 558 τῶν
514 493 677 574 ἐπαρχιῶν
698 485 849 552 δικασταί
861 487 917 549 καί
929 482 1137 549 συντάττουσι
1157 479 1198 547 τά
1218 503 1313 564 ποιη-

212 602 269 664 τὲα
294 595 461 721 ἐγγράφως
491 597 544 656 καί
575 590 615 656 τά
637 590 699 656 τιὸν
729 582 909 672 σχὲδαρίων
929 578 1212 650 ἐναποτιδὲασιν”
1194 606 1249 646 ισα
1272 584 1316 645 δι’

119 753 121 757 .
212 695 354 779 ὑποψίας
375 689 570 776 ἀπαλλαγήν.

310 793 433 861 Ἀλλ’
416 818 431 856 o
455 790 679 876 βασκαινων’
659 789 712 854 ατί
731 788 954 864 τοῖςκαλοῖς“
937 807 1048 869 ετερον
1070 776 1167 858 endec
1191 783 1330 865 erepet--

212 917 276 982 ρει
285 895 459 975 πάλεμον’
444 893 636 1016 ιπιχαλριογ
639 893 673 956 ἐκ
696 892 822 954 τοιάσδε
842 885 1051 973 προφάσεως·
1074 887 1223 967 σνγγενιά
1244 906 1316 948 νεκ-
1324 896 1342 948 5

170 992 175 1000 ’
212 999 345 1081 τημένος
375 989 605 1082 ὃβασιλεδς’
591 1017 625 1056 εκ
645 995 699 1074 τῆς
718 988 1011 1072 Ἀδριανονπάλεως
1039 987 1164 1050 Λέοντα
1186 1005 1314 1048 κατονο-

136 1087 142 1180 J
211 1095 401 1178 μαζόμενον,
420 1101 529 1158 τοῦτον
550 1095 595 1168 εἰς
616 1087 765 1176 λαμπράν
781 1085 888 1170 άίσπερ
910 1087 992 1164 εἰκὸς
1014 1086 1183 1169 α’νατίθησι
1204 1084 1313 1168 τύχην,

213 1200 268 1260 καί
289 1199 331 1281 τῷ
351 1195 428 1259 τῶν
433 1195 617 1276 πατρικίων,
640 1185 708 1256 εἶτα
731 1193 786 1254 καί
811 1191 874 1254 τῶν
894 1190 1016 1271 βεστῶν
1047 1184 1202 1267 α’ξιοάαατι
1223 1190 1315 1268 περί-

212 1300 348 1379 βλεπτον
382 1293 600 1372 α’ποδείκνυσι,
641 1296 830 1376 στρατηγίας
866 1288 988 1372 συχνάς
1022 1291 1076 1352 κατ’
1111 1288 1314 1370 δημαγωγίας

183 1391 414 1476 ’ἐμπιστεάων
436 1395 531 1480 αὐτῷ.
568 1397 602 1460 ἐν
623 1396 684 1480 μιᾷ
705 1394 740 1455 δὲ
761 1389 856 1475 ἔαρος
878 1386 948 1478 ιδρρ
970 1391 1009 1477 τῇ
1032 1390 1197 1477 Μελιτηνῇ
1216 1396 1360 1482 oppa-10
1424 1388 1425 1427 3

163 1492 165 1495 ’
213 1498 380 1576 τηγοδντος
403 1492 503 1556 αὐτοῦ
525 1489 565 1557 τά
591 1490 798 1559 Μακεδονικά
819 1488 1048 1611 σρνεταράχθη
1078 1486 1315 1583 στρατεάματα,

211 1591 338 1678 μακράν
363 1597 561 1658 α’ποστασίαν
583 1594 747 1658 ω’δίνοντα.
798 1588 851 1660 καί
878 1589 895 1653 ά
919 1585 1073 1671 βασιλεάς
1095 1587 1195 1671 ἠπίως
1218 1609 1315 1651 κατα.

213 1697 336 1768 στειλας
358 1694 476 1758 τούτων
498 1693 533 1759 τὸ
555 1693 708 1780 φρόνημα
723 1693 848 1756 διέλυσε
869 1687 928 1771 τὴν
947 1686 1128 1772 ἐπιβουλήν,
1149 1683 1228 1768 πρὸς
1247 1710 1318 1750 και

211 1791 269 1876 ρδν
289 1796 357 1874 μεν,
368 1797 411 1868 ως
431 1787 562 1878 ὕστερον
575 1819 609 1857 το
602 1791 826 1873 α’ποτέλεσμα
848 1779 1122 1872 παραδέδωκεν,“
1103 1810 1189 1869 ομως
1208 1788 1238 1849 δ’
1259 1779 1318 1849 ουν

213 1892 449 1958 κατεστείλατο.
493 1897 716 1980 κατηγορηθσις
739 1916 796 1956 ονν
811 1915 826 1954 ο
817 1883 1217 2004 προεκρωνηθείςαάτοά
1236 1909 1317 1967 συγ·
1296 1891 1360 1945 -15

211 1991 303 2074 γενὴς
323 2018 365 2068 ως
388 1997 442 2076 τῆς
471 1993 612 2068 στάσεως
636 1994 688 2058 καί
712 1993 769 2074 τῆς
798 1993 917 2071 βουλης
938 1981 1099 2072 άρχηγάς,
1123 1984 1179 2048 καί
1206 1983 1249 2060 aie
1269 2009 1315 2060 εις
1424 2026 1425 2077 η

213 2090 309 2155 αάτὸν
334 2092 573 2176 οἶναφερομὲνης
600 2117 655 2176 της
684 2090 886 2176 τυραννίδος,
919 2087 1113 2172 παραλάεται
1136 2088 1192 2170 τῆς
1212 2086 1316 2171 ἀρχῆς

212 2216 266 2256 και
261 2189 449 2281 μοναδιιιηι
471 2195 684 2278 παραδίδοται
705 2191 859 2276 σχήματι,
880 2193 935 2254 καί
953 2213 992 2276 τη
1014 2181 1265 2271 μεγαλοπόλει
1244 2209 1316 2252 ανε·

213 2313 281 2366 τος
299 2295 354 2355 καί
380 2292 483 2376 χωρίς
509 2317 595 2370 τινος
617 2294 851 2378 παραφυλακῆς
871 2291 1053 2355 duetorem.
1108 2286 1259 2371 τετάρτην
1280 2288 1317 2352 δὲ

91 2417 116 2460 ιι.
136 2389 289 2474 1047πράς
315 2399 352 2479 τῇ
374 2391 488 2482 δεκάτη
513 2387 640 2477 άγοντσς
668 2397 728 2457 coo
745 2395 956 2476 σεπτεμβρίου
984 2389 1097 2472 μηνός,
1120 2391 1194 2452 καθ’
1224 2382 1382 2471 detdic

213 2492 365 2574 ζωοποιόν
398 2493 530 2574 δημεῖον.
561 2493 743 2576 δινούμενον
775 2490 901 2574 αἴρεται
929 2490 991 2555 σάν
1027 2492 1186 2568 ἐξιλεοάσει
1219 2491 1336 2574 πολλῇ·
1424 2504 1426 2521 ¹

214 2589 336 2676 (πράτη
366 2594 402 2654 δὲ
426 2590 561 2668 ἴνδικτος
590 2587 650 2674 ἦν,
678 2591 774 2655 δπότε
803 2589 861 2655 καί
889 2590 906 2651 ά
930 2591 1055 2673 Κρόνος
1074 2587 1255 2657 συνώδευον
1274 2591 1318 2673 τῷ
1424 2580 1425 2605 ’

82 2729 96 2765 ,-
124 2713 125 2716 ’
191 2749 194 2756 ,
215 2693 298 2776 Διί),
319 2690 425 2780 λάθρη
446 2693 500 2775 τῆς
521 2688 754 2776 βασιλευσάσης
773 2689 935 2778 άποφσιτᾷ
945 2739 955 2773 ,
974 2691 1030 2755 καί
1050 2691 1091 2753 δι’
1113 2690 1218 2754 ἵππων
1237 2686 1317 2754 κατά

287 2891 329 2944 16.
350 2892 495 2979 ἐπιβουλῆς
509 2868 651 2960 interpres.
768 2893 811 2946 22.
828 2890 935 2964 χρόνον
953 2890 983 2944 G.
1003 2891 1121 2944 correxit
1137 2875 1279 2959 intdtpres.

214 3127 312 3180 ciarum
328 3127 448 3180 iudices
453 3136 478 3180 et
507 3137 670 3194 componunt
690 3128 811 3180 iacienda
832 3129 1006 3196 inscriptione
1024 3137 1051 3180 et
1069 3130 1183 3195 quaein
1208 3127 1318 3182 tabellis

213 3206 288 3250 erant
291 3199 445 3272 deponunt
463 3200 588 3266 aequalia
606 3209 716 3266 propter
736 3201 896 3266 suspicionis
921 3199 1116 3251 liberationem

291 3263 364 3320 Sed
390 3269 439 3320 ille
467 3273 512 3336 qni
537 3271 641 3322 invidet
666 3287 771 3337 semper
793 3270 912 3337 pulchris
930 3271 1003 3323 uliud
1027 3286 1118 3324 rursus
1141 3279 1232 3323 movet
1253 3271 1316 3323 bel-

179 3363 182 3376 ν
211 3341 266 3391 lum
284 3341 416 3390 internum
444 3340 493 3391 hac
521 3358 554 3392 ex
578 3358 666 3393 causa.
707 3343 880 3408 propinquum
901 3342 992 3394 habuit
1016 3359 1065 3393 ren
1084 3359 1117 3393 ex
1141 3342 1316 3408 Adrianopoli

211 3411 339 3462 Leontem
357 3412 535 3464 nominatum:
557 3413 627 3462 hunc
647 3415 678 3465 ad
705 3413 836 3465 illustrem
855 3421 883 3464 ut
902 3414 1014 3464 decebat
1032 3414 1108 3464 ellert
1127 3414 1267 3476 fortunam,
1289 3423 1318 3466 et

173 3482 176 3486 ’
211 3483 393 3548 patriciorum,
422 3484 518 3538 deinde
545 3485 623 3536 etiam
643 3485 829 3537 vestiariorum
848 3485 979 3550 dignitate
997 3485 1112 3551 amplum
1137 3485 1237 3537 reddit:
1262 3486 1315 3535 irn-

210 3555 286 3620 peria
310 3554 392 3605 multa
420 3562 447 3605 et
472 3557 626 3623 magisteria
651 3557 675 3604 ei
703 3556 831 3607 credens:
851 3570 904 3606 uno
919 3563 1007 3608 tamen
1026 3558 1098 3607 veris
1116 3565 1236 3622 ternpore
1255 3572 1315 3608 cnm

209 3623 259 3675 ille
284 3625 428 3677 Melitenae
453 3628 592 3693 imperium
619 3625 747 3690 haberet,
772 3627 946 3678 Macedonum
969 3626 1065 3678 turbati
1091 3635 1152 3678 sunt
1170 3628 1315 3690 exercitus,

210 3694 317 3760 longam
333 3697 511 3749 delectionem
530 3698 696 3749 meditantes.
718 3697 798 3765 atque
816 3712 865 3748 rex
883 3697 1028 3750 clementer
1053 3698 1201 3764 deprimens
1220 3698 1314 3751 horum

117 3787 118 3790 ¹
212 3767 312 3816 animos
338 3766 420 3816 solvit
447 3770 564 3832 insidias,
593 3771 619 3818 in
637 3776 757 3851 ternpore
775 3769 895 3834 quidem,
921 3778 949 3820 ut
974 3777 1067 3834 postea
1087 3770 1173 3820 exitus
1197 3769 1314 3833 tradidit,

210 3837 257 3888 sed
276 3844 363 3887 lamen
385 3837 525 3902 depressit.
561 3849 700 3892 accusatus
721 3841 802 3905 igitur
827 3842 884 3891 cius
909 3848 988 3890 anteo
1008 3849 1226 3891 commemoratus
1245 3856 1313 3908 eog-

209 3915 287 3960 natus
307 3915 335 3956 ut
350 3908 489 3960 seditionis
510 3918 537 3958 et
556 3911 663 3962 consilii
681 3911 734 3962 dux
753 3919 780 3960 et
799 3912 875 3978 quasi
892 3911 925 3962 ad
944 3926 1004 3960 enm
1022 3911 1172 3962 deferretur
1191 3912 1314 3962 domina-

209 3979 257 4043 tio,
285 3977 430 4029 solvitur
423 3980 536 4044 imperio
564 3989 590 4029 et
609 3983 773 4031 monasticae
791 3981 902 4032 traditur
924 3982 1011 4043 vitae,
1040 3983 1110 4032 etin
1130 3981 1222 4032 urbem
1244 3982 1312 4033 liber
1362 4002 1370 4013 ⁸

210 4058 236 4100 et
260 4051 318 4101 sine
344 4049 401 4101 ullo
428 4051 563 4115 praesidio
583 4052 738 4103 dimittitur.
766 4062 888 4119 quartum
907 4061 993 4102 eutem
1013 4052 1045 4102 ad
1063 4053 1194 4119 decimum
1212 4061 1312 4120 agente

209 4121 358 4186 septembre
385 4137 491 4184 iriense,
522 4136 573 4188 quo
610 4123 745 4172 vivificum
767 4126 871 4190 signum
897 4122 994 4174 elatum
1019 4122 1123 4175 tollitur
1149 4112 1232 4174 multo
1252 4140 1312 4174 eum

208 4190 329 4257 piaculo,
347 4193 445 4260 primus
466 4199 553 4246 autem
569 4201 624 4246 erat
643 4193 807 4261 indictionis,
826 4211 886 4247 curn
904 4193 982 4250 etiam
1001 4193 1129 4249 Saturnus
1151 4196 1312 4248 conveniret

213 3056 322 3124 privati,
344 3071 402 3107 curn
423 3073 455 3122 „a
474 3057 597 3109 iudiciis“
626 3057 776 3109 nominaret
796 3057 874 3109 huius
894 3057 1051 3124 praesidem.
1089 3057 1116 3107 in
1138 3056 1190 3107 hoc
1202 3057 1316 3124 provin.

1424 3134 1425 3157 l

1424 3176 1425 3207 l
