<?xml version="1.0" encoding="UTF-8"?>
<!DOCTYPE html PUBLIC "-//W3C//DTD XHTML 1.0 Transitional//EN"
    "http://www.w3.org/TR/xhtml1/DTD/xhtml1-transitional.dtd">
<html xmlns="http://www.w3.org/1999/xhtml" xml:lang="en" lang="en">
 <head>
  <title>
</title>
<meta http-equiv="Content-Type" content="text/html;charset=utf-8" />
  <meta name='ocr-system' content='tesseract 3.04.00' />
  <meta name='ocr-capabilities' content='ocr_page ocr_carea ocr_par ocr_line ocrx_word'/>
</head>
<body>
  <div class='ocr_page' id='page_1' title='image "./corpusscriptoru05theogoog/corpusscriptoru05theogoog_0259.png"; bbox 0 0 2875 4734; ppageno 0'>
   <div class='ocr_carea' id='block_1_1' title="bbox 436 268 1187 354">
    <p class='ocr_par' dir='ltr' id='par_1_1' title="bbox 436 268 1187 354">
     <span class='ocr_line' id='line_1_1' title="bbox 436 268 1187 354; baseline 0.008 -17"><span class='ocrx_word' id='word_1_1' title='bbox 436 339 439 354; x_wconf 72' lang='grc'><strong><em>,</em></strong></span> <span class='ocrx_word' id='word_1_2' title='bbox 536 268 746 341; x_wconf 73' lang='lat' dir='ltr'>antemi.</span> <span class='ocrx_word' id='word_1_3' title='bbox 1113 270 1187 343; x_wconf 75' lang='lat' dir='ltr'>att</span> 
     </span>
    </p>
   </div>
   <div class='ocr_carea' id='block_1_2' title="bbox 6 430 1258 2332">
    <p class='ocr_par' dir='ltr' id='par_1_2' title="bbox 6 430 1227 825">
     <span class='ocr_line' id='line_1_2' title="bbox 6 430 1193 523; baseline 0.003 -26"><span class='ocrx_word' id='word_1_4' title='bbox 6 441 7 444; x_wconf 73' lang='grc'>’</span> <span class='ocrx_word' id='word_1_5' title='bbox 88 456 153 498; x_wconf 91' lang='grc' dir='ltr'>σαν</span> <span class='ocrx_word' id='word_1_6' title='bbox 172 434 237 517; x_wconf 77' lang='grc' dir='ltr'><strong><em>γῆς.</em></strong></span> <span class='ocrx_word' id='word_1_7' title='bbox 280 432 523 518; x_wconf 76' lang='grc' dir='ltr'><strong><em>ἤγόρ,’ίβἠριόι</em></strong></span> <span class='ocrx_word' id='word_1_8' title='bbox 545 438 663 518; x_wconf 98' lang='grc' dir='ltr'><strong><em>κυρίως</em></strong></span> <span class='ocrx_word' id='word_1_9' title='bbox 682 430 736 497; x_wconf 87' lang='grc' dir='ltr'><strong><em>καί</em></strong></span> <span class='ocrx_word' id='word_1_10' title='bbox 756 430 835 517; x_wconf 70' lang='grc' dir='ltr'><strong><em>αὕτη</em></strong></span> <span class='ocrx_word' id='word_1_11' title='bbox 861 433 1091 520; x_wconf 77' lang='grc' dir='ltr'><strong><em>ἤΚελτιβηρία</em></strong></span> <span class='ocrx_word' id='word_1_12' title='bbox 1112 436 1193 523; x_wconf 88' lang='grc' dir='ltr'><strong><em>πρός</em></strong></span> 
     </span>
     <span class='ocr_line' id='line_1_3' title="bbox 86 531 1192 623; baseline 0.004 -22"><span class='ocrx_word' id='word_1_13' title='bbox 86 532 128 601; x_wconf 82' lang='grc' dir='ltr'>τό</span> <span class='ocrx_word' id='word_1_14' title='bbox 150 534 286 617; x_wconf 84' lang='grc' dir='ltr'><strong><em>όυσμικό</em></strong></span> <span class='ocrx_word' id='word_1_15' title='bbox 320 536 402 619; x_wconf 87' lang='grc' dir='ltr'><strong><em>μέρη</em></strong></span> <span class='ocrx_word' id='word_1_16' title='bbox 431 535 484 618; x_wconf 79' lang='grc' dir='ltr'>τῆς</span> <span class='ocrx_word' id='word_1_17' title='bbox 500 534 631 618; x_wconf 80' lang='grc' dir='ltr'><strong><em>Ῥώμης</em></strong></span> <span class='ocrx_word' id='word_1_18' title='bbox 656 531 827 600; x_wconf 73' lang='grc' dir='ltr'><strong><em>διάκεινται</em></strong></span> <span class='ocrx_word' id='word_1_19' title='bbox 839 590 857 620; x_wconf 40' lang='lat'>‚¹</span> <span class='ocrx_word' id='word_1_20' title='bbox 871 532 950 617; x_wconf 88' lang='grc' dir='ltr'><strong><em>πρός</em></strong></span> <span class='ocrx_word' id='word_1_21' title='bbox 971 532 1027 599; x_wconf 89' lang='grc' dir='ltr'>τόν</span> <span class='ocrx_word' id='word_1_22' title='bbox 1047 532 1192 623; x_wconf 76' lang='grc' dir='ltr'><em>ἑσπέριον</em></span> 
     </span>
     <span class='ocr_line' id='line_1_4' title="bbox 86 629 1189 723; baseline 0 -22"><span class='ocrx_word' id='word_1_23' title='bbox 86 630 235 721; x_wconf 84' lang='grc' dir='ltr'><strong><em>οόκεαυόν,</em></strong></span> <span class='ocrx_word' id='word_1_24' title='bbox 255 629 326 719; x_wconf 79' lang='grc' dir='ltr'><strong><em>ἥτις</em></strong></span> <span class='ocrx_word' id='word_1_25' title='bbox 349 637 406 699; x_wconf 79' lang='grc' dir='ltr'>νῦν</span> <span class='ocrx_word' id='word_1_26' title='bbox 423 635 568 702; x_wconf 84' lang='grc' dir='ltr'><strong><em>Ἱσπανιά</em></strong></span> <span class='ocrx_word' id='word_1_27' title='bbox 588 636 860 721; x_wconf 83' lang='grc' dir='ltr'><strong><em>κατωνομόζεται·.</em></strong></span> <span class='ocrx_word' id='word_1_28' title='bbox 904 638 960 721; x_wconf 82' lang='grc' dir='ltr'>τῆς</span> <span class='ocrx_word' id='word_1_29' title='bbox 977 636 1107 721; x_wconf 76' lang='grc' dir='ltr'><strong><em>Ῥώμης</em></strong></span> <span class='ocrx_word' id='word_1_30' title='bbox 1128 637 1189 723; x_wconf 80' lang='grc' dir='ltr'>γὰρ</span> 
     </span>
     <span class='ocr_line' id='line_1_5' title="bbox 84 731 1227 825; baseline 0.002 -24"><span class='ocrx_word' id='word_1_31' title='bbox 84 734 169 823; x_wconf 67' lang='grc' dir='ltr'><strong><em>ὑπὲρ</em></strong></span> <span class='ocrx_word' id='word_1_32' title='bbox 189 734 247 821; x_wconf 75' lang='grc' dir='ltr'>τήν</span> <span class='ocrx_word' id='word_1_33' title='bbox 265 737 402 802; x_wconf 84' lang='grc' dir='ltr'><strong><em>Ἰταλίαν</em></strong></span> <span class='ocrx_word' id='word_1_34' title='bbox 422 740 564 822; x_wconf 82' lang='grc' dir='ltr'><strong><em>κειμένης</em></strong></span> <span class='ocrx_word' id='word_1_35' title='bbox 576 737 614 803; x_wconf 85' lang='grc' dir='ltr'>τοὶ</span> <span class='ocrx_word' id='word_1_36' title='bbox 633 741 691 820; x_wconf 81' lang='grc' dir='ltr'>μὲν</span> <span class='ocrx_word' id='word_1_37' title='bbox 712 736 794 823; x_wconf 90' lang='grc' dir='ltr'><strong><em>πρός</em></strong></span> <span class='ocrx_word' id='word_1_38' title='bbox 814 731 901 822; x_wconf 75' lang='grc' dir='ltr'><strong><em>η’λιον</em></strong></span> <span class='ocrx_word' id='word_1_39' title='bbox 916 736 1088 821; x_wconf 82' lang='grc' dir='ltr'><strong><em>α’νίσχοντα</em></strong></span> <span class='ocrx_word' id='word_1_40' title='bbox 1109 741 1190 825; x_wconf 83' lang='grc' dir='ltr'><strong><em>μέρη</em></strong></span> <span class='ocrx_word' id='word_1_41' title='bbox 1223 774 1227 785; x_wconf 79' lang='grc'><strong><em>·</em></strong></span> 
     </span>
    </p>

    <p class='ocr_par' dir='ltr' id='par_1_3' title="bbox 59 830 1191 1325">
     <span class='ocr_line' id='line_1_6' title="bbox 59 830 1191 921; baseline 0.001 -21"><span class='ocrx_word' id='word_1_42' title='bbox 59 830 153 903; x_wconf 63' lang='lat' dir='ltr'>baiana</span> <span class='ocrx_word' id='word_1_43' title='bbox 164 841 195 904; x_wconf 95' lang='grc' dir='ltr'><strong>Γ</strong></span> <span class='ocrx_word' id='word_1_44' title='bbox 193 842 301 903; x_wconf 86' lang='grc' dir='ltr'><strong><em>αλλίαι</em></strong></span> <span class='ocrx_word' id='word_1_45' title='bbox 323 836 573 921; x_wconf 83' lang='grc' dir='ltr'><strong><em>όιονσμόζσνται,</em></strong></span> <span class='ocrx_word' id='word_1_46' title='bbox 594 836 632 902; x_wconf 87' lang='grc' dir='ltr'>τό</span> <span class='ocrx_word' id='word_1_47' title='bbox 655 842 691 903; x_wconf 80' lang='grc' dir='ltr'>δὲ</span> <span class='ocrx_word' id='word_1_48' title='bbox 707 838 787 921; x_wconf 86' lang='grc' dir='ltr'><strong><em>πρός</em></strong></span> <span class='ocrx_word' id='word_1_49' title='bbox 806 833 899 921; x_wconf 77' lang='grc' dir='ltr'><strong><em>ἥλιον</em></strong></span> <span class='ocrx_word' id='word_1_50' title='bbox 920 838 1056 905; x_wconf 83' lang='grc' dir='ltr'><strong><em>όόνοντα</em></strong></span> <span class='ocrx_word' id='word_1_51' title='bbox 1076 840 1191 921; x_wconf 80' lang='grc' dir='ltr'><strong><em>μέχρις</em></strong></span> 
     </span>
     <span class='ocr_line' id='line_1_7' title="bbox 75 929 1191 1024; baseline 0.004 -23"><span class='ocrx_word' id='word_1_52' title='bbox 75 929 224 1003; x_wconf 74' lang='grc' dir='ltr'><strong><em>Ἀλπεων</em></strong></span> <span class='ocrx_word' id='word_1_53' title='bbox 257 936 341 1021; x_wconf 75' lang='grc' dir='ltr'><strong><em>όροόν</em></strong></span> <span class='ocrx_word' id='word_1_54' title='bbox 363 932 452 1001; x_wconf 83' lang='grc' dir='ltr'><strong><em>κάτω</em></strong></span> <span class='ocrx_word' id='word_1_55' title='bbox 460 986 469 1019; x_wconf 95' lang='grc'><strong><em>,</em></strong></span> <span class='ocrx_word' id='word_1_56' title='bbox 499 932 579 1001; x_wconf 90' lang='grc' dir='ltr'><strong><em>όπου</em></strong></span> <span class='ocrx_word' id='word_1_57' title='bbox 600 940 657 1002; x_wconf 78' lang='grc' dir='ltr'>νῦν</span> <span class='ocrx_word' id='word_1_58' title='bbox 680 938 700 1024; x_wconf 78' lang='grc' dir='ltr'><em>ἦ</em></span> <span class='ocrx_word' id='word_1_59' title='bbox 724 941 882 1021; x_wconf 87' lang='grc' dir='ltr'><strong><em>Νεμιτζία</em></strong></span> <span class='ocrx_word' id='word_1_60' title='bbox 904 941 1111 1024; x_wconf 85' lang='grc' dir='ltr'><strong><em>γνωρίζεται,</em></strong></span> <span class='ocrx_word' id='word_1_61' title='bbox 1135 935 1191 1005; x_wconf 89' lang='grc' dir='ltr'>τόν</span> 
     </span>
     <span class='ocr_line' id='line_1_8' title="bbox 81 1029 1190 1127; baseline 0.005 -26"><span class='ocrx_word' id='word_1_62' title='bbox 81 1034 168 1103; x_wconf 78' lang='grc' dir='ltr'><strong><em>ἴδιον</em></strong></span> <span class='ocrx_word' id='word_1_63' title='bbox 197 1029 339 1121; x_wconf 77' lang='grc' dir='ltr'><strong><em>ἄρχοντα</em></strong></span> <span class='ocrx_word' id='word_1_64' title='bbox 365 1036 449 1123; x_wconf 74' lang='grc' dir='ltr'>ῥῆγα</span> <span class='ocrx_word' id='word_1_65' title='bbox 471 1038 742 1119; x_wconf 84' lang='grc' dir='ltr'><strong><em>κατονομόζουσα.</em></strong></span> <span class='ocrx_word' id='word_1_66' title='bbox 797 1038 835 1105; x_wconf 79' lang='grc' dir='ltr'>τό</span> <span class='ocrx_word' id='word_1_67' title='bbox 868 1043 902 1105; x_wconf 80' lang='grc' dir='ltr'>δὲ</span> <span class='ocrx_word' id='word_1_68' title='bbox 924 1042 1005 1123; x_wconf 86' lang='grc' dir='ltr'><strong><em>πρός</em></strong></span> <span class='ocrx_word' id='word_1_69' title='bbox 1035 1037 1190 1127; x_wconf 85' lang='grc' dir='ltr'><strong><em>έγκόρστα</em></strong></span> 
     </span>
     <span class='ocr_line' id='line_1_9' title="bbox 80 1132 1191 1225; baseline 0.004 -23"><span class='ocrx_word' id='word_1_70' title='bbox 80 1142 166 1222; x_wconf 86' lang='grc' dir='ltr'><strong><em>μέρη</em></strong></span> <span class='ocrx_word' id='word_1_71' title='bbox 190 1139 252 1203; x_wconf 73' lang='lat' dir='ltr'>raia</span> <span class='ocrx_word' id='word_1_72' title='bbox 269 1132 415 1205; x_wconf 83' lang='grc' dir='ltr'><strong><em>Ἀλπεων</em></strong></span> <span class='ocrx_word' id='word_1_73' title='bbox 450 1136 493 1213; x_wconf 85' lang='grc' dir='ltr'>σός</span> <span class='ocrx_word' id='word_1_74' title='bbox 513 1136 594 1223; x_wconf 89' lang='grc' dir='ltr'><strong><em>πρός</em></strong></span> <span class='ocrx_word' id='word_1_75' title='bbox 621 1137 712 1205; x_wconf 84' lang='grc' dir='ltr'><strong><em>νότον</em></strong></span> <span class='ocrx_word' id='word_1_76' title='bbox 734 1134 812 1223; x_wconf 76' lang='grc' dir='ltr'><strong><em>ἄχρι</em></strong></span> <span class='ocrx_word' id='word_1_77' title='bbox 843 1144 901 1206; x_wconf 81' lang='grc' dir='ltr'>τοῦ</span> <span class='ocrx_word' id='word_1_78' title='bbox 922 1136 1067 1225; x_wconf 73' lang='grc' dir='ltr'><strong><em>ἑσπερίου</em></strong></span> <span class='ocrx_word' id='word_1_79' title='bbox 1088 1141 1191 1207; x_wconf 85' lang='grc' dir='ltr'><strong><em>ω’κεα-</em></strong></span> 
     </span>
     <span class='ocr_line' id='line_1_10' title="bbox 81 1238 1189 1325; baseline 0.009 -25"><span class='ocrx_word' id='word_1_80' title='bbox 81 1241 143 1300; x_wconf 76' lang='grc' dir='ltr'>νοῦ</span> <span class='ocrx_word' id='word_1_81' title='bbox 165 1238 285 1321; x_wconf 81' lang='grc' dir='ltr'><strong><em>Ἰβηρία</em></strong></span> <span class='ocrx_word' id='word_1_82' title='bbox 314 1240 369 1304; x_wconf 86' lang='grc' dir='ltr'><strong><em>καί</em></strong></span> <span class='ocrx_word' id='word_1_83' title='bbox 390 1240 588 1323; x_wconf 78' lang='grc' dir='ltr'><strong><em>Κελτιβηρία</em></strong></span> <span class='ocrx_word' id='word_1_84' title='bbox 610 1242 770 1323; x_wconf 78' lang='grc' dir='ltr'><strong><em>ἐλέγοντο,</em></strong></span> <span class='ocrx_word' id='word_1_85' title='bbox 791 1242 854 1307; x_wconf 74' lang='grc' dir='ltr'><strong><em>τεόν</em></strong></span> <span class='ocrx_word' id='word_1_86' title='bbox 881 1240 1068 1325; x_wconf 81' lang='grc' dir='ltr'><strong><em>εἰσρεόντων</em></strong></span> <span class='ocrx_word' id='word_1_87' title='bbox 1089 1246 1189 1310; x_wconf 83' lang='grc' dir='ltr'><strong><em>έκείσε</em></strong></span> 
     </span>
    </p>

    <p class='ocr_par' dir='ltr' id='par_1_4' title="bbox 42 1334 1258 1830">
     <span class='ocr_line' id='line_1_11' title="bbox 42 1334 1187 1428; baseline 0.005 -25"><span class='ocrx_word' id='word_1_88' title='bbox 42 1340 238 1418; x_wconf 67' lang='lat' dir='ltr'>itinerantis</span> <span class='ocrx_word' id='word_1_89' title='bbox 259 1341 297 1427; x_wconf 74' lang='grc' dir='ltr'>τῇ</span> <span class='ocrx_word' id='word_1_90' title='bbox 316 1336 409 1428; x_wconf 81' lang='grc' dir='ltr'><strong><em>χιόρηι</em></strong></span> <span class='ocrx_word' id='word_1_91' title='bbox 429 1344 657 1424; x_wconf 86' lang='grc' dir='ltr'><strong><em>χαρισαμένων</em></strong></span> <span class='ocrx_word' id='word_1_92' title='bbox 679 1340 770 1406; x_wconf 88' lang='grc' dir='ltr'><strong><em>τουτί</em></strong></span> <span class='ocrx_word' id='word_1_93' title='bbox 790 1341 824 1409; x_wconf 90' lang='grc' dir='ltr'>τό</span> <span class='ocrx_word' id='word_1_94' title='bbox 850 1334 960 1423; x_wconf 76' lang='grc' dir='ltr'><strong><em>ὄνομα.</em></strong></span> <span class='ocrx_word' id='word_1_95' title='bbox 984 1346 1108 1409; x_wconf 76' lang='grc' dir='ltr'><strong><em>ἐκεῖθεν</em></strong></span> <span class='ocrx_word' id='word_1_96' title='bbox 1127 1347 1187 1428; x_wconf 86' lang='grc' dir='ltr'>γόρ</span> 
     </span>
     <span class='ocr_line' id='line_1_12' title="bbox 80 1438 1190 1527; baseline 0.005 -24"><span class='ocrx_word' id='word_1_97' title='bbox 80 1438 138 1503; x_wconf 89' lang='grc' dir='ltr'>τόν</span> <span class='ocrx_word' id='word_1_98' title='bbox 160 1442 219 1519; x_wconf 83' lang='grc' dir='ltr'>μὲν</span> <span class='ocrx_word' id='word_1_99' title='bbox 240 1438 433 1522; x_wconf 80' lang='grc' dir='ltr'><strong><em>βουλόμενον</em></strong></span> <span class='ocrx_word' id='word_1_100' title='bbox 454 1439 510 1523; x_wconf 85' lang='grc' dir='ltr'>τηυ</span> <span class='ocrx_word' id='word_1_101' title='bbox 537 1443 597 1521; x_wconf 84' lang='grc' dir='ltr'>μὲν</span> <span class='ocrx_word' id='word_1_102' title='bbox 620 1447 855 1527; x_wconf 82' lang='grc' dir='ltr'><strong><em>παρακειμένην</em></strong></span> <span class='ocrx_word' id='word_1_103' title='bbox 882 1441 981 1526; x_wconf 83' lang='grc' dir='ltr'><strong><em>α’κτὴν</em></strong></span> <span class='ocrx_word' id='word_1_104' title='bbox 1002 1447 1190 1527; x_wconf 73' lang='grc' dir='ltr'><strong><em>παραπλεῖ-</em></strong></span> 
     </span>
     <span class='ocr_line' id='line_1_13' title="bbox 81 1537 1258 1629; baseline 0.003 -24"><span class='ocrx_word' id='word_1_105' title='bbox 81 1564 136 1605; x_wconf 92' lang='grc' dir='ltr'>σαι</span> <span class='ocrx_word' id='word_1_106' title='bbox 159 1539 239 1622; x_wconf 91' lang='grc' dir='ltr'><strong><em>πρός</em></strong></span> <span class='ocrx_word' id='word_1_107' title='bbox 260 1537 315 1614; x_wconf 81' lang='grc' dir='ltr'>τός</span> <span class='ocrx_word' id='word_1_108' title='bbox 335 1537 422 1605; x_wconf 86' lang='grc' dir='ltr'><strong><em>κότω</em></strong></span> <span class='ocrx_word' id='word_1_109' title='bbox 444 1541 583 1618; x_wconf 88' lang='grc' dir='ltr'><strong><em>Γαλλίας</em></strong></span> <span class='ocrx_word' id='word_1_110' title='bbox 605 1538 622 1603; x_wconf 86' lang='grc' dir='ltr'><strong><em>ό</em></strong></span> <span class='ocrx_word' id='word_1_111' title='bbox 642 1546 704 1606; x_wconf 68' lang='grc' dir='ltr'><strong><em>τοῖν</em></strong></span> <span class='ocrx_word' id='word_1_112' title='bbox 722 1543 918 1628; x_wconf 82' lang='grc' dir='ltr'><strong><em>Ἡρακλείων</em></strong></span> <span class='ocrx_word' id='word_1_113' title='bbox 944 1546 1064 1629; x_wconf 76' lang='grc' dir='ltr'><strong><em>στηλοόν</em></strong></span> <span class='ocrx_word' id='word_1_114' title='bbox 1084 1548 1189 1629; x_wconf 78' lang='grc' dir='ltr'><strong><em>πορθ-</em></strong></span> <span class='ocrx_word' id='word_1_115' title='bbox 1255 1567 1258 1571; x_wconf 88' lang='grc'><em>·</em></span> 
     </span>
     <span class='ocr_line' id='line_1_14' title="bbox 79 1638 1188 1729; baseline 0.006 -26"><span class='ocrx_word' id='word_1_116' title='bbox 79 1638 142 1721; x_wconf 85' lang='grc' dir='ltr'>μός</span> <span class='ocrx_word' id='word_1_117' title='bbox 166 1643 339 1723; x_wconf 83' lang='grc' dir='ltr'><strong><em>ἐκδέχεται,</em></strong></span> <span class='ocrx_word' id='word_1_118' title='bbox 360 1639 416 1707; x_wconf 88' lang='grc' dir='ltr'>τόν</span> <span class='ocrx_word' id='word_1_119' title='bbox 440 1644 475 1705; x_wconf 79' lang='grc' dir='ltr'>δὲ</span> <span class='ocrx_word' id='word_1_120' title='bbox 495 1640 574 1726; x_wconf 90' lang='grc' dir='ltr'><strong><em>πρός</em></strong></span> <span class='ocrx_word' id='word_1_121' title='bbox 596 1642 771 1724; x_wconf 79' lang='grc' dir='ltr'><strong><em>οἷναιολός,</em></strong></span> <span class='ocrx_word' id='word_1_122' title='bbox 794 1647 946 1728; x_wconf 80' lang='grc' dir='ltr'><strong><em>ἐνδοτέρω</em></strong></span> <span class='ocrx_word' id='word_1_123' title='bbox 970 1644 1114 1729; x_wconf 84' lang='grc' dir='ltr'><strong><em>δηλονότι</em></strong></span> <span class='ocrx_word' id='word_1_124' title='bbox 1134 1648 1188 1729; x_wconf 80' lang='grc' dir='ltr'>τῆς</span> 
     </span>
     <span class='ocr_line' id='line_1_15' title="bbox 78 1741 1188 1830; baseline 0.003 -22"><span class='ocrx_word' id='word_1_125' title='bbox 78 1741 189 1827; x_wconf 80' lang='grc' dir='ltr'><strong><em>χώρας</em></strong></span> <span class='ocrx_word' id='word_1_126' title='bbox 211 1743 466 1822; x_wconf 85' lang='grc' dir='ltr'><strong><em>έπεκτεινσμένου</em></strong></span> <span class='ocrx_word' id='word_1_127' title='bbox 486 1746 542 1807; x_wconf 80' lang='grc' dir='ltr'>τοῦ</span> <span class='ocrx_word' id='word_1_128' title='bbox 563 1747 722 1827; x_wconf 82' lang='grc' dir='ltr'><strong><em>αἰγιαλοῦ,</em></strong></span> <span class='ocrx_word' id='word_1_129' title='bbox 746 1744 824 1827; x_wconf 83' lang='grc' dir='ltr'><strong><em>πρός</em></strong></span> <span class='ocrx_word' id='word_1_130' title='bbox 845 1742 883 1809; x_wconf 82' lang='grc' dir='ltr'>τό</span> <span class='ocrx_word' id='word_1_131' title='bbox 905 1747 987 1830; x_wconf 87' lang='grc' dir='ltr'><strong><em>μέρη</em></strong></span> <span class='ocrx_word' id='word_1_132' title='bbox 1008 1750 1069 1810; x_wconf 73' lang='grc' dir='ltr'><strong><em>τεόν</em></strong></span> <span class='ocrx_word' id='word_1_133' title='bbox 1083 1750 1188 1830; x_wconf 85' lang='grc' dir='ltr'><strong><em>Βρετ-</em></strong></span> 
     </span>
    </p>

    <p class='ocr_par' dir='ltr' id='par_1_5' title="bbox 39 1829 1186 2332">
     <span class='ocr_line' id='line_1_16' title="bbox 39 1829 1186 1935; baseline 0.003 -28"><span class='ocrx_word' id='word_1_134' title='bbox 39 1860 70 1915; x_wconf 86' lang='lat'>15</span> <span class='ocrx_word' id='word_1_135' title='bbox 80 1844 218 1908; x_wconf 84' lang='grc' dir='ltr'><strong><em>τανικτόν</em></strong></span> <span class='ocrx_word' id='word_1_136' title='bbox 241 1840 343 1926; x_wconf 79' lang='grc' dir='ltr'><strong><em>νησων</em></strong></span> <span class='ocrx_word' id='word_1_137' title='bbox 363 1845 539 1928; x_wconf 74' lang='grc' dir='ltr'><strong><em>καθοδηγεί</em></strong></span> <span class='ocrx_word' id='word_1_138' title='bbox 555 1829 851 1930; x_wconf 84' lang='grc' dir='ltr'><strong><em>καίπροτρέπεται.</em></strong></span> <span class='ocrx_word' id='word_1_139' title='bbox 880 1848 924 1929; x_wconf 78' lang='grc' dir='ltr'>τῷ</span> <span class='ocrx_word' id='word_1_140' title='bbox 947 1848 982 1908; x_wconf 80' lang='grc' dir='ltr'>δὲ</span> <span class='ocrx_word' id='word_1_141' title='bbox 1005 1851 1186 1935; x_wconf 78' lang='grc' dir='ltr'><strong><em>βουλομένῳ</em></strong></span> 
     </span>
     <span class='ocr_line' id='line_1_17' title="bbox 79 1940 1186 2032; baseline 0.005 -25"><span class='ocrx_word' id='word_1_142' title='bbox 79 1943 160 2027; x_wconf 89' lang='grc' dir='ltr'><strong><em>πρός</em></strong></span> <span class='ocrx_word' id='word_1_143' title='bbox 180 1940 237 2019; x_wconf 79' lang='grc' dir='ltr'>τοὶς</span> <span class='ocrx_word' id='word_1_144' title='bbox 265 1947 327 2009; x_wconf 69' lang='grc' dir='ltr'><strong><em>τοῖν</em></strong></span> <span class='ocrx_word' id='word_1_145' title='bbox 348 1940 518 2028; x_wconf 82' lang='grc' dir='ltr'><strong><em>Μακάρων</em></strong></span> <span class='ocrx_word' id='word_1_146' title='bbox 544 1946 660 2028; x_wconf 84' lang='grc' dir='ltr'><strong><em>κη’σσυς</em></strong></span> <span class='ocrx_word' id='word_1_147' title='bbox 687 1946 809 2030; x_wconf 81' lang='grc' dir='ltr'><strong><em>α’πᾶραι</em></strong></span> <span class='ocrx_word' id='word_1_148' title='bbox 838 1944 854 2010; x_wconf 85' lang='grc' dir='ltr'><strong><em>ό</em></strong></span> <span class='ocrx_word' id='word_1_149' title='bbox 877 1943 1038 2018; x_wconf 88' lang='grc' dir='ltr'><strong><em>α’πόπλους</em></strong></span> <span class='ocrx_word' id='word_1_150' title='bbox 1062 1945 1186 2032; x_wconf 73' lang='grc' dir='ltr'><strong><em>α’χανὴς</em></strong></span> 
     </span>
     <span class='ocr_line' id='line_1_18' title="bbox 77 2043 1184 2131; baseline 0.006 -24"><span class='ocrx_word' id='word_1_151' title='bbox 77 2049 319 2129; x_wconf 84' lang='grc' dir='ltr'><strong><em>παρατείνεται·</em></strong></span> <span class='ocrx_word' id='word_1_152' title='bbox 373 2046 531 2127; x_wconf 86' lang='grc' dir='ltr'><strong><em>α’πέχουσι</em></strong></span> <span class='ocrx_word' id='word_1_153' title='bbox 549 2043 608 2130; x_wconf 79' lang='grc' dir='ltr'>γὰρ</span> <span class='ocrx_word' id='word_1_154' title='bbox 632 2049 688 2129; x_wconf 79' lang='grc' dir='ltr'><strong><em>τη”ς</em></strong></span> <span class='ocrx_word' id='word_1_155' title='bbox 710 2048 765 2130; x_wconf 84' lang='grc' dir='ltr'>γῆς</span> <span class='ocrx_word' id='word_1_156' title='bbox 787 2048 903 2129; x_wconf 88' lang='grc' dir='ltr'><strong><em>μέτρον</em></strong></span> <span class='ocrx_word' id='word_1_157' title='bbox 925 2049 1039 2127; x_wconf 87' lang='grc' dir='ltr'><strong><em>μιλίων</em></strong></span> <span class='ocrx_word' id='word_1_158' title='bbox 1059 2048 1184 2131; x_wconf 87' lang='grc' dir='ltr'><strong><em>χιλίων.</em></strong></span> 
     </span>
     <span class='ocr_line' id='line_1_19' title="bbox 78 2136 1186 2231; baseline 0.004 -23"><span class='ocrx_word' id='word_1_159' title='bbox 78 2148 136 2209; x_wconf 75' lang='lat' dir='ltr'>sirio</span> <span class='ocrx_word' id='word_1_160' title='bbox 159 2148 194 2210; x_wconf 80' lang='grc' dir='ltr'>δὲ</span> <span class='ocrx_word' id='word_1_161' title='bbox 216 2143 250 2210; x_wconf 83' lang='grc' dir='ltr'>αἱ</span> <span class='ocrx_word' id='word_1_162' title='bbox 270 2148 358 2231; x_wconf 76' lang='grc' dir='ltr'><strong><em>νῆσοι</em></strong></span> <span class='ocrx_word' id='word_1_163' title='bbox 382 2147 470 2225; x_wconf 81' lang='grc' dir='ltr'><strong><em>εἰσίν,</em></strong></span> <span class='ocrx_word' id='word_1_164' title='bbox 492 2142 529 2210; x_wconf 85' lang='grc' dir='ltr'>υό</span> <span class='ocrx_word' id='word_1_165' title='bbox 550 2146 629 2211; x_wconf 80' lang='grc' dir='ltr'><strong><em>πολὺ</em></strong></span> <span class='ocrx_word' id='word_1_166' title='bbox 651 2148 794 2229; x_wconf 78' lang='grc' dir='ltr'><strong><em>α’λληλων</em></strong></span> <span class='ocrx_word' id='word_1_167' title='bbox 819 2148 1007 2231; x_wconf 87' lang='grc' dir='ltr'><strong><em>α’πέχσυσαι,</em></strong></span> <span class='ocrx_word' id='word_1_168' title='bbox 1031 2136 1186 2213; x_wconf 79' lang='grc' dir='ltr'><strong><em>παντοίων</em></strong></span> 
     </span>
     <span class='ocr_line' id='line_1_20' title="bbox 83 2246 1186 2332; baseline 0.002 -23"><span class='ocrx_word' id='word_1_169' title='bbox 83 2247 218 2329; x_wconf 71' lang='grc' dir='ltr'><strong><em>οἷγαθτόν</em></strong></span> <span class='ocrx_word' id='word_1_170' title='bbox 239 2252 295 2312; x_wconf 86' lang='grc' dir='ltr'><strong><em>καί</em></strong></span> <span class='ocrx_word' id='word_1_171' title='bbox 313 2246 463 2312; x_wconf 87' lang='grc' dir='ltr'><strong><em>ποικίλων</em></strong></span> <span class='ocrx_word' id='word_1_172' title='bbox 486 2250 632 2332; x_wconf 79' lang='grc' dir='ltr'>διηνεκῶς</span> <span class='ocrx_word' id='word_1_173' title='bbox 653 2246 846 2332; x_wconf 76' lang='grc' dir='ltr'><strong><em>βρίθουσαι,</em></strong></span> <span class='ocrx_word' id='word_1_174' title='bbox 864 2250 919 2311; x_wconf 87' lang='grc' dir='ltr'><strong><em>καί</em></strong></span> <span class='ocrx_word' id='word_1_175' title='bbox 940 2247 1018 2313; x_wconf 90' lang='grc' dir='ltr'><strong><em>πόαν</em></strong></span> <span class='ocrx_word' id='word_1_176' title='bbox 1040 2246 1186 2331; x_wconf 75' lang='grc' dir='ltr'><strong><em>μαλακὴν</em></strong></span> 
     </span>
    </p>
   </div>
   <div class='ocr_carea' id='block_1_3' title="bbox 38 2344 1196 2751">
    <p class='ocr_par' dir='ltr' id='par_1_6' title="bbox 38 2344 1196 2751">
     <span class='ocr_line' id='line_1_21' title="bbox 38 2344 1184 2436; baseline -0.003 -21"><span class='ocrx_word' id='word_1_177' title='bbox 38 2348 136 2419; x_wconf 66' lang='lat' dir='ltr'>luunt*</span> <span class='ocrx_word' id='word_1_178' title='bbox 156 2346 261 2434; x_wconf 74' lang='grc' dir='ltr'><strong><em>εόοόόη</em></strong></span> <span class='ocrx_word' id='word_1_179' title='bbox 287 2351 327 2412; x_wconf 79' lang='grc' dir='ltr'>δι’</span> <span class='ocrx_word' id='word_1_180' title='bbox 350 2344 425 2412; x_wconf 84' lang='grc' dir='ltr'><strong><em>όλου</em></strong></span> <span class='ocrx_word' id='word_1_181' title='bbox 458 2351 514 2413; x_wconf 76' lang='grc' dir='ltr'>τοῦ</span> <span class='ocrx_word' id='word_1_182' title='bbox 536 2345 626 2423; x_wconf 81' lang='grc' dir='ltr'><strong><em>ἔτους</em></strong></span> <span class='ocrx_word' id='word_1_183' title='bbox 648 2350 837 2435; x_wconf 76' lang='grc' dir='ltr'><strong><em>τρέφουσαι.</em></strong></span> <span class='ocrx_word' id='word_1_184' title='bbox 882 2350 1099 2436; x_wconf 82' lang='grc' dir='ltr'><strong><em>α’πηικισμέναι</em></strong></span> <span class='ocrx_word' id='word_1_185' title='bbox 1122 2346 1184 2433; x_wconf 78' lang='grc' dir='ltr'>γαρ</span> 
     </span>
     <span class='ocr_line' id='line_1_22' title="bbox 78 2442 1184 2535; baseline 0.002 -24"><span class='ocrx_word' id='word_1_186' title='bbox 78 2442 176 2513; x_wconf 73' lang='grc' dir='ltr'><strong><em>οὖσαι</em></strong></span> <span class='ocrx_word' id='word_1_187' title='bbox 197 2453 251 2531; x_wconf 79' lang='grc' dir='ltr'>τῆς</span> <span class='ocrx_word' id='word_1_188' title='bbox 275 2452 424 2533; x_wconf 80' lang='grc' dir='ltr'><strong><em>κοσμικῆς</em></strong></span> <span class='ocrx_word' id='word_1_189' title='bbox 448 2450 543 2531; x_wconf 80' lang='grc' dir='ltr'><strong><em>ἰλύος,</em></strong></span> <span class='ocrx_word' id='word_1_190' title='bbox 569 2453 623 2515; x_wconf 87' lang='grc' dir='ltr'><strong><em>καί</em></strong></span> <span class='ocrx_word' id='word_1_191' title='bbox 646 2452 701 2535; x_wconf 83' lang='grc' dir='ltr'>τῆς</span> <span class='ocrx_word' id='word_1_192' title='bbox 722 2453 778 2515; x_wconf 79' lang='grc' dir='ltr'>τοῦ</span> <span class='ocrx_word' id='word_1_193' title='bbox 800 2452 893 2535; x_wconf 85' lang='grc' dir='ltr'><strong><em>α’έρος</em></strong></span> <span class='ocrx_word' id='word_1_194' title='bbox 915 2449 1092 2535; x_wconf 77' lang='grc' dir='ltr'><strong><em>ἐπιμιξίας,</em></strong></span> <span class='ocrx_word' id='word_1_195' title='bbox 1114 2445 1184 2533; x_wconf 80' lang='grc' dir='ltr'><strong><em>ἥτις</em></strong></span> 
     </span>
     <span class='ocr_line' id='line_1_23' title="bbox 77 2546 1196 2636; baseline 0.003 -24"><span class='ocrx_word' id='word_1_196' title='bbox 77 2552 110 2613; x_wconf 83' lang='grc' dir='ltr'><strong><em>έκ</em></strong></span> <span class='ocrx_word' id='word_1_197' title='bbox 133 2552 197 2613; x_wconf 76' lang='grc' dir='ltr'>τῶν</span> <span class='ocrx_word' id='word_1_198' title='bbox 217 2549 386 2633; x_wconf 82' lang='grc' dir='ltr'><strong><em>δυσόόμων</em></strong></span> <span class='ocrx_word' id='word_1_199' title='bbox 406 2552 463 2635; x_wconf 82' lang='grc' dir='ltr'>τῆς</span> <span class='ocrx_word' id='word_1_200' title='bbox 489 2555 547 2635; x_wconf 77' lang='grc' dir='ltr'>γῆς</span> <span class='ocrx_word' id='word_1_201' title='bbox 568 2550 704 2634; x_wconf 82' lang='grc' dir='ltr'><strong><em>αόχμῶν</em></strong></span> <span class='ocrx_word' id='word_1_202' title='bbox 729 2554 913 2636; x_wconf 75' lang='grc' dir='ltr'><strong><em>ἐπιγίνεται,</em></strong></span> <span class='ocrx_word' id='word_1_203' title='bbox 936 2546 1007 2616; x_wconf 77' lang='grc' dir='ltr'>οὔδ’</span> <span class='ocrx_word' id='word_1_204' title='bbox 1027 2546 1106 2627; x_wconf 86' lang='grc' dir='ltr'><strong><em>όλως</em></strong></span> <span class='ocrx_word' id='word_1_205' title='bbox 1127 2550 1196 2633; x_wconf 85' lang='grc' dir='ltr'>με.Ι</span> 
     </span>
     <span class='ocr_line' id='line_1_24' title="bbox 76 2646 1180 2751; baseline 0.005 -37"><span class='ocrx_word' id='word_1_206' title='bbox 76 2648 353 2742; x_wconf 83' lang='grc' dir='ltr'><strong><em>ταλαμβόνουσαι,</em></strong></span> <span class='ocrx_word' id='word_1_207' title='bbox 385 2653 600 2738; x_wconf 69' lang='grc' dir='ltr'><strong><em>ὑγιεινότατον</em></strong></span> <span class='ocrx_word' id='word_1_208' title='bbox 621 2657 677 2719; x_wconf 87' lang='grc' dir='ltr'><strong><em>καί</em></strong></span> <span class='ocrx_word' id='word_1_209' title='bbox 706 2646 827 2720; x_wconf 79' lang='grc' dir='ltr'><strong><em>όῖλυπον</em></strong></span> <span class='ocrx_word' id='word_1_210' title='bbox 848 2660 912 2731; x_wconf 82' lang='grc' dir='ltr'><strong><em>τοῖς</em></strong></span> <span class='ocrx_word' id='word_1_211' title='bbox 930 2654 1030 2751; x_wconf 78' lang='grc' dir='ltr'><strong><em>ἐκεῖσε</em></strong></span> <span class='ocrx_word' id='word_1_212' title='bbox 1052 2652 1180 2740; x_wconf 61' lang='grc' dir='ltr'><strong><em>ἄνθρακ’·</em></strong></span> 
     </span>
    </p>
   </div>
   <div class='ocr_carea' id='block_1_4' title="bbox 158 2819 748 2899">
    <p class='ocr_par' dir='ltr' id='par_1_7' title="bbox 158 2819 748 2899">
     <span class='ocr_line' id='line_1_25' title="bbox 158 2819 748 2899; baseline 0.005 -25"><span class='ocrx_word' id='word_1_213' title='bbox 158 2822 200 2876; x_wconf 83' lang='lat'>13.</span> <span class='ocrx_word' id='word_1_214' title='bbox 223 2819 253 2877; x_wconf 87' lang='grc' dir='ltr'>τό</span> <span class='ocrx_word' id='word_1_215' title='bbox 278 2823 308 2878; x_wconf 79' lang='lat' dir='ltr'>G.</span> <span class='ocrx_word' id='word_1_216' title='bbox 402 2820 443 2877; x_wconf 81' lang='lat'>14.</span> <span class='ocrx_word' id='word_1_217' title='bbox 464 2825 703 2899; x_wconf 76' lang='grc' dir='ltr'><strong><em>ἐπεκτεινόμενον</em></strong></span> <span class='ocrx_word' id='word_1_218' title='bbox 718 2824 748 2880; x_wconf 80' lang='lat' dir='ltr'>G.</span> 
     </span>
    </p>
   </div>
   <div class='ocr_carea' id='block_1_5' title="bbox 12 2968 1208 4254">
    <p class='ocr_par' dir='ltr' id='par_1_8' title="bbox 12 2968 1208 4254">
     <span class='ocr_line' id='line_1_26' title="bbox 77 2968 1208 3040; baseline 0.001 -19"><span class='ocrx_word' id='word_1_219' title='bbox 77 2970 116 3021; x_wconf 85' lang='lat' dir='ltr'>sie</span> <span class='ocrx_word' id='word_1_220' title='bbox 138 2968 248 3033; x_wconf 86' lang='lat' dir='ltr'>dicitur,</span> <span class='ocrx_word' id='word_1_221' title='bbox 269 2978 297 3021; x_wconf 88' lang='lat' dir='ltr'>et</span> <span class='ocrx_word' id='word_1_222' title='bbox 313 2970 371 3038; x_wconf 86' lang='lat' dir='ltr'>ipsa</span> <span class='ocrx_word' id='word_1_223' title='bbox 383 2970 529 3027; x_wconf 79' lang='lat' dir='ltr'><strong>Celtiberia</strong></span> <span class='ocrx_word' id='word_1_224' title='bbox 545 2975 579 3025; x_wconf 88' lang='lat' dir='ltr'>ad</span> <span class='ocrx_word' id='word_1_225' title='bbox 595 2972 777 3026; x_wconf 80' lang='lat' dir='ltr'>occidentales</span> <span class='ocrx_word' id='word_1_226' title='bbox 796 2979 885 3037; x_wconf 88' lang='lat' dir='ltr'>partes</span> <span class='ocrx_word' id='word_1_227' title='bbox 904 2970 1004 3023; x_wconf 85' lang='lat' dir='ltr'>Romae</span> <span class='ocrx_word' id='word_1_228' title='bbox 1023 2972 1090 3023; x_wconf 89' lang='lat' dir='ltr'>sitae</span> <span class='ocrx_word' id='word_1_229' title='bbox 1110 2979 1181 3036; x_wconf 86' lang='lat' dir='ltr'>sunt,</span> <span class='ocrx_word' id='word_1_230' title='bbox 1204 3028 1208 3040; x_wconf 24' lang='grc' dir='ltr'>ἱ</span> 
     </span>
     <span class='ocr_line' id='line_1_27' title="bbox 77 3040 1180 3111; baseline 0.001 -21"><span class='ocrx_word' id='word_1_231' title='bbox 77 3041 109 3091; x_wconf 89' lang='lat' dir='ltr'>ud</span> <span class='ocrx_word' id='word_1_232' title='bbox 129 3040 296 3093; x_wconf 85' lang='lat' dir='ltr'>occidentale</span> <span class='ocrx_word' id='word_1_233' title='bbox 321 3058 409 3106; x_wconf 91' lang='lat' dir='ltr'>mare,</span> <span class='ocrx_word' id='word_1_234' title='bbox 439 3061 507 3111; x_wconf 90' lang='lat' dir='ltr'>quae</span> <span class='ocrx_word' id='word_1_235' title='bbox 535 3046 640 3111; x_wconf 88' lang='lat' dir='ltr'>quidem</span> <span class='ocrx_word' id='word_1_236' title='bbox 667 3059 739 3093; x_wconf 90' lang='lat' dir='ltr'>nune</span> <span class='ocrx_word' id='word_1_237' title='bbox 765 3042 892 3107; x_wconf 83' lang='lat' dir='ltr'>Hispania</span> <span class='ocrx_word' id='word_1_238' title='bbox 916 3049 1036 3092; x_wconf 87' lang='lat' dir='ltr'>vocatur.</span> <span class='ocrx_word' id='word_1_239' title='bbox 1080 3041 1180 3093; x_wconf 84' lang='lat' dir='ltr'>Romae</span> 
     </span>
     <span class='ocr_line' id='line_1_28' title="bbox 77 3110 1181 3180; baseline -0.001 -19"><span class='ocrx_word' id='word_1_240' title='bbox 77 3114 147 3162; x_wconf 89' lang='lat' dir='ltr'>euim</span> <span class='ocrx_word' id='word_1_241' title='bbox 166 3128 245 3180; x_wconf 85' lang='lat' dir='ltr'>supra</span> <span class='ocrx_word' id='word_1_242' title='bbox 264 3112 367 3166; x_wconf 92' lang='lat' dir='ltr'>ltaliam</span> <span class='ocrx_word' id='word_1_243' title='bbox 386 3118 455 3166; x_wconf 88' lang='lat' dir='ltr'>sitae</span> <span class='ocrx_word' id='word_1_244' title='bbox 480 3129 529 3164; x_wconf 88' lang='lat' dir='ltr'>eae</span> <span class='ocrx_word' id='word_1_245' title='bbox 547 3119 652 3177; x_wconf 86' lang='lat' dir='ltr'>partes,</span> <span class='ocrx_word' id='word_1_246' title='bbox 676 3128 746 3180; x_wconf 90' lang='lat' dir='ltr'>quae</span> <span class='ocrx_word' id='word_1_247' title='bbox 771 3112 803 3163; x_wconf 85' lang='lat' dir='ltr'>ad</span> <span class='ocrx_word' id='word_1_248' title='bbox 831 3110 914 3162; x_wconf 86' lang='lat' dir='ltr'>selem</span> <span class='ocrx_word' id='word_1_249' title='bbox 936 3112 1074 3163; x_wconf 79' lang='lat' dir='ltr'><strong>cadentem</strong></span> <span class='ocrx_word' id='word_1_250' title='bbox 1095 3126 1181 3179; x_wconf 85' lang='lat' dir='ltr'>usque</span> 
     </span>
     <span class='ocr_line' id='line_1_29' title="bbox 76 3181 1180 3251; baseline -0.005 -17"><span class='ocrx_word' id='word_1_251' title='bbox 76 3184 108 3235; x_wconf 88' lang='lat' dir='ltr'>ad</span> <span class='ocrx_word' id='word_1_252' title='bbox 129 3184 213 3251; x_wconf 75' lang='lat' dir='ltr'>Alpes</span> <span class='ocrx_word' id='word_1_253' title='bbox 232 3193 345 3249; x_wconf 88' lang='lat' dir='ltr'>montes,</span> <span class='ocrx_word' id='word_1_254' title='bbox 366 3185 454 3238; x_wconf 88' lang='lat' dir='ltr'>Gallia</span> <span class='ocrx_word' id='word_1_255' title='bbox 473 3183 595 3245; x_wconf 83' lang='lat' dir='ltr'>inferior,</span> <span class='ocrx_word' id='word_1_256' title='bbox 615 3183 660 3234; x_wconf 90' lang='lat' dir='ltr'>ubi</span> <span class='ocrx_word' id='word_1_257' title='bbox 678 3199 750 3233; x_wconf 90' lang='lat' dir='ltr'>nunc</span> <span class='ocrx_word' id='word_1_258' title='bbox 768 3181 900 3235; x_wconf 81' lang='lat' dir='ltr'>Nemitzia</span> <span class='ocrx_word' id='word_1_259' title='bbox 920 3182 1108 3251; x_wconf 76' lang='lat' dir='ltr'>cognoscitur,</span> <span class='ocrx_word' id='word_1_260' title='bbox 1129 3183 1180 3234; x_wconf 90' lang='lat' dir='ltr'>du.</span> 
     </span>
     <span class='ocr_line' id='line_1_30' title="bbox 78 3252 1179 3325; baseline 0.001 -21"><span class='ocrx_word' id='word_1_261' title='bbox 78 3270 134 3305; x_wconf 90' lang='lat' dir='ltr'>cem</span> <span class='ocrx_word' id='word_1_262' title='bbox 154 3272 229 3307; x_wconf 91' lang='lat' dir='ltr'>suum</span> <span class='ocrx_word' id='word_1_263' title='bbox 248 3273 340 3325; x_wconf 86' lang='lat' dir='ltr'>regem</span> <span class='ocrx_word' id='word_1_264' title='bbox 365 3255 521 3307; x_wconf 85' lang='lat' dir='ltr'>nominans:</span> <span class='ocrx_word' id='word_1_265' title='bbox 549 3269 617 3320; x_wconf 86' lang='lat' dir='ltr'>quae</span> <span class='ocrx_word' id='word_1_266' title='bbox 641 3263 728 3305; x_wconf 92' lang='lat' dir='ltr'>autem</span> <span class='ocrx_word' id='word_1_267' title='bbox 755 3255 787 3305; x_wconf 90' lang='lat' dir='ltr'>ad</span> <span class='ocrx_word' id='word_1_268' title='bbox 816 3252 938 3321; x_wconf 83' lang='lat' dir='ltr'>obliquas</span> <span class='ocrx_word' id='word_1_269' title='bbox 963 3260 1052 3321; x_wconf 90' lang='lat' dir='ltr'>partes</span> <span class='ocrx_word' id='word_1_270' title='bbox 1071 3253 1179 3321; x_wconf 82' lang='lat' dir='ltr'>Alpium</span> 
     </span>
     <span class='ocr_line' id='line_1_31' title="bbox 78 3324 1177 3397; baseline -0.003 -20"><span class='ocrx_word' id='word_1_271' title='bbox 78 3327 153 3393; x_wconf 80' lang='lat' dir='ltr'><strong>quasi</strong></span> <span class='ocrx_word' id='word_1_272' title='bbox 172 3343 187 3377; x_wconf 91' lang='lat' dir='ltr'>a</span> <span class='ocrx_word' id='word_1_273' title='bbox 208 3335 285 3397; x_wconf 84' lang='lat' dir='ltr'>terga</span> <span class='ocrx_word' id='word_1_274' title='bbox 305 3329 356 3379; x_wconf 89' lang='lat' dir='ltr'>sita</span> <span class='ocrx_word' id='word_1_275' title='bbox 375 3332 435 3377; x_wconf 84' lang='lat' dir='ltr'>sunt</span> <span class='ocrx_word' id='word_1_276' title='bbox 454 3340 538 3392; x_wconf 87' lang='lat' dir='ltr'>usque</span> <span class='ocrx_word' id='word_1_277' title='bbox 557 3327 589 3377; x_wconf 89' lang='lat' dir='ltr'>ad</span> <span class='ocrx_word' id='word_1_278' title='bbox 612 3324 779 3378; x_wconf 85' lang='lat' dir='ltr'>occidentale</span> <span class='ocrx_word' id='word_1_279' title='bbox 798 3341 880 3388; x_wconf 85' lang='lat' dir='ltr'>mare,</span> <span class='ocrx_word' id='word_1_280' title='bbox 900 3324 988 3377; x_wconf 84' lang='lat' dir='ltr'>Iberia</span> <span class='ocrx_word' id='word_1_281' title='bbox 1006 3333 1033 3375; x_wconf 89' lang='lat' dir='ltr'>et</span> <span class='ocrx_word' id='word_1_282' title='bbox 1054 3324 1177 3379; x_wconf 81' lang='lat' dir='ltr'>Celtibe.</span> 
     </span>
     <span class='ocr_line' id='line_1_32' title="bbox 73 3394 1179 3462; baseline 0.002 -15"><span class='ocrx_word' id='word_1_283' title='bbox 73 3399 114 3447; x_wconf 90' lang='lat' dir='ltr'>ria</span> <span class='ocrx_word' id='word_1_284' title='bbox 132 3398 299 3462; x_wconf 82' lang='lat' dir='ltr'>dicebantur,</span> <span class='ocrx_word' id='word_1_285' title='bbox 320 3413 379 3448; x_wconf 89' lang='lat' dir='ltr'>cum</span> <span class='ocrx_word' id='word_1_286' title='bbox 392 3394 535 3447; x_wconf 82' lang='lat' dir='ltr'>influentes</span> <span class='ocrx_word' id='word_1_287' title='bbox 555 3397 592 3448; x_wconf 93' lang='lat' dir='ltr'>ibi</span> <span class='ocrx_word' id='word_1_288' title='bbox 611 3396 686 3449; x_wconf 87' lang='lat' dir='ltr'>lluvii</span> <span class='ocrx_word' id='word_1_289' title='bbox 696 3406 785 3449; x_wconf 90' lang='lat' dir='ltr'>terrae</span> <span class='ocrx_word' id='word_1_290' title='bbox 804 3398 898 3449; x_wconf 88' lang='lat' dir='ltr'>darent</span> <span class='ocrx_word' id='word_1_291' title='bbox 912 3396 964 3449; x_wconf 86' lang='lat' dir='ltr'>bue</span> <span class='ocrx_word' id='word_1_292' title='bbox 981 3412 1097 3448; x_wconf 89' lang='lat' dir='ltr'>nornen:</span> <span class='ocrx_word' id='word_1_293' title='bbox 1117 3398 1179 3449; x_wconf 90' lang='lat' dir='ltr'>inde</span> 
     </span>
     <span class='ocr_line' id='line_1_33' title="bbox 76 3466 1178 3537; baseline 0.001 -20"><span class='ocrx_word' id='word_1_294' title='bbox 76 3469 144 3518; x_wconf 90' lang='lat' dir='ltr'>enirn</span> <span class='ocrx_word' id='word_1_295' title='bbox 164 3470 210 3535; x_wconf 87' lang='lat' dir='ltr'>qui</span> <span class='ocrx_word' id='word_1_296' title='bbox 235 3469 296 3521; x_wconf 82' lang='lat' dir='ltr'>vult</span> <span class='ocrx_word' id='word_1_297' title='bbox 321 3468 444 3519; x_wconf 86' lang='lat' dir='ltr'>adiacens</span> <span class='ocrx_word' id='word_1_298' title='bbox 471 3466 535 3518; x_wconf 83' lang='lat' dir='ltr'>litus</span> <span class='ocrx_word' id='word_1_299' title='bbox 561 3470 797 3537; x_wconf 75' lang='lat' dir='ltr'>praeternavigare</span> <span class='ocrx_word' id='word_1_300' title='bbox 824 3468 855 3520; x_wconf 88' lang='lat' dir='ltr'>ad</span> <span class='ocrx_word' id='word_1_301' title='bbox 881 3467 993 3520; x_wconf 87' lang='lat' dir='ltr'>Galliam</span> <span class='ocrx_word' id='word_1_302' title='bbox 1011 3468 1178 3532; x_wconf 83' lang='lat' dir='ltr'>inferiorem,</span> 
     </span>
     <span class='ocr_line' id='line_1_34' title="bbox 75 3538 1178 3608; baseline -0.001 -20"><span class='ocrx_word' id='word_1_303' title='bbox 75 3553 134 3589; x_wconf 88' lang='lat' dir='ltr'>euru</span> <span class='ocrx_word' id='word_1_304' title='bbox 153 3539 250 3589; x_wconf 89' lang='lat' dir='ltr'>lretum</span> <span class='ocrx_word' id='word_1_305' title='bbox 269 3538 460 3591; x_wconf 91' lang='lat' dir='ltr'>llereulearum</span> <span class='ocrx_word' id='word_1_306' title='bbox 487 3539 666 3592; x_wconf 85' lang='lat' dir='ltr'>columnarum</span> <span class='ocrx_word' id='word_1_307' title='bbox 686 3543 800 3607; x_wconf 83' lang='lat' dir='ltr'>exeipit:</span> <span class='ocrx_word' id='word_1_308' title='bbox 828 3552 896 3608; x_wconf 89' lang='lat' dir='ltr'>quae</span> <span class='ocrx_word' id='word_1_309' title='bbox 918 3549 1005 3591; x_wconf 86' lang='lat' dir='ltr'>autem</span> <span class='ocrx_word' id='word_1_310' title='bbox 1024 3539 1056 3591; x_wconf 88' lang='lat' dir='ltr'>ad</span> <span class='ocrx_word' id='word_1_311' title='bbox 1084 3540 1178 3590; x_wconf 84' lang='lat' dir='ltr'>arien-</span> 
     </span>
     <span class='ocr_line' id='line_1_35' title="bbox 74 3609 1177 3677; baseline 0.001 -18"><span class='ocrx_word' id='word_1_312' title='bbox 74 3616 127 3659; x_wconf 93' lang='lat' dir='ltr'>tem</span> <span class='ocrx_word' id='word_1_313' title='bbox 147 3610 287 3674; x_wconf 80' lang='lat' dir='ltr'>siluerunt,</span> <span class='ocrx_word' id='word_1_314' title='bbox 310 3612 338 3661; x_wconf 93' lang='lat' dir='ltr'>in</span> <span class='ocrx_word' id='word_1_315' title='bbox 358 3611 485 3663; x_wconf 86' lang='lat' dir='ltr'>interiere</span> <span class='ocrx_word' id='word_1_316' title='bbox 504 3618 576 3662; x_wconf 86' lang='lat' dir='ltr'>terra</span> <span class='ocrx_word' id='word_1_317' title='bbox 596 3612 628 3662; x_wconf 92' lang='lat' dir='ltr'>ad</span> <span class='ocrx_word' id='word_1_318' title='bbox 646 3610 710 3664; x_wconf 84' lang='lat' dir='ltr'>litus</span> <span class='ocrx_word' id='word_1_319' title='bbox 731 3620 851 3675; x_wconf 82' lang='lat' dir='ltr'>extensa,</span> <span class='ocrx_word' id='word_1_320' title='bbox 873 3612 904 3665; x_wconf 90' lang='lat' dir='ltr'>ad</span> <span class='ocrx_word' id='word_1_321' title='bbox 923 3619 1012 3677; x_wconf 86' lang='lat' dir='ltr'>partes</span> <span class='ocrx_word' id='word_1_322' title='bbox 1031 3609 1177 3663; x_wconf 81' lang='lat' dir='ltr'>insularum</span> 
     </span>
     <span class='ocr_line' id='line_1_36' title="bbox 72 3679 1177 3735; baseline 0.003 -5"><span class='ocrx_word' id='word_1_323' title='bbox 72 3679 227 3732; x_wconf 80' lang='lat' dir='ltr'>Britanniae</span> <span class='ocrx_word' id='word_1_324' title='bbox 253 3681 353 3733; x_wconf 87' lang='lat' dir='ltr'>ducunt</span> <span class='ocrx_word' id='word_1_325' title='bbox 377 3691 404 3733; x_wconf 90' lang='lat' dir='ltr'>et</span> <span class='ocrx_word' id='word_1_326' title='bbox 422 3690 579 3734; x_wconf 86' lang='lat' dir='ltr'>vertuntur:</span> <span class='ocrx_word' id='word_1_327' title='bbox 607 3681 712 3735; x_wconf 85' lang='lat' dir='ltr'>volenti</span> <span class='ocrx_word' id='word_1_328' title='bbox 743 3690 830 3734; x_wconf 90' lang='lat' dir='ltr'>autern</span> <span class='ocrx_word' id='word_1_329' title='bbox 855 3683 887 3733; x_wconf 90' lang='lat' dir='ltr'>ad</span> <span class='ocrx_word' id='word_1_330' title='bbox 905 3683 1047 3734; x_wconf 82' lang='lat' dir='ltr'>beatorum</span> <span class='ocrx_word' id='word_1_331' title='bbox 1075 3680 1177 3733; x_wconf 86' lang='lat' dir='ltr'>insulas</span> 
     </span>
     <span class='ocr_line' id='line_1_37' title="bbox 72 3752 1176 3822; baseline 0 -19"><span class='ocrx_word' id='word_1_332' title='bbox 72 3753 208 3817; x_wconf 84' lang='lat' dir='ltr'>prolieisci</span> <span class='ocrx_word' id='word_1_333' title='bbox 232 3755 371 3822; x_wconf 85' lang='lat' dir='ltr'>navigatio</span> <span class='ocrx_word' id='word_1_334' title='bbox 401 3754 488 3822; x_wconf 90' lang='lat' dir='ltr'>ampla</span> <span class='ocrx_word' id='word_1_335' title='bbox 515 3753 679 3804; x_wconf 84' lang='lat' dir='ltr'>extenditur:</span> <span class='ocrx_word' id='word_1_336' title='bbox 715 3755 810 3805; x_wconf 87' lang='lat' dir='ltr'>absunt</span> <span class='ocrx_word' id='word_1_337' title='bbox 837 3754 905 3804; x_wconf 92' lang='lat' dir='ltr'>euim</span> <span class='ocrx_word' id='word_1_338' title='bbox 933 3769 949 3803; x_wconf 92' lang='lat' dir='ltr'>a</span> <span class='ocrx_word' id='word_1_339' title='bbox 974 3760 1046 3803; x_wconf 85' lang='lat' dir='ltr'>terra</span> <span class='ocrx_word' id='word_1_340' title='bbox 1070 3752 1176 3805; x_wconf 83' lang='lat' dir='ltr'>milibus</span> 
     </span>
     <span class='ocr_line' id='line_1_38' title="bbox 72 3823 1175 3888; baseline 0.003 -16"><span class='ocrx_word' id='word_1_341' title='bbox 72 3823 221 3876; x_wconf 83' lang='lat' dir='ltr'>milliariis:</span> <span class='ocrx_word' id='word_1_342' title='bbox 247 3824 315 3876; x_wconf 89' lang='lat' dir='ltr'>duae</span> <span class='ocrx_word' id='word_1_343' title='bbox 341 3834 428 3877; x_wconf 90' lang='lat' dir='ltr'>autern</span> <span class='ocrx_word' id='word_1_344' title='bbox 454 3833 515 3877; x_wconf 85' lang='lat' dir='ltr'>snut</span> <span class='ocrx_word' id='word_1_345' title='bbox 538 3823 658 3888; x_wconf 89' lang='lat' dir='ltr'>insulae,</span> <span class='ocrx_word' id='word_1_346' title='bbox 684 3841 738 3877; x_wconf 86' lang='lat' dir='ltr'>neu</span> <span class='ocrx_word' id='word_1_347' title='bbox 761 3825 872 3878; x_wconf 88' lang='lat' dir='ltr'>multum</span> <span class='ocrx_word' id='word_1_348' title='bbox 897 3825 967 3876; x_wconf 88' lang='lat' dir='ltr'>iuter</span> <span class='ocrx_word' id='word_1_349' title='bbox 999 3838 1028 3875; x_wconf 87' lang='lat' dir='ltr'>se</span> <span class='ocrx_word' id='word_1_350' title='bbox 1046 3833 1175 3887; x_wconf 88' lang='lat' dir='ltr'>remotae,</span> 
     </span>
     <span class='ocr_line' id='line_1_39' title="bbox 12 3894 1176 3963; baseline 0.002 -22"><span class='ocrx_word' id='word_1_351' title='bbox 12 3948 20 3963; x_wconf 52' lang='lat'><strong>·</strong></span> <span class='ocrx_word' id='word_1_352' title='bbox 73 3894 193 3946; x_wconf 82' lang='lat' dir='ltr'>amnibus</span> <span class='ocrx_word' id='word_1_353' title='bbox 221 3895 300 3948; x_wconf 84' lang='lat' dir='ltr'>benis</span> <span class='ocrx_word' id='word_1_354' title='bbox 332 3906 358 3949; x_wconf 87' lang='lat' dir='ltr'>et</span> <span class='ocrx_word' id='word_1_355' title='bbox 377 3900 459 3949; x_wconf 88' lang='lat' dir='ltr'>variis</span> <span class='ocrx_word' id='word_1_356' title='bbox 490 3896 569 3949; x_wconf 87' lang='lat' dir='ltr'>valde</span> <span class='ocrx_word' id='word_1_357' title='bbox 594 3896 731 3961; x_wconf 81' lang='lat' dir='ltr'>refertae,</span> <span class='ocrx_word' id='word_1_358' title='bbox 761 3905 787 3947; x_wconf 91' lang='lat' dir='ltr'>et</span> <span class='ocrx_word' id='word_1_359' title='bbox 805 3896 914 3947; x_wconf 89' lang='lat' dir='ltr'>herbam</span> <span class='ocrx_word' id='word_1_360' title='bbox 932 3894 1041 3947; x_wconf 90' lang='lat' dir='ltr'>mollem</span> <span class='ocrx_word' id='word_1_361' title='bbox 1061 3904 1088 3948; x_wconf 88' lang='lat' dir='ltr'>et</span> <span class='ocrx_word' id='word_1_362' title='bbox 1105 3896 1176 3947; x_wconf 89' lang='lat' dir='ltr'>bene</span> 
     </span>
     <span class='ocr_line' id='line_1_40' title="bbox 73 3963 1175 4035; baseline 0.002 -22"><span class='ocrx_word' id='word_1_363' title='bbox 73 3963 189 4017; x_wconf 85' lang='lat' dir='ltr'>alentem</span> <span class='ocrx_word' id='word_1_364' title='bbox 209 3983 257 4035; x_wconf 88' lang='lat' dir='ltr'>per</span> <span class='ocrx_word' id='word_1_365' title='bbox 276 3975 360 4019; x_wconf 86' lang='lat' dir='ltr'>tetum</span> <span class='ocrx_word' id='word_1_366' title='bbox 379 3985 475 4021; x_wconf 88' lang='lat' dir='ltr'>anuum</span> <span class='ocrx_word' id='word_1_367' title='bbox 494 3968 682 4035; x_wconf 79' lang='lat' dir='ltr'>proferentes:</span> <span class='ocrx_word' id='word_1_368' title='bbox 709 3976 828 4020; x_wconf 87' lang='lat' dir='ltr'>remotae</span> <span class='ocrx_word' id='word_1_369' title='bbox 857 3968 927 4018; x_wconf 92' lang='lat' dir='ltr'>euim</span> <span class='ocrx_word' id='word_1_370' title='bbox 947 3966 1071 4019; x_wconf 86' lang='lat' dir='ltr'>coloniae</span> <span class='ocrx_word' id='word_1_371' title='bbox 1089 3964 1175 4019; x_wconf 86' lang='lat' dir='ltr'>sordis</span> 
     </span>
     <span class='ocr_line' id='line_1_41' title="bbox 71 4035 1175 4107; baseline 0 -23"><span class='ocrx_word' id='word_1_372' title='bbox 71 4039 216 4090; x_wconf 86' lang='lat' dir='ltr'>mundanae</span> <span class='ocrx_word' id='word_1_373' title='bbox 238 4048 273 4091; x_wconf 70' lang='lat' dir='ltr'>‘et</span> <span class='ocrx_word' id='word_1_374' title='bbox 298 4040 466 4092; x_wconf 83' lang='lat' dir='ltr'>admixtionis</span> <span class='ocrx_word' id='word_1_375' title='bbox 493 4040 580 4103; x_wconf 75' lang='lat' dir='ltr'>aeris,</span> <span class='ocrx_word' id='word_1_376' title='bbox 600 4055 668 4107; x_wconf 89' lang='lat' dir='ltr'>quae</span> <span class='ocrx_word' id='word_1_377' title='bbox 698 4054 713 4089; x_wconf 92' lang='lat' dir='ltr'>e</span> <span class='ocrx_word' id='word_1_378' title='bbox 741 4037 809 4089; x_wconf 90' lang='lat' dir='ltr'>male</span> <span class='ocrx_word' id='word_1_379' title='bbox 829 4038 913 4090; x_wconf 89' lang='lat' dir='ltr'>olenti</span> <span class='ocrx_word' id='word_1_380' title='bbox 936 4046 1023 4090; x_wconf 88' lang='lat' dir='ltr'>terrae</span> <span class='ocrx_word' id='word_1_381' title='bbox 1049 4035 1175 4104; x_wconf 89' lang='lat' dir='ltr'>squalore</span> 
     </span>
     <span class='ocr_line' id='line_1_42' title="bbox 72 4103 1175 4181; baseline -0.003 -20"><span class='ocrx_word' id='word_1_382' title='bbox 72 4108 164 4175; x_wconf 80' lang='lat' dir='ltr'>oritur,</span> <span class='ocrx_word' id='word_1_383' title='bbox 182 4126 350 4181; x_wconf 85' lang='lat' dir='ltr'>nequaquam</span> <span class='ocrx_word' id='word_1_384' title='bbox 371 4113 516 4179; x_wconf 78' lang='lat' dir='ltr'>participes</span> <span class='ocrx_word' id='word_1_385' title='bbox 545 4110 744 4163; x_wconf 88' lang='lat' dir='ltr'>saluberrimam</span> <span class='ocrx_word' id='word_1_386' title='bbox 772 4118 799 4161; x_wconf 87' lang='lat' dir='ltr'>et</span> <span class='ocrx_word' id='word_1_387' title='bbox 824 4111 931 4161; x_wconf 90' lang='lat' dir='ltr'>minime</span> <span class='ocrx_word' id='word_1_388' title='bbox 955 4112 1058 4161; x_wconf 87' lang='lat' dir='ltr'>tristem</span> <span class='ocrx_word' id='word_1_389' title='bbox 1076 4103 1175 4158; x_wconf 78' lang='lat' dir='ltr'>ineolis</span> 
     </span>
     <span class='ocr_line' id='line_1_43' title="bbox 71 4176 1174 4254; baseline 0.001 -22"><span class='ocrx_word' id='word_1_390' title='bbox 71 4176 222 4238; x_wconf 87' lang='lat' dir='ltr'>hominibus</span> <span class='ocrx_word' id='word_1_391' title='bbox 242 4194 269 4236; x_wconf 91' lang='lat' dir='ltr'>et</span> <span class='ocrx_word' id='word_1_392' title='bbox 287 4184 383 4254; x_wconf 85' lang='lat' dir='ltr'>pecudi</span> <span class='ocrx_word' id='word_1_393' title='bbox 402 4183 484 4236; x_wconf 79' lang='lat' dir='ltr'>vitam</span> <span class='ocrx_word' id='word_1_394' title='bbox 502 4182 626 4250; x_wconf 87' lang='lat' dir='ltr'>reddunt,</span> <span class='ocrx_word' id='word_1_395' title='bbox 646 4190 674 4236; x_wconf 88' lang='lat' dir='ltr'>et</span> <span class='ocrx_word' id='word_1_396' title='bbox 691 4184 925 4237; x_wconf 84' lang='lat' dir='ltr'>commorationem</span> <span class='ocrx_word' id='word_1_397' title='bbox 945 4177 1128 4235; x_wconf 84' lang='lat' dir='ltr'>suavissimam</span> <span class='ocrx_word' id='word_1_398' title='bbox 1147 4186 1174 4234; x_wconf 90' lang='lat' dir='ltr'>et</span> 
     </span>
    </p>
   </div>
   <div class='ocr_carea' id='block_1_6' title="bbox 0 0 1442 4734">
    <p class='ocr_par' dir='ltr' id='par_1_9' title="bbox 0 0 1442 4734">
     <span class='ocr_line' id='line_1_44' title="bbox 0 0 1442 4734; baseline 0 6"><span class='ocrx_word' id='word_1_399' title='bbox 0 0 1442 4734; x_wconf 95' lang='lat' dir='ltr'> </span> 
     </span>
    </p>
   </div>
  </div>
 </body>
</html>
