<?xml version="1.0" encoding="UTF-8"?>
<!DOCTYPE html PUBLIC "-//W3C//DTD XHTML 1.0 Transitional//EN"
    "http://www.w3.org/TR/xhtml1/DTD/xhtml1-transitional.dtd">
<html xmlns="http://www.w3.org/1999/xhtml" xml:lang="en" lang="en">
 <head>
  <title>
</title>
<meta http-equiv="Content-Type" content="text/html;charset=utf-8" />
  <meta name='ocr-system' content='tesseract 3.04.00' />
  <meta name='ocr-capabilities' content='ocr_page ocr_carea ocr_par ocr_line ocrx_word'/>
</head>
<body>
  <div class='ocr_page' id='page_1' title='image "./corpusscriptoru05theogoog/corpusscriptoru05theogoog_0122.png"; bbox 0 0 2875 4734; ppageno 0'>
   <div class='ocr_carea' id='block_1_1' title="bbox 266 178 1069 269">
    <p class='ocr_par' dir='ltr' id='par_1_1' title="bbox 266 178 1069 269">
     <span class='ocr_line' id='line_1_1' title="bbox 266 178 1069 269; baseline -0.009 -6"><span class='ocrx_word' id='word_1_1' title='bbox 266 187 319 266; x_wconf 73' lang='grc' dir='ltr'>9ο</span> <span class='ocrx_word' id='word_1_2' title='bbox 539 183 792 269; x_wconf 74' lang='lat' dir='ltr'>-uucnlntus¹</span> <span class='ocrx_word' id='word_1_3' title='bbox 809 178 1069 263; x_wconf 76' lang='lat' dir='ltr'>amnicus</span> 
     </span>
    </p>
   </div>
   <div class='ocr_carea' id='block_1_2' title="bbox 132 345 1417 2353">
    <p class='ocr_par' dir='ltr' id='par_1_2' title="bbox 266 345 1380 443">
     <span class='ocr_line' id='line_1_2' title="bbox 266 345 1380 443; baseline -0.004 -21"><span class='ocrx_word' id='word_1_4' title='bbox 266 357 387 442; x_wconf 70' lang='grc' dir='ltr'><strong><em>ἐκείνην</em></strong></span> <span class='ocrx_word' id='word_1_5' title='bbox 409 355 599 443; x_wconf 73' lang='grc' dir='ltr'><strong><em>προήρχετο.</em></strong></span> <span class='ocrx_word' id='word_1_6' title='bbox 643 353 697 420; x_wconf 89' lang='grc' dir='ltr'>καί</span> <span class='ocrx_word' id='word_1_7' title='bbox 717 349 756 440; x_wconf 77' lang='grc' dir='ltr'>ἦν</span> <span class='ocrx_word' id='word_1_8' title='bbox 777 355 955 441; x_wconf 77' lang='grc' dir='ltr'><strong><em>ἐπικρατῶν</em></strong></span> <span class='ocrx_word' id='word_1_9' title='bbox 981 345 1077 440; x_wconf 76' lang='grc' dir='ltr'><strong><em>ἄχρις</em></strong></span> <span class='ocrx_word' id='word_1_10' title='bbox 1100 349 1228 437; x_wconf 81' lang='grc' dir='ltr'><strong><em>ἦμεροόν</em></strong></span> <span class='ocrx_word' id='word_1_11' title='bbox 1249 373 1380 426; x_wconf 82' lang='grc' dir='ltr'><strong><em>τεσσα-</em></strong></span> 
     </span>
    </p>

    <p class='ocr_par' dir='ltr' id='par_1_3' title="bbox 226 456 1383 745">
     <span class='ocr_line' id='line_1_3' title="bbox 226 456 689 542; baseline 0.004 -22"><span class='ocrx_word' id='word_1_12' title='bbox 226 530 228 536; x_wconf 44' lang='grc'>,</span> <span class='ocrx_word' id='word_1_13' title='bbox 267 457 413 542; x_wconf 83' lang='grc' dir='ltr'><strong><em>ρόκοντα.</em></strong></span> <span class='ocrx_word' id='word_1_14' title='bbox 620 474 622 478; x_wconf 84' lang='grc'><em>·</em></span> <span class='ocrx_word' id='word_1_15' title='bbox 687 456 689 468; x_wconf 60' lang='lat'><strong>⁴</strong></span> 
     </span>
     <span class='ocr_line' id='line_1_4' title="bbox 361 549 1383 648; baseline -0.006 -24"><span class='ocrx_word' id='word_1_16' title='bbox 361 549 442 624; x_wconf 79' lang='grc' dir='ltr'>Ἀπό</span> <span class='ocrx_word' id='word_1_17' title='bbox 469 558 504 624; x_wconf 82' lang='grc' dir='ltr'>δὲ</span> <span class='ocrx_word' id='word_1_18' title='bbox 530 557 630 648; x_wconf 83' lang='grc' dir='ltr'><strong><em>μηνός</em></strong></span> <span class='ocrx_word' id='word_1_19' title='bbox 655 557 828 644; x_wconf 76' lang='grc' dir='ltr'><strong><em>όντωβρίοο</em></strong></span> <span class='ocrx_word' id='word_1_20' title='bbox 850 555 939 633; x_wconf 87' lang='grc' dir='ltr'><strong><em>νόσος</em></strong></span> <span class='ocrx_word' id='word_1_21' title='bbox 971 555 1383 643; x_wconf 55' lang='lat' dir='ltr'>condesperatorum</span> 
     </span>
     <span class='ocr_line' id='line_1_5' title="bbox 267 652 1377 745; baseline -0.004 -21"><span class='ocrx_word' id='word_1_22' title='bbox 267 652 346 744; x_wconf 82' lang='grc' dir='ltr'><strong><em>όόχρι</em></strong></span> <span class='ocrx_word' id='word_1_23' title='bbox 366 657 420 726; x_wconf 77' lang='grc' dir='ltr'>τοῦ</span> <span class='ocrx_word' id='word_1_24' title='bbox 443 661 581 735; x_wconf 75' lang='grc' dir='ltr'><strong><em>ἐπιόντος</em></strong></span> <span class='ocrx_word' id='word_1_25' title='bbox 598 660 699 742; x_wconf 78' lang='grc' dir='ltr'><strong><em>’μα’ίοο</em></strong></span> <span class='ocrx_word' id='word_1_26' title='bbox 720 656 822 745; x_wconf 82' lang='grc' dir='ltr'>Ιμηνός</span> <span class='ocrx_word' id='word_1_27' title='bbox 842 660 1053 743; x_wconf 78' lang='grc' dir='ltr'><strong><em>κατέτροχεν·</em></strong></span> <span class='ocrx_word' id='word_1_28' title='bbox 1096 659 1129 721; x_wconf 81' lang='grc' dir='ltr'>ἕν</span> <span class='ocrx_word' id='word_1_29' title='bbox 1150 655 1237 743; x_wconf 73' lang='lat' dir='ltr'>edepl</span> <span class='ocrx_word' id='word_1_30' title='bbox 1251 658 1288 721; x_wconf 80' lang='grc' dir='ltr'>δὲ</span> <span class='ocrx_word' id='word_1_31' title='bbox 1310 681 1377 720; x_wconf 85' lang='grc' dir='ltr'><strong><em>κοι-</em></strong></span> 
     </span>
    </p>

    <p class='ocr_par' dir='ltr' id='par_1_4' title="bbox 174 755 1403 1248">
     <span class='ocr_line' id='line_1_6' title="bbox 174 755 1403 844; baseline -0.004 -19"><span class='ocrx_word' id='word_1_32' title='bbox 174 791 180 802; x_wconf 39' lang='lat' dir='ltr'>r</span> <span class='ocrx_word' id='word_1_33' title='bbox 266 760 455 844; x_wconf 78' lang='grc' dir='ltr'><strong><em>τειργόσατο</em></strong></span> <span class='ocrx_word' id='word_1_34' title='bbox 480 762 591 827; x_wconf 80' lang='grc' dir='ltr'><strong><em>τοῦτον</em></strong></span> <span class='ocrx_word' id='word_1_35' title='bbox 622 763 677 826; x_wconf 82' lang='grc' dir='ltr'>καί</span> <span class='ocrx_word' id='word_1_36' title='bbox 706 761 763 844; x_wconf 76' lang='grc' dir='ltr'><strong><em>τῆς</em></strong></span> <span class='ocrx_word' id='word_1_37' title='bbox 781 759 937 825; x_wconf 57' lang='lat' dir='ltr'>daucido</span> <span class='ocrx_word' id='word_1_38' title='bbox 968 761 1050 842; x_wconf 84' lang='grc' dir='ltr'><strong><em>ζωῆς</em></strong></span> <span class='ocrx_word' id='word_1_39' title='bbox 1081 757 1306 842; x_wconf 67' lang='grc' dir='ltr'><strong><em>ἀπεστέρησεν.</em></strong></span> <span class='ocrx_word' id='word_1_40' title='bbox 1353 755 1376 840; x_wconf 80' lang='grc' dir='ltr'><em>ἦ</em></span> <span class='ocrx_word' id='word_1_41' title='bbox 1385 763 1403 814; x_wconf 83' lang='grc'>5</span> 
     </span>
     <span class='ocr_line' id='line_1_7' title="bbox 267 855 1375 944; baseline -0.004 -17"><span class='ocrx_word' id='word_1_42' title='bbox 267 855 397 930; x_wconf 80' lang='grc' dir='ltr'><strong><em>δὲόσίοι</em></strong></span> <span class='ocrx_word' id='word_1_43' title='bbox 416 860 530 927; x_wconf 76' lang='grc' dir='ltr'><strong><em>τοότοο</em></strong></span> <span class='ocrx_word' id='word_1_44' title='bbox 553 863 612 926; x_wconf 75' lang='lat' dir='ltr'>oda</span> <span class='ocrx_word' id='word_1_45' title='bbox 632 857 772 944; x_wconf 74' lang='grc' dir='ltr'><strong><em>ἔνθαπερ</em></strong></span> <span class='ocrx_word' id='word_1_46' title='bbox 794 855 1007 944; x_wconf 77' lang='grc' dir='ltr'><strong><em>προσεδόκησε</em></strong></span> <span class='ocrx_word' id='word_1_47' title='bbox 1032 863 1165 944; x_wconf 69' lang='grc' dir='ltr'><strong><em>γέγονεν,</em></strong></span> <span class='ocrx_word' id='word_1_48' title='bbox 1188 857 1268 922; x_wconf 72' lang='lat' dir='ltr'>ortt</span> <span class='ocrx_word' id='word_1_49' title='bbox 1293 861 1375 923; x_wconf 86' lang='grc' dir='ltr'><strong><em>διοι-</em></strong></span> 
     </span>
     <span class='ocr_line' id='line_1_8' title="bbox 266 954 1373 1044; baseline -0.002 -18"><span class='ocrx_word' id='word_1_50' title='bbox 266 961 391 1038; x_wconf 88' lang='grc' dir='ltr'><strong><em>πόντιος</em></strong></span> <span class='ocrx_word' id='word_1_51' title='bbox 419 962 533 1044; x_wconf 80' lang='grc' dir='ltr'><strong><em>οἷχθείς</em></strong></span> <span class='ocrx_word' id='word_1_52' title='bbox 562 961 617 1029; x_wconf 86' lang='grc' dir='ltr'><strong><em>ε’πί</em></strong></span> <span class='ocrx_word' id='word_1_53' title='bbox 636 965 708 1029; x_wconf 72' lang='grc' dir='ltr'><strong><em>τοῖν·</em></strong></span> <span class='ocrx_word' id='word_1_54' title='bbox 730 961 869 1027; x_wconf 84' lang='grc' dir='ltr'><strong><em>αἰιατίιον</em></strong></span> <span class='ocrx_word' id='word_1_55' title='bbox 894 963 947 1044; x_wconf 79' lang='grc' dir='ltr'><strong><em>τῆς</em></strong></span> <span class='ocrx_word' id='word_1_56' title='bbox 981 961 1105 1044; x_wconf 81' lang='grc' dir='ltr'><strong><em>χροσῆς</em></strong></span> <span class='ocrx_word' id='word_1_57' title='bbox 1132 954 1249 1043; x_wconf 90' lang='grc' dir='ltr'><strong><em>πόρτης</em></strong></span> <span class='ocrx_word' id='word_1_58' title='bbox 1272 957 1373 1041; x_wconf 76' lang='grc' dir='ltr'><strong><em>ἐκτός,</em></strong></span> 
     </span>
     <span class='ocr_line' id='line_1_9' title="bbox 266 1058 1373 1150; baseline -0.001 -24"><span class='ocrx_word' id='word_1_59' title='bbox 266 1065 342 1147; x_wconf 85' lang='grc' dir='ltr'><strong><em>περί</em></strong></span> <span class='ocrx_word' id='word_1_60' title='bbox 358 1085 392 1126; x_wconf 87' lang='grc' dir='ltr'>τι</span> <span class='ocrx_word' id='word_1_61' title='bbox 411 1059 655 1150; x_wconf 76' lang='grc' dir='ltr'><strong><em>φροντιστήριον</em></strong></span> <span class='ocrx_word' id='word_1_62' title='bbox 686 1065 735 1128; x_wconf 82' lang='grc' dir='ltr'>ἐπ’</span> <span class='ocrx_word' id='word_1_63' title='bbox 767 1061 899 1144; x_wconf 82' lang='grc' dir='ltr'><strong><em>δνόμαιι</em></strong></span> <span class='ocrx_word' id='word_1_64' title='bbox 921 1063 978 1126; x_wconf 77' lang='grc' dir='ltr'>τοῦ</span> <span class='ocrx_word' id='word_1_65' title='bbox 1009 1060 1102 1144; x_wconf 68' lang='grc' dir='ltr'><strong><em>οἱνίοο</em></strong></span> <span class='ocrx_word' id='word_1_66' title='bbox 1123 1058 1284 1126; x_wconf 81' lang='grc' dir='ltr'><strong><em>Νικολάου</em></strong></span> <span class='ocrx_word' id='word_1_67' title='bbox 1309 1086 1373 1125; x_wconf 90' lang='grc' dir='ltr'><strong><em>ιια-</em></strong></span> 
     </span>
     <span class='ocr_line' id='line_1_10' title="bbox 268 1153 1372 1248; baseline 0.003 -24"><span class='ocrx_word' id='word_1_68' title='bbox 268 1162 477 1246; x_wconf 72' lang='grc' dir='ltr'><strong><em>θιδρυμένον,</em></strong></span> <span class='ocrx_word' id='word_1_69' title='bbox 501 1159 545 1238; x_wconf 82' lang='grc' dir='ltr'>εἴς</span> <span class='ocrx_word' id='word_1_70' title='bbox 568 1187 639 1230; x_wconf 82' lang='grc' dir='ltr'><strong><em>τινα</em></strong></span> <span class='ocrx_word' id='word_1_71' title='bbox 666 1159 762 1248; x_wconf 92' lang='grc' dir='ltr'><strong><em>σορόν</em></strong></span> <span class='ocrx_word' id='word_1_72' title='bbox 784 1165 1142 1247; x_wconf 73' lang='grc' dir='ltr'><strong><em>προκατεσκευασμδνην</em></strong></span> <span class='ocrx_word' id='word_1_73' title='bbox 1171 1153 1267 1248; x_wconf 75' lang='grc' dir='ltr'><strong><em>ἓτέριρ</em></strong></span> <span class='ocrx_word' id='word_1_74' title='bbox 1292 1162 1372 1227; x_wconf 85' lang='grc' dir='ltr'><strong><em>ε’να-</em></strong></span> 
     </span>
    </p>

    <p class='ocr_par' dir='ltr' id='par_1_5' title="bbox 132 1258 1417 1754">
     <span class='ocr_line' id='line_1_11' title="bbox 132 1258 1417 1353; baseline 0.001 -25"><span class='ocrx_word' id='word_1_75' title='bbox 132 1289 157 1328; x_wconf 88' lang='lat' dir='ltr'>a.</span> <span class='ocrx_word' id='word_1_76' title='bbox 179 1263 394 1347; x_wconf 75' lang='grc' dir='ltr'><strong><em>1067.πετόδη,</em></strong></span> <span class='ocrx_word' id='word_1_77' title='bbox 421 1261 518 1347; x_wconf 77' lang='grc' dir='ltr'><strong><em>ζήσας</em></strong></span> <span class='ocrx_word' id='word_1_78' title='bbox 540 1266 574 1330; x_wconf 81' lang='grc' dir='ltr'>όν</span> <span class='ocrx_word' id='word_1_79' title='bbox 598 1268 639 1353; x_wconf 78' lang='grc' dir='ltr'>τῇ</span> <span class='ocrx_word' id='word_1_80' title='bbox 660 1267 807 1352; x_wconf 76' lang='grc' dir='ltr'><strong><em>βασιλείᾳ</em></strong></span> <span class='ocrx_word' id='word_1_81' title='bbox 825 1260 961 1348; x_wconf 83' lang='grc' dir='ltr'><strong><em>χρόνους</em></strong></span> <span class='ocrx_word' id='word_1_82' title='bbox 983 1258 1060 1329; x_wconf 65' lang='lat' dir='ltr'>{aad</span> <span class='ocrx_word' id='word_1_83' title='bbox 1083 1265 1140 1328; x_wconf 85' lang='grc' dir='ltr'>ιιαί</span> <span class='ocrx_word' id='word_1_84' title='bbox 1158 1263 1261 1346; x_wconf 81' lang='grc' dir='ltr'><strong><em>μῆνας</em></strong></span> <span class='ocrx_word' id='word_1_85' title='bbox 1282 1259 1326 1340; x_wconf 75' lang='grc' dir='ltr'>ἓξ.</span> <span class='ocrx_word' id='word_1_86' title='bbox 1383 1274 1417 1329; x_wconf 82' lang='grc'>10</span> 
     </span>
     <span class='ocr_line' id='line_1_12' title="bbox 159 1345 1373 1449; baseline -0.002 -19"><span class='ocrx_word' id='word_1_87' title='bbox 159 1345 255 1402; x_wconf 77' lang='lat'><strong>⁵·¹¹¹¹¹·</strong></span> <span class='ocrx_word' id='word_1_88' title='bbox 367 1364 438 1430; x_wconf 88' lang='grc' dir='ltr'>Καί</span> <span class='ocrx_word' id='word_1_89' title='bbox 458 1368 609 1449; x_wconf 84' lang='grc' dir='ltr'><strong><em>κατίοχον</em></strong></span> <span class='ocrx_word' id='word_1_90' title='bbox 636 1364 674 1431; x_wconf 84' lang='grc' dir='ltr'>τό</span> <span class='ocrx_word' id='word_1_91' title='bbox 697 1367 843 1449; x_wconf 76' lang='grc' dir='ltr'><strong><em>σκῆπτρα</em></strong></span> <span class='ocrx_word' id='word_1_92' title='bbox 874 1367 929 1448; x_wconf 82' lang='grc' dir='ltr'><strong><em>τῆς</em></strong></span> <span class='ocrx_word' id='word_1_93' title='bbox 946 1366 1112 1444; x_wconf 80' lang='grc' dir='ltr'><strong><em>βασιλείας</em></strong></span> <span class='ocrx_word' id='word_1_94' title='bbox 1136 1356 1155 1447; x_wconf 82' lang='grc' dir='ltr'><em>ἥ</em></span> <span class='ocrx_word' id='word_1_95' title='bbox 1177 1386 1210 1428; x_wconf 87' lang='grc' dir='ltr'><strong><em>τε</em></strong></span> <span class='ocrx_word' id='word_1_96' title='bbox 1231 1362 1373 1449; x_wconf 67' lang='grc' dir='ltr'><strong><em>σόμδιος</em></strong></span> 
     </span>
     <span class='ocr_line' id='line_1_13' title="bbox 260 1463 1372 1551; baseline 0 -21"><span class='ocrx_word' id='word_1_97' title='bbox 260 1463 366 1530; x_wconf 69' lang='grc' dir='ltr'><strong><em>ἀὐτοϋ</em></strong></span> <span class='ocrx_word' id='word_1_98' title='bbox 387 1465 528 1530; x_wconf 77' lang='grc' dir='ltr'><strong><em>Είδοιιία</em></strong></span> <span class='ocrx_word' id='word_1_99' title='bbox 546 1469 601 1533; x_wconf 84' lang='grc' dir='ltr'>καί</span> <span class='ocrx_word' id='word_1_100' title='bbox 621 1464 651 1532; x_wconf 85' lang='grc' dir='ltr'>οἱ</span> <span class='ocrx_word' id='word_1_101' title='bbox 667 1467 790 1541; x_wconf 80' lang='grc' dir='ltr'><strong><em>παῖδες.</em></strong></span> <span class='ocrx_word' id='word_1_102' title='bbox 840 1466 1148 1551; x_wconf 78' lang='grc' dir='ltr'><strong><em>προκατησφαλίσθη</em></strong></span> <span class='ocrx_word' id='word_1_103' title='bbox 1163 1464 1231 1549; x_wconf 71' lang='grc' dir='ltr'>’γὰρ</span> <span class='ocrx_word' id='word_1_104' title='bbox 1252 1465 1271 1548; x_wconf 81' lang='grc' dir='ltr'><em>ἦ</em></span> <span class='ocrx_word' id='word_1_105' title='bbox 1292 1465 1372 1535; x_wconf 80' lang='grc' dir='ltr'>Αδ-</span> 
     </span>
     <span class='ocr_line' id='line_1_14' title="bbox 265 1563 1373 1653; baseline -0.002 -20"><span class='ocrx_word' id='word_1_106' title='bbox 265 1565 384 1651; x_wconf 76' lang='grc' dir='ltr'><strong><em>νοόοτα</em></strong></span> <span class='ocrx_word' id='word_1_107' title='bbox 403 1563 447 1648; x_wconf 76' lang='grc' dir='ltr'>μη</span> <span class='ocrx_word' id='word_1_108' title='bbox 473 1567 633 1651; x_wconf 81' lang='grc' dir='ltr'><strong><em>δεοτίροις</em></strong></span> <span class='ocrx_word' id='word_1_109' title='bbox 664 1567 778 1650; x_wconf 76' lang='grc' dir='ltr'><strong><em>γάμοις</em></strong></span> <span class='ocrx_word' id='word_1_110' title='bbox 811 1566 1048 1651; x_wconf 83' lang='grc' dir='ltr'><strong><em>προσομιλῆσαι</em></strong></span> <span class='ocrx_word' id='word_1_111' title='bbox 1080 1567 1290 1653; x_wconf 78' lang='grc' dir='ltr'><strong><em>α’ρχιερατιιιῇ</em></strong></span> <span class='ocrx_word' id='word_1_112' title='bbox 1314 1565 1373 1631; x_wconf 85' lang='grc' dir='ltr'>καί</span> 
     </span>
     <span class='ocr_line' id='line_1_15' title="bbox 266 1657 1370 1754; baseline 0 -22"><span class='ocrx_word' id='word_1_113' title='bbox 266 1667 458 1754; x_wconf 77' lang='grc' dir='ltr'><strong><em>σογιιλητιιιῇ</em></strong></span> <span class='ocrx_word' id='word_1_114' title='bbox 489 1667 682 1736; x_wconf 82' lang='grc' dir='ltr'><strong><em>οονελεόσει.</em></strong></span> <span class='ocrx_word' id='word_1_115' title='bbox 736 1657 774 1748; x_wconf 79' lang='grc' dir='ltr'>ἦν</span> <span class='ocrx_word' id='word_1_116' title='bbox 815 1664 876 1750; x_wconf 74' lang='grc' dir='ltr'>γὰρ</span> <span class='ocrx_word' id='word_1_117' title='bbox 907 1671 961 1750; x_wconf 80' lang='grc' dir='ltr'><strong><em>τῆς</em></strong></span> <span class='ocrx_word' id='word_1_118' title='bbox 992 1663 1130 1732; x_wconf 90' lang='grc' dir='ltr'><strong><em>σονόδοο</em></strong></span> <span class='ocrx_word' id='word_1_119' title='bbox 1161 1661 1370 1751; x_wconf 84' lang='grc' dir='ltr'><strong><em>προεξόρχοον</em></strong></span> 
     </span>
    </p>

    <p class='ocr_par' dir='ltr' id='par_1_6' title="bbox 263 1759 1415 2258">
     <span class='ocr_line' id='line_1_16' title="bbox 265 1759 1415 1854; baseline -0.003 -19"><span class='ocrx_word' id='word_1_120' title='bbox 265 1771 321 1836; x_wconf 80' lang='grc' dir='ltr'>καί</span> <span class='ocrx_word' id='word_1_121' title='bbox 339 1761 399 1850; x_wconf 77' lang='grc' dir='ltr'>τὴν</span> <span class='ocrx_word' id='word_1_122' title='bbox 421 1766 637 1854; x_wconf 90' lang='grc' dir='ltr'><strong><em>πατριαρχίαν</em></strong></span> <span class='ocrx_word' id='word_1_123' title='bbox 659 1769 785 1849; x_wconf 85' lang='grc' dir='ltr'><strong><em>κοσμοόν</em></strong></span> <span class='ocrx_word' id='word_1_124' title='bbox 801 1766 946 1854; x_wconf 81' lang='grc' dir='ltr'><strong><em>Ἰωάννης</em></strong></span> <span class='ocrx_word' id='word_1_125' title='bbox 966 1769 984 1832; x_wconf 86' lang='lat' dir='ltr'>o‘</span> <span class='ocrx_word' id='word_1_126' title='bbox 1008 1770 1248 1852; x_wconf 78' lang='grc' dir='ltr'><strong><em>ε’πικειιλημδνος</em></strong></span> <span class='ocrx_word' id='word_1_127' title='bbox 1265 1759 1369 1853; x_wconf 66' lang='lat' dir='ltr'>Eupo·</span> <span class='ocrx_word' id='word_1_128' title='bbox 1380 1792 1415 1844; x_wconf 85' lang='lat'>15</span> 
     </span>
     <span class='ocr_line' id='line_1_17' title="bbox 265 1862 1370 1954; baseline 0 -22"><span class='ocrx_word' id='word_1_129' title='bbox 265 1873 368 1948; x_wconf 79' lang='grc' dir='ltr'><strong><em>λίνος,</em></strong></span> <span class='ocrx_word' id='word_1_130' title='bbox 397 1869 431 1932; x_wconf 77' lang='grc' dir='ltr'>ἐκ</span> <span class='ocrx_word' id='word_1_131' title='bbox 466 1869 703 1951; x_wconf 79' lang='grc' dir='ltr'><strong><em>Τραπεζοῦντος</em></strong></span> <span class='ocrx_word' id='word_1_132' title='bbox 734 1871 794 1949; x_wconf 84' lang='grc' dir='ltr'>μὲν</span> <span class='ocrx_word' id='word_1_133' title='bbox 817 1862 1020 1954; x_wconf 71' lang='grc' dir='ltr'><strong><em>ὡρμημένος,</em></strong></span> <span class='ocrx_word' id='word_1_134' title='bbox 1042 1866 1122 1952; x_wconf 77' lang='grc' dir='ltr'><strong><em>οἲνηρ</em></strong></span> <span class='ocrx_word' id='word_1_135' title='bbox 1144 1868 1180 1931; x_wconf 72' lang='grc' dir='ltr'>δὲ</span> <span class='ocrx_word' id='word_1_136' title='bbox 1199 1864 1370 1953; x_wconf 84' lang='grc' dir='ltr'><strong><em>σοφόςιιαί</em></strong></span> 
     </span>
     <span class='ocr_line' id='line_1_18' title="bbox 265 1961 1368 2055; baseline 0 -23"><span class='ocrx_word' id='word_1_137' title='bbox 265 1966 462 2046; x_wconf 75' lang='grc' dir='ltr'><strong><em>παιδεύσεως</em></strong></span> <span class='ocrx_word' id='word_1_138' title='bbox 495 1969 539 2044; x_wconf 81' lang='grc' dir='ltr'>εἷς</span> <span class='ocrx_word' id='word_1_139' title='bbox 571 1961 667 2055; x_wconf 77' lang='grc' dir='ltr'><strong><em>ἄκρον</em></strong></span> <span class='ocrx_word' id='word_1_140' title='bbox 700 1966 859 2050; x_wconf 75' lang='grc' dir='ltr'><strong><em>ἐληλακτός</em></strong></span> <span class='ocrx_word' id='word_1_141' title='bbox 888 1969 948 2033; x_wconf 81' lang='grc' dir='ltr'>κοῖν</span> <span class='ocrx_word' id='word_1_142' title='bbox 979 1977 1043 2053; x_wconf 74' lang='grc' dir='ltr'><strong><em>τοῖς</em></strong></span> <span class='ocrx_word' id='word_1_143' title='bbox 1075 1973 1249 2046; x_wconf 43' lang='grc' dir='ltr'><strong><em>πολιτικοῖς,</em></strong></span> <span class='ocrx_word' id='word_1_144' title='bbox 1275 1973 1368 2052; x_wconf 86' lang='grc' dir='ltr'><strong><em>περί-</em></strong></span> 
     </span>
     <span class='ocr_line' id='line_1_19' title="bbox 263 2064 1367 2156; baseline -0.001 -22"><span class='ocrx_word' id='word_1_145' title='bbox 263 2073 395 2152; x_wconf 76' lang='grc' dir='ltr'><strong><em>βλεπτος</em></strong></span> <span class='ocrx_word' id='word_1_146' title='bbox 425 2066 562 2153; x_wconf 75' lang='grc' dir='ltr'><strong><em>γεγονώς</em></strong></span> <span class='ocrx_word' id='word_1_147' title='bbox 591 2068 646 2133; x_wconf 86' lang='grc' dir='ltr'>καί</span> <span class='ocrx_word' id='word_1_148' title='bbox 671 2070 788 2156; x_wconf 77' lang='grc' dir='ltr'><strong><em>αρετῆς</em></strong></span> <span class='ocrx_word' id='word_1_149' title='bbox 811 2065 976 2156; x_wconf 85' lang='grc' dir='ltr'><strong><em>εόφρόνας</em></strong></span> <span class='ocrx_word' id='word_1_150' title='bbox 1006 2064 1263 2152; x_wconf 67' lang='grc' dir='ltr'><strong><em>όπιμελοόμενος,</em></strong></span> <span class='ocrx_word' id='word_1_151' title='bbox 1284 2065 1367 2135; x_wconf 76' lang='grc' dir='ltr'><strong><em>οόστε</em></strong></span> 
     </span>
     <span class='ocr_line' id='line_1_20' title="bbox 264 2165 1367 2258; baseline -0.004 -22"><span class='ocrx_word' id='word_1_152' title='bbox 264 2177 327 2245; x_wconf 80' lang='grc' dir='ltr'><strong><em>τοῖς</em></strong></span> <span class='ocrx_word' id='word_1_153' title='bbox 348 2174 521 2252; x_wconf 79' lang='grc' dir='ltr'><strong><em>βασιλείοις</em></strong></span> <span class='ocrx_word' id='word_1_154' title='bbox 544 2167 591 2235; x_wconf 81' lang='grc' dir='ltr'>ἔτι</span> <span class='ocrx_word' id='word_1_155' title='bbox 613 2173 848 2257; x_wconf 73' lang='grc' dir='ltr'><strong><em>ἐμφιλοχωροῖν</em></strong></span> <span class='ocrx_word' id='word_1_156' title='bbox 867 2171 922 2235; x_wconf 84' lang='grc' dir='ltr'>καί</span> <span class='ocrx_word' id='word_1_157' title='bbox 941 2172 1055 2256; x_wconf 78' lang='grc' dir='ltr'><strong><em>πραότα</em></strong></span> <span class='ocrx_word' id='word_1_158' title='bbox 1080 2172 1188 2256; x_wconf 81' lang='grc' dir='ltr'><strong><em>φέρων</em></strong></span> <span class='ocrx_word' id='word_1_159' title='bbox 1209 2165 1301 2253; x_wconf 76' lang='grc' dir='ltr'><strong><em>παρὰ·</em></strong></span> <span class='ocrx_word' id='word_1_160' title='bbox 1320 2173 1367 2258; x_wconf 74' lang='lat' dir='ltr'>opi</span> 
     </span>
    </p>

    <p class='ocr_par' dir='ltr' id='par_1_7' title="bbox 1083 2265 1415 2353">
     <span class='ocr_line' id='line_1_21' title="bbox 1083 2265 1415 2353; baseline 0.009 -21"><span class='ocrx_word' id='word_1_161' title='bbox 1083 2291 1097 2343; x_wconf 89' lang='grc' dir='ltr'><strong><em>ς</em></strong></span> <span class='ocrx_word' id='word_1_162' title='bbox 1120 2265 1292 2353; x_wconf 80' lang='grc' dir='ltr'><strong><em>εόημερίας</em></strong></span> <span class='ocrx_word' id='word_1_163' title='bbox 1304 2271 1367 2350; x_wconf 63' lang='grc' dir='ltr'><strong><em>,καί</em></strong></span> <span class='ocrx_word' id='word_1_164' title='bbox 1375 2291 1415 2346; x_wconf 82' lang='lat'>20</span> 
     </span>
    </p>
   </div>
   <div class='ocr_carea' id='block_1_3' title="bbox 261 2366 1410 2662">
    <p class='ocr_par' dir='ltr' id='par_1_8' title="bbox 261 2366 1410 2662">
     <span class='ocr_line' id='line_1_22' title="bbox 264 2366 1410 2457; baseline -0.002 -23"><span class='ocrx_word' id='word_1_165' title='bbox 264 2371 317 2454; x_wconf 78' lang='grc' dir='ltr'><strong><em>τῆς</em></strong></span> <span class='ocrx_word' id='word_1_166' title='bbox 340 2368 463 2454; x_wconf 78' lang='grc' dir='ltr'><strong><em>ἡλικίας</em></strong></span> <span class='ocrx_word' id='word_1_167' title='bbox 479 2367 705 2437; x_wconf 67' lang='grc' dir='ltr'><strong><em>ἀσπάσασθαι.</em></strong></span> <span class='ocrx_word' id='word_1_168' title='bbox 727 2369 782 2436; x_wconf 84' lang='grc' dir='ltr'>καί</span> <span class='ocrx_word' id='word_1_169' title='bbox 810 2369 863 2437; x_wconf 92' lang='grc' dir='ltr'>τόν</span> <span class='ocrx_word' id='word_1_170' title='bbox 883 2366 1122 2457; x_wconf 80' lang='grc' dir='ltr'><strong><em>όναχωρητιιιόν</em></strong></span> <span class='ocrx_word' id='word_1_171' title='bbox 1138 2369 1209 2451; x_wconf 78' lang='grc' dir='ltr'><strong><em>βίον</em></strong></span> <span class='ocrx_word' id='word_1_172' title='bbox 1231 2370 1305 2453; x_wconf 85' lang='grc' dir='ltr'><strong><em>περί</em></strong></span> <span class='ocrx_word' id='word_1_173' title='bbox 1327 2368 1363 2432; x_wconf 91' lang='grc' dir='ltr'>τό</span> <span class='ocrx_word' id='word_1_174' title='bbox 1389 2367 1410 2384; x_wconf 88' lang='grc'>““</span> 
     </span>
     <span class='ocr_line' id='line_1_23' title="bbox 261 2455 1365 2557; baseline -0.005 -19"><span class='ocrx_word' id='word_1_175' title='bbox 261 2466 435 2550; x_wconf 86' lang='grc' dir='ltr'><strong><em>Ὀλόμπιον</em></strong></span> <span class='ocrx_word' id='word_1_176' title='bbox 463 2455 536 2555; x_wconf 76' lang='grc' dir='ltr'><strong><em>όρος</em></strong></span> <span class='ocrx_word' id='word_1_177' title='bbox 565 2466 721 2554; x_wconf 76' lang='grc' dir='ltr'><strong><em>ἑλόμενος,</em></strong></span> <span class='ocrx_word' id='word_1_178' title='bbox 740 2469 854 2557; x_wconf 85' lang='grc' dir='ltr'><strong><em>χρόνον</em></strong></span> <span class='ocrx_word' id='word_1_179' title='bbox 881 2471 935 2557; x_wconf 64' lang='lat' dir='ltr'>dni</span> <span class='ocrx_word' id='word_1_180' title='bbox 963 2470 1084 2556; x_wconf 86' lang='grc' dir='ltr'><strong><em>συχνόν</em></strong></span> <span class='ocrx_word' id='word_1_181' title='bbox 1111 2463 1151 2554; x_wconf 75' lang='grc' dir='ltr'>ἦν</span> <span class='ocrx_word' id='word_1_182' title='bbox 1178 2465 1365 2550; x_wconf 84' lang='grc' dir='ltr'><strong><em>όιαλόμπων</em></strong></span> 
     </span>
     <span class='ocr_line' id='line_1_24' title="bbox 265 2566 1362 2662; baseline 0 -26"><span class='ocrx_word' id='word_1_183' title='bbox 265 2571 313 2636; x_wconf 82' lang='grc' dir='ltr'><strong><em>εἰτ’</em></strong></span> <span class='ocrx_word' id='word_1_184' title='bbox 340 2571 439 2658; x_wconf 79' lang='grc' dir='ltr'><strong><em>α’ρετῇ</em></strong></span> <span class='ocrx_word' id='word_1_185' title='bbox 468 2573 522 2637; x_wconf 80' lang='grc' dir='ltr'>καί</span> <span class='ocrx_word' id='word_1_186' title='bbox 540 2568 636 2662; x_wconf 74' lang='grc' dir='ltr'><strong><em>φόβην</em></strong></span> <span class='ocrx_word' id='word_1_187' title='bbox 659 2575 749 2640; x_wconf 77' lang='grc' dir='ltr'><strong><em>θεοῦ.</em></strong></span> <span class='ocrx_word' id='word_1_188' title='bbox 801 2573 856 2640; x_wconf 85' lang='grc' dir='ltr'>καί</span> <span class='ocrx_word' id='word_1_189' title='bbox 885 2573 939 2638; x_wconf 84' lang='grc' dir='ltr'>διὰ</span> <span class='ocrx_word' id='word_1_190' title='bbox 959 2575 1053 2640; x_wconf 80' lang='grc' dir='ltr'><strong><em>τοῦτο</em></strong></span> <span class='ocrx_word' id='word_1_191' title='bbox 1084 2573 1141 2640; x_wconf 76' lang='grc' dir='ltr'>τοῦ</span> <span class='ocrx_word' id='word_1_192' title='bbox 1162 2566 1362 2659; x_wconf 87' lang='grc' dir='ltr'><strong><em>πατριόρχοο</em></strong></span> 
     </span>
    </p>
   </div>
   <div class='ocr_carea' id='block_1_4' title="bbox 266 2872 1361 3016">
    <p class='ocr_par' dir='ltr' id='par_1_9' title="bbox 266 2872 1361 3016">
     <span class='ocr_line' id='line_1_25' title="bbox 269 2872 1361 2944; baseline 0 -18"><span class='ocrx_word' id='word_1_193' title='bbox 269 2879 356 2926; x_wconf 89' lang='lat' dir='ltr'>autem</span> <span class='ocrx_word' id='word_1_194' title='bbox 376 2872 466 2927; x_wconf 87' lang='lat' dir='ltr'>radios</span> <span class='ocrx_word' id='word_1_195' title='bbox 483 2880 513 2926; x_wconf 93' lang='lat' dir='ltr'>nt</span> <span class='ocrx_word' id='word_1_196' title='bbox 530 2874 563 2927; x_wconf 86' lang='lat' dir='ltr'>ud</span> <span class='ocrx_word' id='word_1_197' title='bbox 581 2873 734 2927; x_wconf 74' lang='lat' dir='ltr'><strong>orientem</strong></span> <span class='ocrx_word' id='word_1_198' title='bbox 753 2882 781 2927; x_wconf 91' lang='lat' dir='ltr'>et</span> <span class='ocrx_word' id='word_1_199' title='bbox 791 2881 821 2927; x_wconf 91' lang='lat' dir='ltr'>ut</span> <span class='ocrx_word' id='word_1_200' title='bbox 832 2874 865 2928; x_wconf 88' lang='lat' dir='ltr'>ad</span> <span class='ocrx_word' id='word_1_201' title='bbox 882 2874 958 2927; x_wconf 90' lang='lat' dir='ltr'>illum</span> <span class='ocrx_word' id='word_1_202' title='bbox 975 2873 1211 2944; x_wconf 71' lang='lat' dir='ltr'>progrediebatur:</span> <span class='ocrx_word' id='word_1_203' title='bbox 1231 2882 1258 2928; x_wconf 93' lang='lat' dir='ltr'>et</span> <span class='ocrx_word' id='word_1_204' title='bbox 1275 2877 1361 2929; x_wconf 84' lang='lat' dir='ltr'>domi.</span> 
     </span>
     <span class='ocr_line' id='line_1_26' title="bbox 266 2943 734 3016; baseline 0.002 -19"><span class='ocrx_word' id='word_1_205' title='bbox 266 2943 378 2998; x_wconf 82' lang='lat' dir='ltr'>uebatur</span> <span class='ocrx_word' id='word_1_206' title='bbox 396 2961 445 3012; x_wconf 91' lang='lat' dir='ltr'>per</span> <span class='ocrx_word' id='word_1_207' title='bbox 472 2947 530 3000; x_wconf 84' lang='lat' dir='ltr'>dies</span> <span class='ocrx_word' id='word_1_208' title='bbox 552 2947 734 3016; x_wconf 79' lang='lat' dir='ltr'>quadraginta.</span> 
     </span>
    </p>
   </div>
   <div class='ocr_carea' id='block_1_5' title="bbox 220 3035 1438 4180">
    <p class='ocr_par' dir='ltr' id='par_1_10' title="bbox 220 3035 1438 3534">
     <span class='ocr_line' id='line_1_27' title="bbox 365 3035 1438 3104; baseline 0.002 -19"><span class='ocrx_word' id='word_1_209' title='bbox 365 3035 430 3086; x_wconf 91' lang='lat' dir='ltr'>lude</span> <span class='ocrx_word' id='word_1_210' title='bbox 454 3043 473 3086; x_wconf 81' lang='lat' dir='ltr'>&#39;a</span> <span class='ocrx_word' id='word_1_211' title='bbox 498 3051 591 3090; x_wconf 89' lang='lat' dir='ltr'>mense</span> <span class='ocrx_word' id='word_1_212' title='bbox 616 3035 727 3088; x_wconf 79' lang='lat' dir='ltr'>octobre</span> <span class='ocrx_word' id='word_1_213' title='bbox 745 3036 852 3088; x_wconf 78' lang='lat' dir='ltr'>morbus</span> <span class='ocrx_word' id='word_1_214' title='bbox 871 3035 993 3088; x_wconf 87' lang='lat' dir='ltr'>incidens</span> <span class='ocrx_word' id='word_1_215' title='bbox 1011 3037 1070 3104; x_wconf 81' lang='lat' dir='ltr'>regi</span> <span class='ocrx_word' id='word_1_216' title='bbox 1089 3051 1174 3104; x_wconf 85' lang='lat' dir='ltr'>usque</span> <span class='ocrx_word' id='word_1_217' title='bbox 1192 3037 1225 3087; x_wconf 93' lang='lat' dir='ltr'>ad</span> <span class='ocrx_word' id='word_1_218' title='bbox 1244 3052 1359 3104; x_wconf 85' lang='lat' dir='ltr'>sequen.</span> <span class='ocrx_word' id='word_1_219' title='bbox 1434 3060 1438 3079; x_wconf 85' lang='lat'><strong>·</strong></span> 
     </span>
     <span class='ocr_line' id='line_1_28' title="bbox 268 3106 1360 3161; baseline 0.001 -3"><span class='ocrx_word' id='word_1_220' title='bbox 268 3115 321 3158; x_wconf 88' lang='lat' dir='ltr'>tem</span> <span class='ocrx_word' id='word_1_221' title='bbox 339 3107 436 3158; x_wconf 90' lang='lat' dir='ltr'>maium</span> <span class='ocrx_word' id='word_1_222' title='bbox 455 3122 572 3160; x_wconf 89' lang='lat' dir='ltr'>mensem</span> <span class='ocrx_word' id='word_1_223' title='bbox 592 3123 651 3160; x_wconf 90' lang='lat' dir='ltr'>eum</span> <span class='ocrx_word' id='word_1_224' title='bbox 672 3108 816 3161; x_wconf 88' lang='lat' dir='ltr'>cruciabat.</span> <span class='ocrx_word' id='word_1_225' title='bbox 842 3107 894 3158; x_wconf 89' lang='lat' dir='ltr'>hoe</span> <span class='ocrx_word' id='word_1_226' title='bbox 919 3114 1007 3158; x_wconf 90' lang='lat' dir='ltr'>autem</span> <span class='ocrx_word' id='word_1_227' title='bbox 1031 3123 1124 3161; x_wconf 87' lang='lat' dir='ltr'>mense</span> <span class='ocrx_word' id='word_1_228' title='bbox 1150 3106 1268 3158; x_wconf 77' lang='lat' dir='ltr'>confecit</span> <span class='ocrx_word' id='word_1_229' title='bbox 1293 3107 1360 3159; x_wconf 91' lang='lat' dir='ltr'>huuc</span> 
     </span>
     <span class='ocr_line' id='line_1_29' title="bbox 220 3178 1360 3245; baseline 0.001 -17"><span class='ocrx_word' id='word_1_230' title='bbox 220 3186 226 3190; x_wconf 82' lang='lat'>&#39;</span> <span class='ocrx_word' id='word_1_231' title='bbox 268 3186 295 3228; x_wconf 87' lang='lat' dir='ltr'>ct</span> <span class='ocrx_word' id='word_1_232' title='bbox 312 3187 420 3229; x_wconf 88' lang='lat' dir='ltr'>terrena</span> <span class='ocrx_word' id='word_1_233' title='bbox 438 3178 494 3229; x_wconf 88' lang='lat' dir='ltr'>vita</span> <span class='ocrx_word' id='word_1_234' title='bbox 518 3179 644 3245; x_wconf 81' lang='lat' dir='ltr'>privarit.</span> <span class='ocrx_word' id='word_1_235' title='bbox 664 3180 734 3232; x_wconf 84' lang='lat' dir='ltr'>iusta</span> <span class='ocrx_word' id='word_1_236' title='bbox 752 3189 840 3232; x_wconf 89' lang='lat' dir='ltr'>autern</span> <span class='ocrx_word' id='word_1_237' title='bbox 859 3180 916 3231; x_wconf 88' lang='lat' dir='ltr'>eius</span> <span class='ocrx_word' id='word_1_238' title='bbox 936 3193 990 3230; x_wconf 90' lang='lat' dir='ltr'>uon</span> <span class='ocrx_word' id='word_1_239' title='bbox 1008 3178 1054 3230; x_wconf 91' lang='lat' dir='ltr'>ubi</span> <span class='ocrx_word' id='word_1_240' title='bbox 1073 3186 1276 3244; x_wconf 75' lang='lat' dir='ltr'>exspectaverat</span> <span class='ocrx_word' id='word_1_241' title='bbox 1293 3179 1360 3230; x_wconf 85' lang='lat' dir='ltr'>facta</span> 
     </span>
     <span class='ocr_line' id='line_1_30' title="bbox 267 3249 1360 3316; baseline -0.003 -15"><span class='ocrx_word' id='word_1_242' title='bbox 267 3256 344 3312; x_wconf 88' lang='lat' dir='ltr'>sunt,</span> <span class='ocrx_word' id='word_1_243' title='bbox 363 3249 409 3300; x_wconf 88' lang='lat' dir='ltr'>sed</span> <span class='ocrx_word' id='word_1_244' title='bbox 427 3256 499 3300; x_wconf 86' lang='lat' dir='ltr'>trans</span> <span class='ocrx_word' id='word_1_245' title='bbox 518 3265 591 3301; x_wconf 88' lang='lat' dir='ltr'>mare</span> <span class='ocrx_word' id='word_1_246' title='bbox 611 3250 679 3302; x_wconf 91' lang='lat' dir='ltr'>latus</span> <span class='ocrx_word' id='word_1_247' title='bbox 699 3249 823 3302; x_wconf 91' lang='lat' dir='ltr'>lintribus</span> <span class='ocrx_word' id='word_1_248' title='bbox 843 3258 920 3301; x_wconf 85' lang='lat' dir='ltr'>extra</span> <span class='ocrx_word' id='word_1_249' title='bbox 937 3266 1045 3302; x_wconf 88' lang='lat' dir='ltr'>auream</span> <span class='ocrx_word' id='word_1_250' title='bbox 1063 3258 1184 3316; x_wconf 90' lang='lat' dir='ltr'>portam,</span> <span class='ocrx_word' id='word_1_251' title='bbox 1213 3251 1284 3300; x_wconf 90' lang='lat' dir='ltr'>circa</span> <span class='ocrx_word' id='word_1_252' title='bbox 1301 3265 1360 3300; x_wconf 91' lang='lat' dir='ltr'>mo.</span> 
     </span>
     <span class='ocr_line' id='line_1_31' title="bbox 266 3313 1359 3387; baseline 0 -16"><span class='ocrx_word' id='word_1_253' title='bbox 266 3319 410 3371; x_wconf 81' lang='lat' dir='ltr'>neoterium</span> <span class='ocrx_word' id='word_1_254' title='bbox 434 3320 563 3386; x_wconf 82' lang='lat' dir='ltr'>quoddam</span> <span class='ocrx_word' id='word_1_255' title='bbox 590 3313 639 3373; x_wconf 89' lang='lat' dir='ltr'>sub</span> <span class='ocrx_word' id='word_1_256' title='bbox 666 3323 773 3373; x_wconf 88' lang='lat' dir='ltr'>nomine</span> <span class='ocrx_word' id='word_1_257' title='bbox 792 3322 876 3374; x_wconf 88' lang='lat' dir='ltr'>saneti</span> <span class='ocrx_word' id='word_1_258' title='bbox 894 3321 999 3374; x_wconf 82' lang='lat' dir='ltr'>Nicolai</span> <span class='ocrx_word' id='word_1_259' title='bbox 1020 3320 1154 3372; x_wconf 87' lang='lat' dir='ltr'>conditum</span> <span class='ocrx_word' id='word_1_260' title='bbox 1171 3322 1200 3373; x_wconf 91' lang='lat' dir='ltr'>in</span> <span class='ocrx_word' id='word_1_261' title='bbox 1219 3320 1359 3387; x_wconf 85' lang='lat' dir='ltr'>sepulchro</span> 
     </span>
     <span class='ocr_line' id='line_1_32' title="bbox 268 3389 1359 3461; baseline 0.004 -21"><span class='ocrx_word' id='word_1_262' title='bbox 268 3390 338 3458; x_wconf 92' lang='lat' dir='ltr'>quod</span> <span class='ocrx_word' id='word_1_263' title='bbox 357 3389 404 3440; x_wconf 91' lang='lat' dir='ltr'>alii</span> <span class='ocrx_word' id='word_1_264' title='bbox 423 3399 502 3442; x_wconf 90' lang='lat' dir='ltr'>antea</span> <span class='ocrx_word' id='word_1_265' title='bbox 523 3391 621 3444; x_wconf 86' lang='lat' dir='ltr'>lactum</span> <span class='ocrx_word' id='word_1_266' title='bbox 642 3399 706 3456; x_wconf 84' lang='lat' dir='ltr'>erat,</span> <span class='ocrx_word' id='word_1_267' title='bbox 727 3394 863 3460; x_wconf 89' lang='lat' dir='ltr'>depositus</span> <span class='ocrx_word' id='word_1_268' title='bbox 884 3403 934 3458; x_wconf 88' lang='lat' dir='ltr'>cst,</span> <span class='ocrx_word' id='word_1_269' title='bbox 954 3403 1091 3461; x_wconf 89' lang='lat' dir='ltr'>postquam</span> <span class='ocrx_word' id='word_1_270' title='bbox 1112 3392 1181 3444; x_wconf 88' lang='lat' dir='ltr'>vixit</span> <span class='ocrx_word' id='word_1_271' title='bbox 1197 3395 1225 3444; x_wconf 89' lang='lat' dir='ltr'>in</span> <span class='ocrx_word' id='word_1_272' title='bbox 1250 3394 1359 3459; x_wconf 87' lang='lat' dir='ltr'>imperio</span> 
     </span>
     <span class='ocr_line' id='line_1_33' title="bbox 252 3461 732 3534; baseline 0.004 -22"><span class='ocrx_word' id='word_1_273' title='bbox 252 3477 351 3534; x_wconf 39' lang='lat' dir='ltr'>&#39;annos</span> <span class='ocrx_word' id='word_1_274' title='bbox 370 3468 471 3528; x_wconf 88' lang='lat' dir='ltr'>septem</span> <span class='ocrx_word' id='word_1_275' title='bbox 492 3468 519 3513; x_wconf 89' lang='lat' dir='ltr'>et</span> <span class='ocrx_word' id='word_1_276' title='bbox 544 3479 649 3516; x_wconf 88' lang='lat' dir='ltr'>meuses</span> <span class='ocrx_word' id='word_1_277' title='bbox 675 3461 732 3514; x_wconf 68' lang='lat' dir='ltr'>sex.</span> 
     </span>
    </p>

    <p class='ocr_par' dir='ltr' id='par_1_11' title="bbox 252 3530 1362 4180">
     <span class='ocr_line' id='line_1_34' title="bbox 331 3530 1359 3604; baseline -0.006 -15"><span class='ocrx_word' id='word_1_278' title='bbox 331 3582 337 3589; x_wconf 84' lang='grc'><strong><em>,</em></strong></span> <span class='ocrx_word' id='word_1_279' title='bbox 366 3532 400 3586; x_wconf 84' lang='lat' dir='ltr'>Et</span> <span class='ocrx_word' id='word_1_280' title='bbox 418 3533 590 3586; x_wconf 87' lang='lat' dir='ltr'>obtinuerunt</span> <span class='ocrx_word' id='word_1_281' title='bbox 609 3543 742 3602; x_wconf 82' lang='lat' dir='ltr'>sceptrum</span> <span class='ocrx_word' id='word_1_282' title='bbox 763 3537 839 3604; x_wconf 80' lang='lat' dir='ltr'>regni</span> <span class='ocrx_word' id='word_1_283' title='bbox 858 3551 925 3587; x_wconf 85' lang='lat' dir='ltr'>uxor</span> <span class='ocrx_word' id='word_1_284' title='bbox 945 3537 1002 3586; x_wconf 89' lang='lat' dir='ltr'>eius</span> <span class='ocrx_word' id='word_1_285' title='bbox 1016 3535 1134 3586; x_wconf 89' lang='lat' dir='ltr'>Eudocia</span> <span class='ocrx_word' id='word_1_286' title='bbox 1154 3544 1181 3586; x_wconf 90' lang='lat' dir='ltr'>et</span> <span class='ocrx_word' id='word_1_287' title='bbox 1198 3530 1257 3587; x_wconf 85' lang='lat' dir='ltr'>lilii.</span> <span class='ocrx_word' id='word_1_288' title='bbox 1295 3549 1359 3585; x_wconf 90' lang='lat' dir='ltr'>con.</span> 
     </span>
     <span class='ocr_line' id='line_1_35' title="bbox 268 3607 1358 3675; baseline -0.003 -18"><span class='ocrx_word' id='word_1_289' title='bbox 268 3607 376 3658; x_wconf 81' lang='lat' dir='ltr'>firmata</span> <span class='ocrx_word' id='word_1_290' title='bbox 389 3607 458 3657; x_wconf 87' lang='lat' dir='ltr'>enim</span> <span class='ocrx_word' id='word_1_291' title='bbox 477 3613 534 3657; x_wconf 88' lang='lat' dir='ltr'>erat</span> <span class='ocrx_word' id='word_1_292' title='bbox 551 3614 673 3674; x_wconf 84' lang='lat' dir='ltr'>augusta,</span> <span class='ocrx_word' id='word_1_293' title='bbox 692 3623 727 3658; x_wconf 90' lang='lat' dir='ltr'>ne</span> <span class='ocrx_word' id='word_1_294' title='bbox 746 3607 832 3658; x_wconf 88' lang='lat' dir='ltr'>altero</span> <span class='ocrx_word' id='word_1_295' title='bbox 851 3608 1018 3658; x_wconf 88' lang='lat' dir='ltr'>matrimonio</span> <span class='ocrx_word' id='word_1_296' title='bbox 1039 3608 1266 3675; x_wconf 67' lang='lat' dir='ltr'>coniungerem,</span> <span class='ocrx_word' id='word_1_297' title='bbox 1292 3622 1358 3672; x_wconf 90' lang='lat' dir='ltr'>pou.</span> 
     </span>
     <span class='ocr_line' id='line_1_36' title="bbox 268 3677 1360 3744; baseline -0.003 -17"><span class='ocrx_word' id='word_1_298' title='bbox 268 3677 347 3728; x_wconf 86' lang='lat' dir='ltr'>tilicis</span> <span class='ocrx_word' id='word_1_299' title='bbox 367 3678 473 3728; x_wconf 83' lang='lat' dir='ltr'>maximi</span> <span class='ocrx_word' id='word_1_300' title='bbox 494 3686 521 3729; x_wconf 91' lang='lat' dir='ltr'>et</span> <span class='ocrx_word' id='word_1_301' title='bbox 539 3679 687 3732; x_wconf 88' lang='lat' dir='ltr'>consiliarii</span> <span class='ocrx_word' id='word_1_302' title='bbox 706 3679 913 3731; x_wconf 85' lang='lat' dir='ltr'>necessitudine.</span> <span class='ocrx_word' id='word_1_303' title='bbox 953 3687 1011 3730; x_wconf 88' lang='lat' dir='ltr'>erat</span> <span class='ocrx_word' id='word_1_304' title='bbox 1031 3679 1101 3729; x_wconf 87' lang='lat' dir='ltr'>enim</span> <span class='ocrx_word' id='word_1_305' title='bbox 1120 3685 1268 3731; x_wconf 88' lang='lat' dir='ltr'>conventus</span> <span class='ocrx_word' id='word_1_306' title='bbox 1286 3678 1360 3744; x_wconf 88' lang='lat' dir='ltr'>prin.</span> 
     </span>
     <span class='ocr_line' id='line_1_37' title="bbox 268 3749 1360 3817; baseline -0.002 -19"><span class='ocrx_word' id='word_1_307' title='bbox 268 3762 331 3813; x_wconf 90' lang='lat' dir='ltr'>ceps</span> <span class='ocrx_word' id='word_1_308' title='bbox 352 3755 378 3798; x_wconf 91' lang='lat' dir='ltr'>et</span> <span class='ocrx_word' id='word_1_309' title='bbox 396 3749 588 3813; x_wconf 80' lang='lat' dir='ltr'>patriarchatus</span> <span class='ocrx_word' id='word_1_310' title='bbox 608 3752 689 3803; x_wconf 83' lang='lat' dir='ltr'>decus</span> <span class='ocrx_word' id='word_1_311' title='bbox 707 3752 821 3803; x_wconf 89' lang='lat' dir='ltr'>loannes</span> <span class='ocrx_word' id='word_1_312' title='bbox 840 3752 999 3817; x_wconf 87' lang='lat' dir='ltr'>cognomine</span> <span class='ocrx_word' id='word_1_313' title='bbox 1017 3751 1103 3801; x_wconf 80' lang='lat' dir='ltr'>dietus</span> <span class='ocrx_word' id='word_1_314' title='bbox 1123 3749 1285 3817; x_wconf 74' lang='lat' dir='ltr'>xiphilinus,</span> <span class='ocrx_word' id='word_1_315' title='bbox 1298 3749 1360 3800; x_wconf 86' lang='lat' dir='ltr'>Tra.</span> 
     </span>
     <span class='ocr_line' id='line_1_38' title="bbox 267 3819 1362 3890; baseline 0.005 -23"><span class='ocrx_word' id='word_1_316' title='bbox 267 3825 384 3884; x_wconf 74' lang='lat' dir='ltr'>perunte</span> <span class='ocrx_word' id='word_1_317' title='bbox 403 3819 539 3885; x_wconf 87' lang='lat' dir='ltr'>oriundus,</span> <span class='ocrx_word' id='word_1_318' title='bbox 558 3821 637 3873; x_wconf 88' lang='lat' dir='ltr'>homo</span> <span class='ocrx_word' id='word_1_319' title='bbox 656 3823 763 3890; x_wconf 81' lang='lat' dir='ltr'>sapiens</span> <span class='ocrx_word' id='word_1_320' title='bbox 783 3831 810 3873; x_wconf 87' lang='lat' dir='ltr'>et</span> <span class='ocrx_word' id='word_1_321' title='bbox 828 3823 1020 3873; x_wconf 85' lang='lat' dir='ltr'>institutionem</span> <span class='ocrx_word' id='word_1_322' title='bbox 1045 3836 1169 3873; x_wconf 89' lang='lat' dir='ltr'>summam</span> <span class='ocrx_word' id='word_1_323' title='bbox 1188 3819 1315 3886; x_wconf 82' lang='lat' dir='ltr'>adeptus:</span> <span class='ocrx_word' id='word_1_324' title='bbox 1336 3830 1362 3873; x_wconf 88' lang='lat' dir='ltr'>ct</span> 
     </span>
     <span class='ocr_line' id='line_1_39' title="bbox 266 3887 1362 3962; baseline 0.004 -24"><span class='ocrx_word' id='word_1_325' title='bbox 266 3889 293 3939; x_wconf 91' lang='lat' dir='ltr'>in</span> <span class='ocrx_word' id='word_1_326' title='bbox 321 3887 401 3938; x_wconf 87' lang='lat' dir='ltr'>rebus</span> <span class='ocrx_word' id='word_1_327' title='bbox 425 3889 555 3962; x_wconf 76' lang='lat' dir='ltr'>civilibus</span> <span class='ocrx_word' id='word_1_328' title='bbox 580 3893 693 3946; x_wconf 88' lang='lat' dir='ltr'>illustris</span> <span class='ocrx_word' id='word_1_329' title='bbox 720 3902 748 3944; x_wconf 90' lang='lat' dir='ltr'>et</span> <span class='ocrx_word' id='word_1_330' title='bbox 775 3895 900 3944; x_wconf 84' lang='lat' dir='ltr'>virtutem</span> <span class='ocrx_word' id='word_1_331' title='bbox 928 3891 1072 3959; x_wconf 87' lang='lat' dir='ltr'>prudenter</span> <span class='ocrx_word' id='word_1_332' title='bbox 1098 3907 1209 3956; x_wconf 88' lang='lat' dir='ltr'>curans,</span> <span class='ocrx_word' id='word_1_333' title='bbox 1235 3893 1272 3941; x_wconf 88' lang='lat' dir='ltr'>ita</span> <span class='ocrx_word' id='word_1_334' title='bbox 1290 3899 1317 3942; x_wconf 93' lang='lat' dir='ltr'>ut</span> <span class='ocrx_word' id='word_1_335' title='bbox 1335 3894 1362 3942; x_wconf 89' lang='lat' dir='ltr'>iu</span> 
     </span>
     <span class='ocr_line' id='line_1_40' title="bbox 267 3959 1360 4030; baseline -0.002 -18"><span class='ocrx_word' id='word_1_336' title='bbox 267 3960 343 4027; x_wconf 84' lang='lat' dir='ltr'>regia</span> <span class='ocrx_word' id='word_1_337' title='bbox 362 3959 496 4010; x_wconf 87' lang='lat' dir='ltr'>etiamtum</span> <span class='ocrx_word' id='word_1_338' title='bbox 516 3979 626 4015; x_wconf 75' lang='lat' dir='ltr'>versans</span> <span class='ocrx_word' id='word_1_339' title='bbox 645 3973 671 4015; x_wconf 91' lang='lat' dir='ltr'>et</span> <span class='ocrx_word' id='word_1_340' title='bbox 689 3966 789 4030; x_wconf 87' lang='lat' dir='ltr'>primos</span> <span class='ocrx_word' id='word_1_341' title='bbox 808 3965 924 4015; x_wconf 89' lang='lat' dir='ltr'>honores</span> <span class='ocrx_word' id='word_1_342' title='bbox 943 3971 1081 4029; x_wconf 88' lang='lat' dir='ltr'>reportans</span> <span class='ocrx_word' id='word_1_343' title='bbox 1100 3964 1168 4030; x_wconf 86' lang='lat' dir='ltr'>apud</span> <span class='ocrx_word' id='word_1_344' title='bbox 1179 3978 1281 4030; x_wconf 83' lang='lat' dir='ltr'>regern,</span> <span class='ocrx_word' id='word_1_345' title='bbox 1303 3978 1360 4012; x_wconf 92' lang='lat' dir='ltr'>mo.</span> 
     </span>
     <span class='ocr_line' id='line_1_41' title="bbox 252 4029 1360 4101; baseline -0.001 -20"><span class='ocrx_word' id='word_1_346' title='bbox 252 4029 404 4082; x_wconf 82' lang='lat' dir='ltr'>nachicam</span> <span class='ocrx_word' id='word_1_347' title='bbox 424 4032 504 4083; x_wconf 87' lang='lat' dir='ltr'>vitam</span> <span class='ocrx_word' id='word_1_348' title='bbox 524 4036 550 4084; x_wconf 92' lang='lat' dir='ltr'>in</span> <span class='ocrx_word' id='word_1_349' title='bbox 570 4034 636 4087; x_wconf 89' lang='lat' dir='ltr'>flore</span> <span class='ocrx_word' id='word_1_350' title='bbox 664 4035 786 4087; x_wconf 86' lang='lat' dir='ltr'>fortunae</span> <span class='ocrx_word' id='word_1_351' title='bbox 806 4043 833 4085; x_wconf 90' lang='lat' dir='ltr'>et</span> <span class='ocrx_word' id='word_1_352' title='bbox 850 4037 945 4088; x_wconf 89' lang='lat' dir='ltr'>actatis</span> <span class='ocrx_word' id='word_1_353' title='bbox 971 4034 1192 4101; x_wconf 85' lang='lat' dir='ltr'>amplecteretur:</span> <span class='ocrx_word' id='word_1_354' title='bbox 1219 4040 1245 4084; x_wconf 89' lang='lat' dir='ltr'>ct</span> <span class='ocrx_word' id='word_1_355' title='bbox 1269 4032 1360 4085; x_wconf 88' lang='lat' dir='ltr'>solita.</span> 
     </span>
     <span class='ocr_line' id='line_1_42' title="bbox 266 4103 1361 4180; baseline 0.001 -24"><span class='ocrx_word' id='word_1_356' title='bbox 266 4103 331 4156; x_wconf 84' lang='lat' dir='ltr'>riam</span> <span class='ocrx_word' id='word_1_357' title='bbox 361 4103 441 4160; x_wconf 83' lang='lat' dir='ltr'>vitam</span> <span class='ocrx_word' id='word_1_358' title='bbox 477 4106 547 4160; x_wconf 87' lang='lat' dir='ltr'>circo</span> <span class='ocrx_word' id='word_1_359' title='bbox 575 4103 741 4174; x_wconf 77' lang='lat' dir='ltr'>Olympicum</span> <span class='ocrx_word' id='word_1_360' title='bbox 772 4115 901 4180; x_wconf 31' lang='lat' dir='ltr'>montem(</span> <span class='ocrx_word' id='word_1_361' title='bbox 915 4107 1018 4175; x_wconf 81' lang='lat' dir='ltr'>eligens</span> <span class='ocrx_word' id='word_1_362' title='bbox 1046 4120 1095 4172; x_wconf 86' lang='lat' dir='ltr'>per</span> <span class='ocrx_word' id='word_1_363' title='bbox 1125 4105 1234 4160; x_wconf 88' lang='lat' dir='ltr'>multum</span> <span class='ocrx_word' id='word_1_364' title='bbox 1263 4113 1361 4174; x_wconf 80' lang='lat' dir='ltr'>tempus</span> 
     </span>
    </p>
   </div>
   <div class='ocr_carea' id='block_1_6' title="bbox 0 0 1442 4734">
    <p class='ocr_par' dir='ltr' id='par_1_12' title="bbox 0 0 1442 4734">
     <span class='ocr_line' id='line_1_43' title="bbox 0 0 1442 4734; baseline 0 0"><span class='ocrx_word' id='word_1_365' title='bbox 0 0 1442 4734; x_wconf 95' lang='lat' dir='ltr'> </span> 
     </span>
    </p>
   </div>
  </div>
 </body>
</html>
