2875 4734
542 345 751 414 merom.
925 350 928 355 ¹
1049 448 1054 456 .
1153 342 1201 416 οι

100 487 166 585 γὰρ
188 489 315 566 ἄνωθεν
337 499 376 565 ια’
400 505 553 584 βελτίονα.
598 505 680 571 sitici
711 507 766 571 soi
789 505 825 571 ιό
853 507 985 588 soporis
1005 506 1107 574 ’πάλιν
1132 511 1204 573 ε’πι.

103 601 282 682 κάμπτεται
307 604 351 666 δι’
372 600 471 687 εὐχῆς
495 606 721 693 ἐνεργουμένης
744 607 799 673 καὶ
826 613 1099 693 ουγιιροταυμδνρς
1124 611 1204 674 esio-

103 699 300 786 ρεστήοισιν.
353 703 584 790 ἐπιγράφονται
613 711 648 773 δὲ
678 718 743 786 τοῖς
771 710 939 790 βασιλεῦσι
970 707 1009 772 τοὶ
1036 707 1204 792 ’παρεμπί-

103 818 220 866 πτυντα
241 799 295 866 διαὶ
318 801 352 868 τὸ
380 807 435 868 καί
454 804 511 888 τὴν
541 811 667 872 πλείονα
697 814 822 891 μέμψιν
842 813 898 874 κατ’
917 812 1011 874 α’νιάν
1032 812 1096 875 τῶν
1117 811 1204 892 δρω-

75 905 209 982 5μδνων
238 902 280 966 ου’
302 909 463 987 ουνεταῖς,
500 909 554 971 κατ’
587 906 643 993 τήν
663 907 865 996 εὐφροσύνην
885 908 1038 986 ιδοαδτως
1060 913 1123 974 τῶν
1146 936 1205 975 κα·-

100 1009 324 1128 τορθουμένων
347 1010 503 1090 ἐπιεικῶς,
525 1013 571 1084 εἰς
595 1008 712 1086 αδτοδς
736 1016 996 1095 παραγίνεσθαι,
1031 1008 1137 1096 ὥσπερ
1158 1014 1205 1088 εἷς

100 1102 177 1181 τούς
198 1110 260 1170 τῶν
284 1104 435 1190 ἁρμάτων
457 1110 632 1194 ἰθυντῆρας
654 1115 710 1176 κατ’
729 1109 773 1194 μή
797 1110 873 1187 ,τοὺς
895 1110 1010 1188 ἵππους
1031 1109 1071 1177 τοὶ
1095 1115 1206 1178 ἐντεῦ-

102 1209 162 1268 θεν
184 1206 432 1288 α’ποτιλὲοματα.

208 1303 329 1370 Τούτου
353 1309 387 1371 δὲ
407 1313 465 1373 τοῦ
486 1307 599 1386 ἔθνους
620 1312 678 1374 τοῦ
700 1317 861 1376 Σκυθικοῦ
882 1339 911 1380 αι
902 1315 991 1397 μὲν
1013 1314 1068 1380 τδν
1080 1309 1205 1399 Ιοτρον

60 1407 410 1490 ιθᾰντιπεραιωθέντος
431 1413 512 1498 λιμῷ
535 1408 789 1502 δυσθεραπειῖτιρ
804 1416 1077 1540 διαφθοιρδμινοι,
1101 1417 1202 1483 διδτο

101 1629 227 1689 παρτου
249 1633 300 1672 ναι
322 1602 480 1696 α’νηρότου
507 1614 562 1697 τῆς
590 1618 647 1698 γῆς
670 1615 779 1679 ου’των
808 1618 980 1699 ἑαθιίσης,
1010 1620 1056 1692 εἰς
1077 1615 1205 1702 ὀλίγους

97 1707 366 1792 {semisomnos
409 1735 462 1776 ναι
486 1709 615 1790 τούτους
639 1715 723 1799 φοοδ
743 1715 786 1803 τῷ
806 1719 869 1781 ταῖν
893 1711 1165 1802 Μυρμιδόνων
1136 1743 1206 1801 αρ-

100 1829 193 1888 χοντι
222 1813 419 1894 προσρυῆναι
450 1818 504 1879 κατ’
540 1817 614 1898 παρ’
644 1816 748 1879 edroi
777 1818 995 1900 διασπαρῆναι
1026 1825 1096 1892 ταῖς
1124 1817 1207 1904 ἄμφ’

59 1921 92 1976 15
101 1905 202 1974 αὐτὸν
223 1907 345 1993 πόλεσι,
368 1916 423 1978 καί
442 1913 502 2000 τήν
528 1917 613 1981 ι’διδιν
633 1920 691 1999 γῆν
712 1913 830 2002 ἔρημον
850 1917 1032 2002 α’γθραδπων
1060 1925 1207 1984 καταλει-

102 2011 228 2093 φθῆναι
258 2013 467 2081 παντάπασιν.
512 2011 583 2081 ὅσοι
608 2019 643 2080 δὲ
663 2020 851 2110 προσῆλθον
877 2020 922 2103 τῷ
949 2020 1012 2082 τιόν
1037 2018 1205 2100 Ῥωμαίων

99 2113 234 2190 βασιλεῖ
251 2115 321 2196 (καί
339 2111 397 2197 γὰρ
433 2121 615 2201 προσῆλθον
643 2122 761 2204 τινές),
780 2119 902 2201 ’χώραν
928 2121 1076 2202 λαβόντος
1105 2122 1206 2205 δημο-

98 2210 176 2276 σίαν
198 2209 261 2275 αἰιό
283 2216 339 2296 τῆς
362 2219 584 2302 Μακεδονικῆς
603 2216 643 2282 τοὶ
665 2216 1033 2305 Ῥωμαιίυνέφρόννγοαν,
1055 2219 1206 2303 ναίοδμ-

99 2335 202 2393 μαχοι
224 2312 344 2380 τούτων
365 2321 398 2394 ἐξ
418 2317 538 2383 ἐκείνου
557 2324 655 2438 μέχρι
679 2322 735 2402 τῆς
754 2320 852 2402 δεῦρο
873 2321 1032 2402 γεγόνασι,
1054 2321 1139 2388 καθὰ
1165 2322 1203 2406 δὴ

56 2415 156 2482 toxos
176 2435 239 2477 των
253 2417 468 2496 Πατζινοίνων
491 2411 626 2500 τινές,’
608 2443 678 2486 οουι
700 2419 825 2495 τούτοις
844 2425 1124 2504 παρωμοιωμὲνως
1145 2445 1206 2502 μι-

96 2516 244 2597 τδθιντο,
279 2539 331 2581 και
361 2518 549 2602 ἀξιωμάτων
580 2519 795 2623 συγκλητικῶν
828 2523 883 2585 toi
914 2525 1070 2605 λαμπρων
1107 2514 1206 2606 η’ξιοδ-

96 2621 253 2704 θησαν

200 2720 274 2812 Πρὸ
299 2723 335 2784 δὲ
355 2720 468 2786 τούτου
489 2728 547 2790 τυδ
573 2723 676 2808 ἔτους,
698 2722 779 2790 κατὰ
802 2724 856 2791 τὸν
879 2727 1088 2817 οεπτδμβριον
1118 2728 1205 2812 μῆνα

436 2882 475 2922 ως

174 2929 218 2982 20.
236 2931 517 3006 παρωμυωμένοιῦ.

102 3073 130 3116 et
149 3064 278 3132 applausu
296 3066 495 3121 benevolentia.
539 3069 692 3119 tribuuntur
714 3074 805 3120 autem
829 3067 939 3135 regibus
964 3083 1033 3135 quae
1058 3066 1203 3130 accidunt,

101 3139 227 3204 quoniam
248 3146 274 3189 et
291 3141 375 3191 maior
394 3141 557 3204 vituperatio
579 3146 606 3189 et
624 3138 764 3204 aegritudo
787 3145 892 3200 eorum‚'
908 3141 980 3206 quae'
994 3152 1049 3189 non
1060 3137 1204 3204 prudenter

101 3217 227 3276 aguntm,
248 3218 274 3260 ct
292 3210 412 3262 hilaritas
435 3209 529 3259 eodem
547 3209 625 3272 modo
646 3222 746 3270 eorum,
767 3223 835 3274 quae
854 3208 924 3261 bene
943 3210 1028 3273 flunt,
1055 3209 1152 3260 merito
1171 3208 1204 3259 ad

102 3295 151 3331 eos
169 3279 340 3333 deferuntur:
362 3283 432 3333 sicut
450 3279 483 3328 ad
502 3293 624 3329 curruum
643 3278 836 3346 gubernatores
855 3296 945 3349 neque
970 3295 1037 3333 vero
1061 3280 1094 3332 ad
1119 3293 1203 3348 equos

102 3351 148 3418 qui
168 3351 231 3402 iude
251 3353 380 3404 eveniunt
399 3365 550 3401 successus.

201 3439 285 3490 Huius
304 3447 392 3490 autem
405 3437 498 3504 popuii
518 3437 638 3503 Scythici
654 3438 702 3490 aiii
722 3439 816 3490 Istrum
846 3441 1006 3507 transgressi
1032 3438 1102 3490 fame
1129 3439 1204 3489 iuss·

99 3507 186 3560 nubili
205 3510 334 3572 coniecti,
351 3521 409 3559 eum
428 3518 455 3560 et
474 3509 606 3570 frumento
626 3519 750 3562 carerent
768 3525 820 3561 nee
831 3510 966 3575 fruetuum
977 3511 1085 3576 quidem
1104 3523 1204 3574 exspa-

101 3582 247 3632 ctatiouem
266 3578 404 3643 haberent,
423 3582 481 3632 siue
499 3589 594 3648 segete
614 3589 640 3632 et
658 3582 760 3633 incultu
779 3591 850 3632 terra
869 3597 960 3632 eorum
981 3579 1092 3642 relicta,
1112 3579 1205 3644 paucis

61 3663 63 3670 ’
101 3651 224 3716 exceptis
244 3651 391 3716 perierunt,
411 3661 491 3719 atque
511 3653 561 3703 hos
580 3653 671 3704 dicuat
686 3653 878 3718 Myrmidonum
896 3652 957 3702 duci
975 3648 1113 3708 affluxisse
1127 3657 1154 3701 et
1172 3648 1205 3700 ab

103 3737 135 3773 eo
155 3721 292 3787 dispersos
312 3737 371 3774 esse
390 3724 416 3773 in
435 3723 545 3774 urbibus
562 3723 633 3774 circa
654 3739 714 3774 eum
739 3725 807 3786 sitis,
827 3730 855 3773 et
877 3721 1013 3787 propriam
1039 3727 1136 3772 terram
1157 3735 1205 3773 or.

101 3793 191 3844 batam
210 3789 359 3845 hominibus
386 3795 507 3845 relictam
532 3809 592 3844 esse
616 3797 741 3858 omniuo,
771 3800 902 3861 quotquot
927 3799 1015 3843 autem
1034 3800 1206 3852 accesserunt

101 3865 136 3914 ad
155 3864 315 3917 Graecorum
333 3881 424 3932 regem
445 3867 559 3934 (etenim
577 3873 750 3916 accesserunt
767 3861 906 3930 nonnulli)
926 3871 1023 3915 terram
1040 3865 1205 3930 accipientes

105 3935 239 4002 publicam
258 3950 292 3986 ex
308 3937 472 4000 Macedonia,
491 3952 506 3987 a
525 3936 687 3987 Graecorum
708 3943 784 4000 parte
803 3941 949 4000 steterunt,
970 3943 997 3986 et
1020 3937 1088 3987 socii
1112 3935 1206 3984 borum

105 4003 241 4058 exilio
226 4008 362 4090 usquead
375 4008 433 4059 boc
454 4016 557 4074 tempus
578 4007 699 4069 fuerunt,
719 4007 789 4058 sicut
807 4005 887 4056 etiam
905 4005 1106 4058 Patriuacorum
1134 4017 1205 4055 uou-

104 4076 174 4130 uulii
191 4079 238 4145 qui
259 4079 291 4129 ad
309 4077 358 4130 bos
377 4079 500 4130 similiter
509 4079 688 4130 transierunt
710 4084 737 4128 et
755 4076 902 4131 honoribus
913 4078 1056 4130 senatoriis
1074 4084 1102 4126 et
1111 4072 1205 4142 splen

107 4149 174 4202 ditis
194 4149 296 4217 dignati
316 4157 385 4202 sunt.

205 4239 275 4292 Ante
294 4239 365 4292 bunc
384 4246 474 4292 autem
492 4253 589 4292 anuum
607 4237 758 4307 septembre
776 4252 869 4292 meuse
887 4237 1034 4290 indictione
1050 4233 1206 4290 vicesimam
