2875 4734
584 286 814 383 ‘memma
1188 282 1262 357 sor

166 479 242 543 ρους
264 450 535 540 ἀπεργασόμενος,
555 440 658 527 οὕτως
674 452 720 528 εἰς
742 450 800 535 τήν
820 448 938 517 ἑαυτοῦ
958 449 1191 543 δοόλωσινμιαέ
1208 451 1265 514 πό-

165 584 237 626 στιν
258 560 450 642 διτθέρμανε
472 555 528 618 καέ
548 557 603 634 τῆς
626 555 730 617 αότοό
749 557 914 635 βασιλείας
947 551 1085 637 έραστός
1104 546 1264 635 ώπτιργό-

164 683 253 746 coto,
272 659 316 734 ώς
337 658 394 722 κατ’
414 650 545 736 ἄλλους,
566 649 646 738 dds)
670 658 813 739 λέγεται,
842 660 993 739 γενέσθαι
1022 658 1056 733 d}
1084 649 1188 719 όλλων
1208 656 1263 717 κατ’

165 770 231 836 τοῖς
252 758 313 825 σόν
336 760 422 845 αότήι
437 756 608 838 Ῥωμαίοις
631 753 814 839 ὁμονοῆσαι,
836 758 892 821 καί
910 760 985 837 μιοῖς
1004 758 1155 840 γενέσθαι
1177 778 1263 835 συμ-

139 864 269 949 5φυΐας
290 864 345 925 κατ’
369 854 553 932 δεσποτείας
573 859 607 921 έν
627 858 666 943 τῇ
685 852 798 921 ἓνώσοι
826 860 885 940 τής
904 856 1037 934 πιόντεως
1059 855 1114 921 κατ’
1135 858 1268 940 εἰλικρι-

166 964 239 1038 νοός
258 965 445 1035 διαθέσεως.
500 960 574 1022 τότε
603 955 664 1041 γάρ
696 958 903 1042 πεπλήρωται
927 956 961 1023 τό
991 956 1198 1044 προφητιιιόν,
1220 950 1268 1020 ότι

167 1058 330 1146 πρόβατον
350 1060 431 1143 μετὰ
455 1058 561 1125 λόκων
580 1056 900 1144 συμβοσιιηθήσονται
923 1059 977 1124 καί
990 1056 1165 1147 παρδάλεις
1185 1053 1267 1140 perd

168 1160 300 1247 ἐρίφων.
500 1166 503 1169 ’
904 1214 913 1229 ,

269 1265 340 1327 Κατ’
359 1264 393 1326 τι“
411 1261 447 1326 τό
468 1264 616 1327 έντεόθεν
627 1290 639 1344 ,·
664 1264 859 1347 στρατιώτας
875 1264 1052 1345 Ῥωμαίους
1072 1266 1141 1345 μετ’
1162 1261 1271 1328 αότών

48 1381 52 1385 “
124 1360 186 1431 1οό
209 1359 424 1447 Βοτανοιότης
454 1350 702 1448 παραμετρήαας
724 1363 778 1427 καί
799 1369 893 1446 μιξας
924 1368 957 1429 ἓν
979 1361 1098 1439 ου’τούς
1119 1366 1270 1447 πεποίησο

167 1460 331 1545 σόνταγμό
354 1485 389 1526 το
422 1464 479 1527 κατ’
504 1460 715 1545 στράτευμα,
745 1470 801 1528 κατ’
830 1465 875 1539 εἰς
897 1462 955 1547 τήν
977 1462 1149 1548 ἀντιπέρας
1170 1453 1270 1545 όχθην

172 1564 229 1645 τῆς
247 1562 481 1647 βασιλευούσης
512 1564 704 1633 (ἐπέστειλεν.
743 1563 783 1631 ,οἳ
800 1568 855 1634 κατ’
875 1560 1102 1650 προολθόντὲς,
1124 1564 1180 1628 καί
1197 1562 1272 1645 περὶ
1306 1588 1309 1591 ·

130 1697 133 1710 =
167 1662 225 1747 τήν
248 1663 442 1749 Χαλκηδόνα
464 1663 519 1730 κατ’
538 1662 747 1748 Χρυσόπολιν
775 1664 947 1749 πηξάμενοι
969 1662 1025 1739 τός
1047 1666 1175 1749 σκηνάς,
1196 1657 1270 1743 όρτι

167 1766 225 1828 τοῦ
244 1766 383 1846 μαρτέαν
404 1762 502 1849 μηνός
524 1768 577 1847 τής
601 1764 729 1850 πρώτης
758 1766 950 1841 ἰνδικτιώνος
978 1768 1012 1829 έν
1040 1773 1109 1841 ταῖς
1130 1760 1271 1850 πρώταις

125 1874 159 1931 15
169 1867 343 1941 καλάνδαις
363 1864 589 1949 τυγχάνοντος,
620 1864 739 1949 πολλήν
761 1870 925 1951 θυμηδίαν
953 1874 1017 1941 τοῖς
1038 1868 1179 1939 πολίταις
1200 1866 1270 1946 ένῆ.

167 1993 235 2049 ναν,
257 1961 420 2053 μαθοῦσιν
433 1961 483 2031 ότι
505 1971 563 2032 τοό
575 1964 785 2033 Βοτανειότου
806 1957 1153 2049 α’πόστολυτυέτυιρκαί
1170 1980 1299 2046 erpo-t.
1318 1980 1401 2036 2261.

166 2072 278 2134 ττώται
300 2072 481 2150 κατέλαβον.
536 2060 621 2152 ήραν
649 2067 712 2152 γόρ
745 2066 856 2154 φωνήν
882 2062 1027 2143 ἅπαντος.
1059 2063 1116 2145 καί
1133 2060 1268 2149 χόριτας

168 2169 391 2256 α’πέντμονιτιή
412 2171 488 2257 θεῷ,
508 2166 621 2235 καθότι
641 2169 820 2251 Ῥωμαϊκὰς
848 2164 933 2235 εἶδαν
955 2166 1108 2250 δυνάμεις
1128 2168 1185 2230 κατ’
1202 2188 1270 2231 τοι-

167 2270 254 2332 αῦτα
273 2268 540 2352 περιπττόσματα
561 2272 604 2358 τῷ
623 2267 707 2359 τόπρι
742 2269 840 2359 τοότηι
863 2266 1113 2353 ἐπιδημήσαντα.
1154 2263 1271 2347 χρόνος

124 2365 227 2453 μογόρ
249 2366 470 2453 παρελήλυθεν
490 2366 597 2445 ἱκανός
614 2369 672 2456 ἀφ’
693 2362 960 2452 ότανῬανμαιόυς
983 2368 1041 2432 oda
1062 2366 1154 2450 ἔσχον
1177 2365 1193 2428 ὃ
1216 2360 1271 2429 τό-

133 2482 137 2489 ’
168 2491 226 2544 noc
248 2467 363 2544 ἐκεῖνος
385 2453 598 2554 ἐπιφανέντας
629 2468 663 2535 τό
681 2470 824 2535 υόνυλον.
879 2468 1028 2555 Τοόρκων
1048 2465 1108 2552 γόιρ
1138 2463 1192 2533 ἕπτ’
1209 2468 1270 2531 τών

104 2589 110 2602 ’
168 2569 294 2655 ἦμδρῦν
309 2571 368 2634 1⁰¹5
390 2567 532 2656 Μιχαὴλ
567 2574 683 2655 ἐγένετο
714 2571 912 2657 καταγώγιον
943 2575 1000 2636 κατ’
1022 2572 1145 2654 πολλών
1169 2563 1269 2648 αἱμό-
1321 2632 1324 2637 ,

171 2692 235 2735 των
258 2672 498 2756 Χριστιανικών
517 2672 739 2759 μολυντήριον,
761 2674 817 2738 καί
842 2673 879 2739 τὸ
902 2676 966 2739 πᾶν
988 2668 1104 2759 ἔρημος
1126 2666 1180 2736 καὶ
1198 2668 1270 2733 ἄνι’-
1366 2716 1372 2724 .

170 2960 254 3011 tiores
272 2958 564 3032 benevolentioresque
582 2964 696 3016 reddens
714 2963 752 3013 ita
779 2962 829 3014 sibi
849 2963 881 3012 ad
899 2952 1055 3015 sorditatem
1075 2968 1102 3013 et
1120 2960 1198 3012 fldem
1218 2960 1271 3013 ex.'
1367 2964 1374 2972 “

170 3030 268 3084 citabat
288 3040 369 3102 atque
384 3035 426 3087 sui
445 3036 524 3103 regni
542 3042 659 3086 amantes
682 3034 761 3085 fecit:
782 3034 818 3083 ita
836 3040 865 3083 ut
884 3032 1030 3095 etiamalii‚
1049 3033 1076 3085 id
1086 3032 1157 3099 quod
1183 3032 1266 3099 aiunt,

170 3103 267 3155 fierent
287 3120 320 3155 ex
339 3105 400 3157 aliis
420 3113 448 3155 et
469 3120 528 3155 curn
555 3106 613 3155 eius
640 3102 765 3154 Romanis
792 3104 983 3166 consentirent,
1012 3110 1039 3153 et
1065 3102 1144 3154 unius
1172 3102 1269 3155 fierent

170 3175 367 3229 coniunctionis
388 3183 414 3225 et
433 3175 619 3224 dominationis
639 3174 666 3241 in
685 3172 786 3223 unitate
805 3174 867 3225 fidei
892 3182 917 3224 et
945 3174 1066 3241 integrae
1095 3173 1267 3225 constitutio.

168 3247 220 3297 nis.
257 3247 400 3298 tamenim
420 3259 486 3293 vera
503 3244 573 3294 facta
592 3252 633 3297 est
651 3244 781 3295 divinatio
800 3244 857 3308 illa,
878 3260 944 3298 oves
964 3260 1022 3296 cum
1043 3244 1114 3315 lupis
1133 3244 1212 3297 simul
1240 3252 1267 3299 et

169 3316 291 3384 pardales
309 3331 368 3367 cum
384 3307 479 3365 hoedis
496 3323 599 3381 pastum
619 3316 662 3365 iri.

269 3410 339 3476 Quid
356 3409 477 3461 deinde?
512 3410 612 3464 milites
630 3412 764 3465 Romanos
783 3427 842 3463 cum
859 3413 893 3465 iis
917 3412 1071 3467 Bolaniates
1097 3428 1214 3482 aequans
1241 3422 1268 3465 et

168 3483 283 3535 miscens
301 3496 380 3531 unum
399 3482 484 3533 exiis
509 3482 574 3533 fecit
593 3482 711 3534 ordinem
732 3492 759 3535 et
780 3486 925 3536 exercitum
948 3488 1020 3536 etin
1039 3485 1179 3537 adversum
1204 3484 1267 3537 litus

168 3553 242 3604 urbis
260 3553 349 3604 misit:
370 3554 415 3619 qui
435 3555 513 3603 etiam
533 3555 670 3621 progressi
690 3564 716 3605 et
736 3556 808 3606 cirea
828 3554 1024 3609 chalcedonem
1044 3564 1070 3605 et
1089 3554 1268 3621 Chrysopolin
1365 3612 1368 3615 ,

168 3625 282 3692 figentes
302 3624 427 3686 tentoria,
448 3639 507 3674 curn
525 3625 603 3675 modo
622 3626 728 3677 adesset
750 3628 848 3679 mensis
873 3627 981 3677 martius
995 3627 1095 3692 primae
1115 3625 1268 3677 indictionis

169 3694 261 3762 primis
281 3694 410 3759 calendis,
428 3695 538 3746 multum
557 3696 681 3763 gaudium
702 3697 807 3749 civibus
826 3698 986 3759 iniecerunt,
1015 3712 1073 3746 cum
1098 3696 1268 3748 animadver-

168 3773 266 3829 terent,
287 3765 445 3829 Botaniatae
462 3768 560 3819 missos
580 3766 629 3818 hos
649 3775 676 3817 et
695 3767 794 3818 milites
817 3768 976 3819 advenisse:
1006 3768 1171 3820 sustulerunt
1199 3769 1268 3818 enim

169 3836 312 3888 clamorem
334 3851 429 3889 omnes
456 3846 483 3889 et
507 3839 606 3904 gratias
633 3838 785 3889 tribuerunt
809 3840 878 3890 deos
905 3838 967 3905 quia
991 3838 1122 3892 Romanas
1141 3838 1268 3892 videbant

169 3909 241 3960 vires
261 3915 288 3958 et
305 3907 369 3958 talia
387 3910 521 3974 praesidia
539 3909 572 3959 ad
590 3908 661 3959 lrnnc
679 3909 768 3960 locum
787 3910 938 3962 advenisse.
975 3918 1077 3977 tompus
1097 3913 1168 3963 enim
1185 3924 1266 3975 prae.
1311 3954 1322 3971 ,

168 3980 278 4031 terierat
295 3986 336 4029 sat
360 3994 498 4046 magnum,
525 3995 558 4029 ex
586 3995 639 4047 qno
663 3981 796 4031 Romanos
820 3994 875 4030 non
903 3980 1015 4032 haberet
1038 3982 1114 4035 locus
1141 3979 1189 4031 ille
1215 3995 1265 4047 ap-

167 4060 292 4117 parentes
311 4048 429 4100 omnino!
448 4050 589 4101 Turcarnm
601 4052 671 4101 enim
688 4050 782 4102 dicbus
801 4050 940 4104 Michaelis
961 4062 1018 4105 erat
1036 4052 1218 4104 deversorium
1239 4059 1265 4103 et

167 4122 244 4173 multi
264 4121 401 4189 sanguinis
423 4120 566 4174 Christiani
585 4122 677 4174 sordes
697 4130 725 4173 et
744 4123 851 4173 omnino
874 4122 949 4177 locus
968 4138 1068 4174 vacuus
1094 4130 1121 4173 et
1144 4122 1264 4189 desertps

167 4200 196 4244 ct
213 4194 367 4251 inaccessos
386 4202 452 4247 erm.
474 4200 614 4264 postquam
632 4200 720 4246 autem
739 4201 793 4247 tarn
817 4201 997 4263 apparuerunt
1020 4194 1165 4257 Romanae·
1178 4193 1265 4247 domi.
