2875 4734
538 135 543 141 ’
594 195 803 262 uternam
1183 192 1253 266 stu

67 415 72 423 .
151 351 350 431 διεξίδεοτσς
373 351 428 418 καί
447 351 635 439 κρημνώδης
654 359 710 420 καί
731 358 905 438 δυνάμενος
926 356 1062 441 στρατόν
1083 361 1257 425 διασκεδά-

152 483 211 522 σαι-
236 457 292 519 ιιαί
322 454 524 540 παραστῆσαι
551 456 751 522 ἀσύντακτον
790 459 845 522 καί
872 457 930 533 τὰς
958 456 1058 534 ὁπλὰς
1087 460 1256 545 ἐπιτρῖψαι

151 560 217 622 τῶν
239 561 363 620 ἵππων·
406 550 482 639 ὅπερ
507 554 563 620 καί
583 558 634 641 ἐφ’
661 556 752 640 ἡμῶν
775 562 1026 644 πρσσνμβίβηκε.
1080 558 1135 623 καί
1155 558 1174 643 ἦ
1198 563 1255 624 τοῦ

152 661 309 741 βασιλέως
338 657 428 745 φημη
458 659 613 740 περιδεεῖς
643 657 762 736 ου’τοίς
786 658 1008 743 ἀπειργάζετο.
1065 659 1119 724 διὰ
1155 662 1255 726 ταῦτα

125 763 208 824 διαί
234 758 292 842 την
313 763 373 840 μὲν
400 756 504 840 ὁρμὴν
536 766 601 834 τοῖς
623 761 778 836 ἐναντίαις
805 761 899 825 ταυτί
927 761 1136 846 ιξιεκαὶλοσεν·
1180 761 1256 824 σ’πι-
1310 768 1315 777 ’

151 858 330 945 σθίρμητοι
351 860 386 924 δὲ
408 859 570 940 γενόμενοι
600 863 673 940 μεθ’
696 851 734 942 ἧς
758 859 933 944 ἐκράτησαν
961 863 1047 935 λείας
1069 859 1124 926 tut
1137 857 1173 925 τὸ
1194 861 1256 924 δν-

151 957 240 1026 τικόν
259 963 367 1044 μέρος,
390 951 512 1024 ἄνωθεν
533 959 587 1041 τῆς
606 962 786 1044 Μελιτηνῆς
808 963 1095 1042 διαπεραιωθέντες
1115 959 1168 1026 τὸν
1185 960 1254 1024 Eo-

67 1089 101 1158 ι’
153 1057 289 1182 φράτην,
313 1057 394 1124 coto*
418 1060 474 1123 τοῦ
494 1060 634 1138 teporo:
657 1061 885 1123 Καππαδοκῶν
911 1059 989 1124 κατὰ
1012 1058 1047 1124 τὸ
1073 1061 1254 1141 εἰθισμένον

152 1159 263 1234 adroic
283 1161 428 1242 σίκραταῑς
462 1153 608 1240 ἤλαυνον,
631 1158 896 1243 καταληιζόμενοι
920 1163 979 1240 μὲν
1013 1157 1048 1224 τὸ
1072 1157 1255 1243 προστυχὸν

107 1273 143 1326 10
153 1261 187 1334 εξ
208 1259 381 1342 ὲφόδσο,’
366 1261 584 1382 τφορμῶντες
586 1260 621 1321 δὲ
642 1262 839 1346 πανστρατιᾷ
870 1259 950 1323 κατὰ
968 1263 1024 1342 τῆς
1044 1265 1104 1325 τοῦ
1123 1261 1253 1326 Ἰκονίου

153 1360 364 1434 πολιτείας·
379 1351 417 1440 ἦν
446 1358 506 1442 γὰρ
535 1345 606 1422 τότε
634 1355 751 1440 πλήθει
784 1381 817 1421 τε
839 1383 893 1422 και
920 1363 1050 1441 μεγέθει
1075 1360 1200 1445 ἀνδρῶν
1218 1383 1253 1425 σε

152 1463 208 1522 καί
227 1459 334 1524 οἰκιῶν
355 1462 411 1523 καί
429 1461 490 1523 τοῖν
513 1451 617 1522 αλλων
632 1459 783 1543 χρηστῶν
800 1483 852 1523 και
843 1453 1018 1544 ζηλωτων
1041 1462 1254 1548 διαφέρουσα,

151 1562 209 1623 καί
232 1552 321 1637 ζείων
342 1560 550 1624 παντοδαπῶν
569 1562 642 1642 γε’νη
662 1561 837 1645 τρέφουσα.

252 1661 547 1744 Προσκαρτερησας
570 1657 585 1722 ὅ
608 1660 760 1745 βασιλεῦς
786 1662 831 1733 εἰς
855 1663 1032 1743 Κελεσίνην
1059 1662 1111 1746 ἐφ’
1131 1650 1158 1751 ᾧ
1178 1658 1253 1735 τούς

107 1763 372 1833 terraemotum
393 1761 438 1832 εἰς
460 1757 515 1843 την
538 1759 742 1844 παρεμβολήν
761 1757 989 1840 ὑποδέξασθαι,
1012 1763 1064 1825 ἵνα
1083 1761 1128 1846 μη
1149 1786 1252 1827 κατα-

151 1859 387 1943 λαμβανόμενοι
408 1857 564 1944 σποράδες
592 1863 625 1936 ἐξ
646 1857 767 1943 ἐρήμης
790 1859 850 1923 ὑπὸ
876 1861 940 1925 τῶν
966 1860 1142 1943 Ἀρμενίων
1166 1859 1252 1925 ‹tnt-

151 1968 292 2041 λανται,
325 1959 456 2024 κατόπιν
486 1961 549 2024 τοῖν
576 1958 726 2025 ἐναντίων
753 1962 785 2024 ἐν
808 1962 853 2048 τῷ
886 1960 1101 2048 ὑποστρέφειν
1120 1959 1250 2046 ἐγίνετο.

152 2061 223 2128 ἐπεί
248 2063 304 2124 καί
330 2062 433 2142 κρίσιν
455 2062 606 2145 ἔπε’στησο
639 2060 757 2142 μεταξύ
781 2063 840 2125 τοῦ
861 2063 942 2127 λαοῦ
960 2065 1016 2127 καί
1034 2064 1092 2126 τοῦ
1114 2087 1253 2148 στρατη-

83 2180 85 2186 ’
151 2167 222 2245 γοῦ,
241 2165 271 2227 εί
290 2161 345 2226 καί
365 2163 460 2228 οὐδὲν
484 2157 551 2226 κατ’
570 2159 699 2236 οὐδενὸς
722 2161 912 2247 ἀπεφάνθη,
937 2165 1172 2248 ψηφισαμένων
1193 2168 1254 2245 μὲν

106 2262 294 2349 ποδισὶφορα
323 2265 418 2327 τινῶν
447 2264 502 2325 καί
528 2260 840 2345 γνωματεσσιίντανν,
869 2265 950 2344 ἐμοῦ
983 2264 1018 2325 δὲ
1047 2261 1254 2344 καταγνόντος

152 2361 207 2428 dud
230 2367 420 2448 προπέτειαν
440 2361 495 2426 καί
515 2362 708 2448 ἀμφοτέρων
729 2360 763 2426 ὲν
780 2365 978 2482 ρι’μφοτὲροις
1001 2363 1181 2444 ἀσθένειαν,
1203 2358 1254 2428 ὅτι

103 2491 105 2495 ·
152 2460 234 2548 πλην
254 2467 311 2527 τοῦ
342 2467 498 2545 βασιλέως
526 2465 667 2530 odde'a'
652 2489 721 2529 εστι
751 2461 787 2527 τί
812 2466 967 2528 σννιστοόν
995 2471 1061 2538 τοῖς
1078 2462 1253 2544 ‘'Pmpoetotg

152 2563 207 2630 τὸν
228 2565 377 2647 πόλεμον,
397 2567 427 2631 εἰ
445 2568 489 2649 μή
510 2589 571 2632 πον
597 2567 703 2652 δεήσει
723 2563 804 2651 πρὸς
826 2562 1008 2650 ἀλλήλων’
992 2567 1156 2649 τριστικῶς
1177 2566 1252 2632 δια-

153 2661 329 2751 μάχεσθαι.

226 2792 269 2848 21.
289 2790 326 2846 δι’
344 2794 534 2869 απροπίτειαγ
552 2796 582 2852 0.

154 2937 286 3004 dissipare
305 2947 331 2990 et
342 2941 453 2993 reddere
472 2942 630 2995 dissolutum
651 2950 678 2994 et
690 2942 806 3010 ungules
818 2942 952 2992 conticere
972 2955 1115 3007 equorum3
1134 2940 1161 2991 id
1183 2942 1254 3008 quod

156 3010 234 3061 etiam
256 3010 334 3062 nobis
360 3022 437 3065 antea
464 3016 621 3080 contigerat.
668 3021 748 3080 atque
772 3012 846 3078 regis
871 3011 940 3061 fama
965 3011 1044 3062 valde
1071 3011 1177 3062 timidos
1207 3025 1253 3063 eos

154 3081 283 3134 reddidit:
302 3094 445 3151 propterca
463 3087 539 3134 etiam
559 3085 684 3148 impetum
704 3082 809 3148 quidem
823 3080 944 3132 hostibus
960 3080 1028 3131 haec
1046 3080 1253 3144 impediverunt.

155 3155 259 3205 reversi
286 3163 373 3207 nutem
393 3170 452 3205 cum
476 3152 574 3218 praeda
594 3169 670 3220 quam
696 3152 865 3203 obtinuerant
884 3153 915 3202 ad
942 3151 1134 3202 occidentalem
1152 3158 1254 3216 partem

155 3238 234 3289 supra
253 3226 398 3277 Melitenen
419 3224 583 3276 traiicientes
593 3223 754 3290 Euphratem
775 3232 866 3275 contra
883 3224 1048 3291 provinciam
1068 3223 1253 3289 Cappadocum

133 3295 191 3347 'ex
208 3312 282 3347 more
307 3313 356 3348 suo
381 3295 577 3346 incontinenter
605 3295 856 3362 proficiscebantur,
885 3297 1044 3362 praedantes
1062 3295 1132 3364 quod
1150 3295 1183 3346 iis
1202 3292 1254 3345 ob-

155 3368 225 3420 viam
244 3369 305 3430 iret,
325 3369 410 3432 primo
430 3367 539 3433 impetu,
560 3376 586 3418 et
604 3368 793 3435 aggredientes
809 3375 867 3418 toto
887 3384 946 3419 cum
968 3367 1088 3418 exercitu
1106 3366 1192 3418 Iconii
1211 3365 1254 3414 oi-

155 3439 280 3490 vitatem:
302 3445 358 3488 crat
377 3439 446 3488 enim
464 3447 517 3490 tum
537 3438 705 3490 multitudine
726 3447 751 3489 ct
766 3440 946 3507 magnitudine
965 3440 1083 3490 virorum
1102 3437 1255 3488 domorum-

156 3525 209 3576 que
229 3517 255 3558 et
274 3515 422 3560 ceterorum
441 3526 509 3578 quae
528 3512 681 3562 necessaria
699 3517 761 3562 sunt
780 3520 806 3562 et
825 3519 923 3577 optata,
941 3518 1088 3576 praestans,
1108 3515 1135 3557 et
1152 3507 1255 3556 anime-

155 3582 220 3631 lium
240 3579 356 3630 omnium
374 3597 474 3649 genera
493 3581 589 3634 alebat.

255 3650 357 3704 Durans
376 3669 426 3703 rex
443 3653 594 3718 Kelesinae‚
614 3662 643 3704 ut
662 3663 785 3705 servatos
808 3655 836 3704 in
855 3660 942 3703 castra
959 3651 1104 3716 reciperet,
1123 3663 1159 3699 ne
1178 3663 1252 3698 oom-

155 3721 283 3790 prehensi
302 3726 412 3790 sparsim
436 3733 546 3791 propter
566 3725 736 3777 solitudinem
761 3740 809 3789 per
826 3724 967 3778 Armenios
994 3723 1124 3787 perirent,
1142 3737 1158 3771 a
1177 3728 1253 3786 tergo

156 3795 270 3846 hostium
290 3796 418 3847 recedens
438 3797 522 3859 venit,
543 3813 600 3848 cum
627 3798 706 3846 etiam
734 3796 862 3845 iudicium
882 3794 1057 3844 constitueret
1076 3795 1146 3844 inter
1164 3807 1253 3859 popu.

155 3866 210 3916 lum
230 3873 256 3915 et
275 3866 480 3932 imperatorem,
502 3866 565 3918 licet
583 3867 650 3917 nihii
671 3867 703 3916 de
730 3864 785 3915 utta
812 3883 841 3915 re
864 3873 1026 3928 censeretur,
1046 3881 1106 3915 cum
1125 3866 1256 3916 sentirent

157 3939 263 3988 diversa
283 3938 387 4006 quidam
408 3946 434 3987 et
451 3945 592 4003 putarent,
613 3953 664 4005 ego
684 3941 779 3987 autem
796 3951 934 3988 censerem
953 3945 1062 4003 propter
1080 3936 1256 3985 temeritatem

159 4017 185 4058 ot
204 4016 376 4076 utrorumque
396 4011 424 4059 in
442 4011 561 4076 utrisque
580 4009 768 4071 infirmitatem,
786 4017 892 4075 praeter
909 4023 999 4076 regem
1012 4007 1079 4057 nihii
1099 4020 1168 4069 csse,
1187 4005 1257 4074 quod

166 4079 275 4135 Graecis
295 4079 395 4136 bellum
417 4082 542 4144 firmaret,
562 4081 613 4134 nisi
634 4081 703 4132 forte
722 4080 792 4131 inter
810 4096 840 4134 se
859 4088 963 4140 certare
982 4079 1118 4130 deberent.
