2875 4734
189 196 258 268 τοι
486 142 704 266 arcemus
730 190 991 261 ιττιιιοτιε

290 364 469 434 Μέλλοντος
492 349 549 422 ούν
575 361 632 422 τού
654 359 811 440 βασιλέως
835 353 889 418 διά
912 356 971 417 τού
991 352 1185 476 καλουμένου
1202 355 1292 412 πολι-

188 469 280 548 χνίου
305 461 459 584 Κεράμου
482 457 559 544 πρὸς
582 456 638 534 τάς
661 483 676 550 ρ
664 449 765 540 χθας
787 480 843 521 του
830 454 1043 578 Εύφράτου
1065 453 1163 534 μέχρι
1185 445 1311 515 Meis-⁸

189 567 283 651 τηνῆς
297 562 351 628 τὸν
373 563 486 626 οικεῖον
506 554 705 642 διαβιβάζειν
719 555 869 642 στρατόν,
885 555 1076 640 άσύμφορον
1092 557 1187 618 πάλιν
1198 554 1292 616 τούτο

189 661 284 739 αύτύς
304 655 601 746 προπετεύσάμενος
623 655 826 778 ἐξεφύνησα,
848 653 891 732 ὥς
912 656 956 740 μὴ
981 656 1151 736 άναγκαῖον
1175 645 1208 716 δν
1229 655 1293 715 τάν

189 765 338 832 τοιούτων
360 781 477 847 μερων
499 755 717 848 φροντιζειν“
698 763 782 843 ημᾶς
793 744 1085 882 προηρημωμὲνων
1119 779 1215 819 οντων
1231 754 1318 817 και5
1394 750 1405 760 ’

187 868 454 985 περιηρημένων
451 865 557 948 πάσαν
578 860 638 946 την
654 862 827 941 εύκοσμίαν
851 860 958 922 αύταῖν
978 859 1013 920 ἐκ
1032 852 1235 941 διαφύρων’
1222 879 1292 918 επι·

189 967 371 1052 δρομάν,’
349 966 406 1084 αρ’
431 953 474 1027 ὧν
496 988 546 1026 και
569 963 682 1035 σπάνις
707 961 836 1043 ὀλεθρία
868 955 1059 1043 συναντήσει
1079 980 1131 1019 και
1154 954 1293 1036 κατατή-

189 1073 236 1146 ξει
253 1066 287 1131 τδ
311 1063 506 1149 στράτευμα.
551 1087 602 1126 και
625 1056 693 1141 άμα
712 1064 880 1143 χρονίσει
877 1056 931 1123 διά
948 1061 1116 1123 στενωπῶν
1135 1052 1292 1119 τοσούτων
1365 1135 1374 1147 ἢ

189 1170 321 1252 βαδίσαι
341 1168 475 1246 μέλλον,
506 1167 580 1228 καθ’
613 1161 645 1228 ἐν
672 1167 736 1226 τῶν
764 1161 945 1244 ὑποζυγίων
974 1161 1219 1242 ἠναγκασμένων
1237 1158 1293 1219 καί

190 1269 252 1332 ταῖν
274 1265 454 1349 άνθρούπων
472 1267 670 1348 διέρχεσθαι.
714 1260 769 1326 καί
796 1259 910 1325 τούτου
932 1257 1081 1342 μελήσειν
1101 1261 1223 1335 ἐξεῖπον
1245 1256 1294 1319 εί-
1305 1259 1339 1312 10

191 1363 254 1450 κός,
278 1359 363 1437 ὅπως
397 1365 439 1438 ὥς
468 1362 605 1446 τάχιστοι
639 1370 705 1436 τοῖς
727 1362 868 1425 άπαθέσι
905 1357 960 1422 καί
990 1355 1037 1422 ἔτι
1065 1354 1123 1438 την
1143 1352 1296 1420 σύστασιν

191 1465 302 1550 ἔχουσρ
324 1467 463 1545 θύμασιν
491 1464 685 1543 ἐπιστάμαν,
705 1460 834 1524 κάκεῖνα
859 1464 915 1543 τῆς
935 1460 996 1523 τῶν
1017 1455 1165 1522 ἐναντίων
1186 1458 1297 1539 διατη-
1359 1503 1384 1528 .,

193 1565 341 1650 ρήοωμεν
369 1562 481 1646 λώβης.
524 1561 642 1645 ταύτης
660 1553 725 1640 ioris
748 1564 803 1642 τῆς
825 1559 951 1642 γνώμης
973 1559 1219 1642 κεκρατηκυίας,
1241 1553 1294 1620 διά

138 1657 144 1669 ’
191 1665 245 1746 τῆς
268 1663 451 1737 Κολωνείας
482 1659 536 1724 καί
566 1663 629 1723 τῶν
648 1660 865 1742 Ἀρμενιακῶν
895 1654 1046 1739 θεμάτων
1072 1661 1170 1740 μέχρι
1186 1659 1297 1736 -Σιβα-

193 1767 300 1836 στειάς
333 1761 349 1825 δ
378 1759 531 1844 βασιλεύς
563 1759 622 1826 σύυ
648 1763 692 1850 spi
714 1757 926 1845 στρατεύματι
948 1755 1149 1842 διελήλυθεν.
1194 1759 1295 1820 ἐκεῖσε
1308 1758 1340 1811 15

195 1865 230 1927 δὲ
251 1859 446 1947 μεμαθηκώς
480 1862 524 1939 οἱς
556 1859 585 1925 οἱ
611 1863 748 1946 Τούρκοι
780 1860 939 1947 προῄεσαν
975 1862 1029 1924 ἐπί
1054 1855 1212 1924 Πισιδίαν
1240 1861 1297 1922 καί

195 1965 382 2028 Λυκαονίαν
413 1961 594 2038 ἐλαύνοντες
628 1965 682 2026 καί
712 1960 755 2036 nie
784 1964 830 2035 εἰς
858 1959 973 2025 σκοπὸν
1004 1955 1240 2040 άποτεινύμενοι
1259 1954 1294 2020 τδ

192 2063 328 2144 Ἰκόνιον,
352 2059 480 2150 άρμησε
501 2067 556 2128 καί
576 2061 673 2138 αύτδς
697 2069 763 2126 κατ’
785 2061 885 2146 ούράν
906 2059 1051 2126 ἐλαύνειν
1074 2061 1182 2124 αύτῶν
1201 2061 1298 2140 μέχρι

194 2165 249 2248 τῆς
270 2169 437 2248 λεγομένης
452 2165 507 2229 τού
523 2165 707 2252 Ἡρακλέος
721 2159 941 2245 κωμοπύλεως.
975 2163 1114 2227 ἐνταῦθα
1137 2161 1173 2224 δέ
1193 2182 1299 2240 μεμα-

112 2332 114 2338 ,
196 2263 303 2348 δηκιδς
332 2264 374 2339 αἱς
404 2265 433 2329 οἱ
460 2271 595 2348 Τούρκοι
617 2263 674 2350 την
700 2268 756 2329 τοῦ
789 2263 916 2328 Ἰκονίου
940 2267 1102 2327 πολιτείαν
1124 2273 1342 2342 serastes-20

196 2363 332 2446 ψάμενοι
365 2369 510 2450 χρονίσαι
532 2363 633 2451 ταύτη
657 2366 715 2428 ούκ
737 2366 983 2449 άπεθάρρησαν,
1004 2359 1144 2435 δεδιότες
1165 2357 1224 2442 την
1243 2360 1298 2423 τού

196 2468 353 2546 βασιλέως
376 2473 444 2528 κατ’
467 2469 574 2530 αύτοῖν
593 2465 767 2546 ἐπιδίωξιν,
789 2465 972 2546 άπύμοιραν
994 2467 1054 2543 μέν
1066 2485 1136 2526 τινα
1157 2465 1218 2525 τῶν
1239 2484 1299 2522 τα-

60 2584 81 2641 d.
94 2583 146 2640 194
160 2562 326 2651 νημάτων
347 2567 391 2642 εἰς
408 2569 559 2632 Κιλικίαν
575 2568 760 2653 ἐξέπεμψεν,
780 2569 1020 2653 ἐνωδησομένην
1033 2565 1077 2652 spi
1098 2567 1155 2648 τῆς
1176 2565 1298 2628 Ἀντιο-
1331 2581 1336 2594 ·

1410 1531 1434 1592 4

269 2767 295 2820 ’1.
314 2770 427 2836 κατηἝει
444 2767 475 2835 G,
491 2771 608 2832 καθέξει
625 2769 767 2836 interpres.

297 2939 362 2994 Cum
380 2937 463 3009 igitur
481 2940 567 2994 vellet
584 2956 634 2993 rex
651 2956 700 3008 per
719 2940 854 3007 oppidum,
875 2941 945 3007 quod
963 2946 1076 2992 vocatur
1094 2939 1241 3004 dommum,
1262 2940 1297 2991 ad

197 3013 268 3079 ripas
287 3011 429 3079 Euphratis
448 3028 533 3082 usquc
558 3013 590 3064 ad
610 3013 756 3065 Melitenen
775 3028 850 3064 suum
876 3013 1016 3063 traducere
1046 3013 1211 3075 exercitum,
1239 3025 1294 3061 non

197 3083 374 3152 utilelrursus
392 3086 443 3136 hoc
462 3100 514 3154 ego
534 3085 620 3136 audax
637 3084 804 3152 significavi:
830 3098 883 3134 non
912 3099 972 3136 csse
998 3098 1111 3134 neccsse
1141 3096 1190 3134 nos
1217 3097 1297 3133 curae

198 3155 265 3206 tales
286 3164 392 3221 partes,
413 3172 481 3224 quae
500 3157 621 3207 desertae
642 3163 731 3207 essent
750 3163 777 3206 et
795 3154 926 3220 spoliatae
945 3156 1016 3205 omni
1036 3163 1129 3205 ornatu
1151 3155 1233 3205 variis
1251 3154 1296 3203 in-

198 3226 382 3277 cursionibus:
404 3243 437 3277 ex
461 3227 556 3294 quibus
583 3227 661 3276 ctiam
680 3227 771 3292 inopie
801 3227 953 3291 perniciosa
979 3241 1121 3279 occursura
1147 3235 1173 3276 ct
1200 3225 1297 3276 obten-

198 3306 257 3348 tura
277 3303 348 3348 esset
368 3299 528 3361 exercitum,
555 3297 686 3364 simulque
713 3297 831 3347 cunctari
852 3305 990 3363 oporteret
1009 3299 1153 3349 exercitum
1172 3312 1221 3364 per
1237 3305 1298 3347 tan-

199 3376 239 3419 tas
258 3369 395 3435 angustias
413 3383 608 3435 processurum,
629 3384 687 3418 cum
706 3367 813 3434 singula
834 3369 951 3419 iumenta
971 3379 1063 3420 coacta
1083 3377 1172 3419 essent
1191 3376 1217 3418 et
1246 3368 1297 3418 ho-

199 3439 284 3489 mines
303 3441 432 3492 transire:
452 3448 530 3507 atquc
549 3439 600 3490 hoc
619 3455 712 3490 curare
733 3439 786 3489 dixi
806 3441 952 3502 decere,ut
970 3456 1047 3508 quam
1068 3439 1209 3490 celerrime
1226 3441 1299 3490 inta-

113 3511 121 3520 ‘
200 3511 249 3563 ctis
276 3518 302 3560 et
331 3512 464 3562 etiamtum
493 3511 647 3576 compositis
673 3511 821 3576 provinciis
846 3512 1005 3563 instaremus
1030 3511 1146 3578 illasque
1164 3518 1299 3560 tueremur

199 3582 232 3633 ab
251 3581 366 3633 hostium
387 3583 527 3634 dedecore.
567 3581 616 3631 hac
628 3581 717 3648 ¹igitur
737 3583 871 3632 sententia
892 3583 1069 3649 principatum
1089 3582 1226 3633 obtinente
1252 3595 1298 3647 per

200 3652 347 3704 Coloneum
368 3662 395 3704 ct
412 3655 585 3706 Armeniaeos
606 3654 759 3718 provincias
779 3667 863 3719 usque
882 3654 913 3703 ad
929 3654 1076 3706 Sebastiam
1095 3669 1144 3703 rex
1166 3668 1225 3702 cum
1251 3668 1299 3701 ex-

200 3723 285 3774 ercitu
306 3727 439 3788 pervenit.
477 3725 514 3776 ibi
533 3732 620 3774 autem
638 3740 697 3774 cum
721 3723 869 3777 audivisset
894 3723 991 3777 Turcas
1016 3725 1184 3792 processisse
1209 3731 1300 3772 contra

198 3792 322 3845 Pisidiam
343 3803 369 3846 ct
387 3795 545 3861 Lycaoniam
566 3795 701 3861 proiectos
722 3803 748 3845 ct
767 3797 842 3862 quasi
861 3797 893 3846 ad
911 3804 1006 3847 metam
1027 3796 1219 3846 contendentes
1237 3793 1299 3844 lco-

198 3866 280 3928 nium‚
301 3866 437 3931 profectus
459 3876 500 3918 est
519 3868 621 3932 etipse
641 3881 656 3916 a
673 3874 749 3934 tergo
770 3869 882 3918 veniens
902 3882 992 3918 eorum
1019 3867 1156 3935 usquead
1176 3872 1300 3916 vocatum

199 3935 322 3989 Herculis
350 3938 482 4002 oppidum.
526 3936 563 3987 ibi
588 3946 675 3989 autem
695 3953 754 3987 eum
773 3939 929 4001 audivisset,
955 3938 1052 3990 Turcas
1077 3938 1161 3989 iconii
1184 3937 1299 3987 civitate

199 4022 294 4060 eversa
313 4007 414 4060 'versari
436 4007 473 4056 ibi
491 4022 545 4058 non
564 4022 643 4059 ausos
655 4024 725 4072 esse,
745 4024 804 4060 cum
822 4017 971 4062 metuerent
981 4011 1054 4077 regis
1073 4017 1166 4063 contra
1185 4024 1215 4060 se
1236 4021 1299 4073 per-

198 4080 373 4143 secutionem,
392 4084 493 4143 partem
512 4079 641 4146 quandam
652 4080 772 4132 ordinum
792 4081 820 4130 in
841 4080 961 4134 Ciliciam
983 4082 1079 4146 emisit,
1098 4088 1127 4131 ut
1146 4081 1300 4146 coniunge-
