2875 4734
211 265 285 343 οεο
505 263 723 342 nicusus
751 213 1009 339 srmuorsr

210 430 342 513 ἐλπίδας
362 432 423 522 τήν,
442 429 542 522 ἧτταν
565 438 630 499 τῶν
643 412 744 499 ‘selua
771 424 930 511 θεώμενος
962 430 1009 513 (ἐν
1030 430 1125 511 χερσί
1145 422 1207 509 γόρ
1229 422 1315 510 ἔχειν

210 536 312 602 ἐδόκει
334 536 392 621 τὴν
413 534 510 623 νίκην,
530 540 586 602 καί
605 544 670 611 τοϊς
693 536 774 619 ἄμφ’
799 530 898 595 αὐτόν
919 532 1051 616 παρῄνει
1074 526 1211 612 ζωγρίπν
1235 526 1315 610 πρὸς

210 636 307 702 αὐτόν
327 635 464 703 τῶντῶν
485 638 654 718 ΗΡοιμαιων
667 638 803 717 βασιλέα
826 634 955 713 κομίσαι
978 628 1031 693 καί
1051 626 1095 711 μὴ
1115 628 1239 715 οιδιγρρι
1262 650 1313 689 τε·

154 815 161 825 ·
208 740 365 821 μεῖν),’
342 741 578 821 αμεταστρεπτί
606 740 661 801 καί
687 733 785 809 αὐτὸς
804 736 849 809 εις
869 755 973 817 φογην
996 722 1145 812 ῶρμησε,
1171 730 1313 813 δρομαίῳ

208 840 264 901 καί
287 836 457 902 όελλόποόι
480 836 619 927 ἵππῳ
585 863 642 921 την
662 832 779 901 ἑαυτοῦ
808 830 976 905 πιστεύσας
1003 830 1191 913 σωτηριῶόη
1215 850 1311 903 κατα·
1299 840 1339 893 ·5

209 938 326 1024 φυγήν,
351 937 406 1003 τόν
419 937 501 1004 υἱόν
525 934 626 1003 αότοῦ
651 933 856 1020 Παγκράτιον
877 936 1028 1016 ἐνέχυρον
1056 928 1132 1003 δοός
1152 932 1193 1016 τῷ
1214 932 1311 1010 βασι-

208 1044 261 1101 λεῖ
277 1041 401 1116 δοῦλον,
444 1041 591 1104 ἐντεῦθεν
620 1039 657 1104 τό
680 1035 806 1122 χρηστοὶ
830 1033 932 1099 πόντα
960 1041 1026 1107 τοϊς
1042 990 1212 1109 Ῥωμαίόις
1232 1024 1311 1094 κατό

208 1160 243 1203 τε
260 1138 371 1204 Ἀσίαν
390 1136 447 1203 καί
462 1136 624 1221 Εόρῶπην
646 1136 846 1221 συνήντησεν.
888 1135 1034 1199 ἐντεῦθεν
1057 1132 1100 1215 τῷ
1116 1126 1311 1214 Βοτανειότῃ

207 1238 241 1307 τό
266 1240 456 1325 περιβόητον
478 1237 533 1303 καί
554 1244 774 1323 περιλαμπρον
805 1229 903 1317 όνομα
934 1230 989 1296 καί
1008 1227 1028 1315 ἦ
1050 1227 1190 1314 πρὸςιτόι
1215 1232 1310 1310 βασί-

209 1346 278 1405 λεια
300 1343 392 1427 φιλία
415 1348 626 1425 περιποιεῖται
651 1341 707 1403 καί
725 1335 822 1421 χόρις
844 1337 1000 1416 ε’πίμονος.
1204 1410 1208 1414 ⁴
1275 1380 1283 1405 2
1320 1344 1354 1398 10

312 1444 355 1505 Τι’
371 1443 423 1520 ὃὲ;
448 1435 548 1515 οότως
569 1438 652 1523 ἔχων
673 1440 819 1513 ου’κλειας
833 1442 888 1501 καί
903 1436 1078 1521 εόπραγίας
1101 1432 1118 1497 ό
1143 1432 1234 1551 όγὴρ,
1256 1456 1309 1495 και

208 1539 295 1627 παρὰ
327 1544 455 1607 πάντων
486 1539 731 1630 θαυμαζόμενός
762 1564 793 1605 τε
814 1563 865 1603 και
890 1535 1095 1617 δοξαζόμενος
1119 1559 1171 1599 και
1189 1542 1254 1607 τοις
1277 1534 1309 1609 ἐξ

209 1640 310 1727 ἔργων
339 1645 622 1726 μεγαλουργὴμασι
649 1638 901 1722 σεμνυνόμενος,
932 1640 1016 1722 μέγα
1049 1640 1174 1756 φρονῶν
1198 1626 1237 1717 ἦν
1257 1632 1312 1697 ἐπι

206 1752 271 1819 τοῖς
291 1738 408 1809 ἑαυτοῦ
428 1744 662 1829 κατορθώμασι,
692 1748 749 1808 καί
777 1743 946 1831 α’λυζονείρι
965 1736 1229 1822 κατεπαιρόμενος
1247 1736 1310 1812 τῶν

206 1846 340 1926 πολλῶν,
361 1846 418 1932 καί
434 1851 498 1919 τοις
518 1847 659 1919 α’στικοις
691 1844 734 1919 ῶς
759 1844 921 1964 α’γοραίρις
948 1866 1012 1904 τισι
1036 1842 1088 1902 καί
1111 1838 1240 1911 α’όπλοις
1261 1860 1307 1919 μη
1320 1845 1352 1900 15

206 1942 358 2027 εόθόμοις
393 1948 449 2011 καί
488 1947 651 2029 προσηνῶς
683 1939 799 2026 ὁμιλῶν
832 1968 884 2007 και
918 1938 1204 2018 συναυλιζόμινος,
1240 1935 1319 2000 ἀλλ’
1422 1926 1423 1937 ’

205 2040 313 2130 ῶσπερ
336 2049 419 2121 τινὲς
438 2051 501 2111 τῶν
522 2048 759 2167 κεκρατρμένων
780 2070 820 2133 τῳ
806 2047 940 2109 πόθει
956 2049 1011 2127 τῆς
1024 2034 1243 2163 κενρόρξίας,ι
1230 2064 1308 2103 εαυ-

204 2143 257 2209 τόν
276 2141 459 2232 όπεραίροιν
480 2172 532 2211 και
553 2148 596 2231 τῷ
616 2142 726 2234 κόμπῳ
750 2138 993 2228 τερατευόμενος
1016 2140 1048 2206 τό
1074 2139 1235 2221 ἀνόμοιον,
1256 2132 1308 2205 οια

207 2253 300 2330 φιλει
313 2246 387 2321 τοός
409 2245 546 2322 πολλοὺς
564 2254 666 2310 ποιεῖν
688 2250 751 2309 τῶν
772 2268 992 2329 στρατιωτῶν,
1015 2242 1054 2304 οό
1078 2244 1136 2321 μὲν
1159 2232 1216 2303 ουν
1238 2239 1306 2300 οὔδ’

206 2340 272 2411 εἶδέ
295 2372 343 2424 τις
366 2370 440 2411 ποτε
457 2346 595 2431 Μιχαὴλ
617 2344 672 2410 τόν
688 2346 902 2429 Βοτανειότην
923 2347 1054 2409 πολίτου
1076 2339 1308 2425 κατεπαιρόμε-
1315 2361 1353 2416 20

193 2453 275 2529 νον,
304 2443 328 2531 ἢ
343 2451 491 2533 μυκτῆρα
514 2448 623 2511 τοῦτόν
644 2471 726 2521 τινος
747 2450 962 2531 καταχέοντας
993 2439 1012 2529 ἢ
1034 2440 1093 2521 ἔξω
1116 2443 1212 2507 αότόν
1234 2463 1306 2504 ποι.

133 2605 135 2611 ,
204 2548 302 2613 οῶντα
324 2552 381 2633 τῆς
404 2552 469 2615 τῶν
491 2550 628 2612 πολιτῶν
650 2549 826 2622 συναυλίας
848 2546 904 2612 καί
935 2546 1116 2631 συμφυΐας,
1140 2537 1161 2627 ἢ
1180 2541 1307 2609 α’σιειό-

206 2672 297 2734 τητος
320 2649 508 2727 ἀποδέοντα,
530 2641 552 2732 ἢ
573 2652 809 2731 καλοκαγαθιάς
830 2649 885 2712 καί
905 2647 1040 2731 γαλήνης
1058 2649 1113 2710 καί
1128 2644 1304 2727 μειδιόμα.

276 2834 302 2890 9.
320 2806 369 2889 eei
387 2850 430 2888 om
450 2835 481 2890 G.
574 2835 615 2918 18.
634 2838 687 2893 κίο
704 2854 750 2891 πυ
771 2834 800 2890 G.

203 3040 340 3087 munerum
360 3025 524 3093 stupefactus
545 3019 638 3090 ordine
658 3033 685 3077 et
703 3033 776 3076 motu
789 3033 815 3076 et
824 3031 931 3091 praeter
942 3025 1095 3091 opinionem
1115 3022 1216 3074 cladem
1235 3040 1303 3075 suo.

203 3115 261 3150 rum
280 3098 375 3150 videus
395 3098 437 3165 (in
456 3097 576 3148 manibus
598 3099 667 3147 euim
686 3096 786 3147 habere
804 3096 854 3148 sibi
875 3096 1014 3147 videbatur
1034 3096 1174 3145 victoriam
1196 3102 1222 3146 et
1240 3110 1303 3147 sues

203 3169 400 3231 adhortabatur,
419 3177 450 3220 ut
471 3170 562 3220 vivum
582 3169 662 3220 adse
688 3184 781 3236 regem
801 3168 979 3219 Romanorum
1007 3166 1109 3218 ferrent
1134 3181 1205 3217 neve
1231 3166 1303 3217 ferro

202 3241 420 3307 interimerent),
439 3241 579 3290 irretortus
600 3247 626 3289 et
645 3240 702 3306 ipse
722 3240 749 3290 in
768 3238 858 3306 fugam
877 3254 907 3289 se
925 3238 1056 3304 proiecit,
1080 3236 1163 3288 celeri
1183 3246 1210 3287 ei
1236 3251 1304 3311 pre-

155 3313 156 3317 ’
203 3310 291 3361 cellae
310 3310 421 3375 pedibus
447 3311 568 3376 praedito
589 3325 658 3377 equo
678 3326 752 3362 suam
777 3309 888 3361 eredens
911 3309 1003 3361 salutis
1032 3310 1137 3377 fugam,
1167 3302 1304 3385 filiumque

202 3381 370 3433 Pancratium
391 3382 512 3464 pignoris
531 3381 592 3433 loco
613 3381 676 3433 dans
695 3382 754 3447 regi
774 3397 889 3433 servum.
928 3380 990 3431 inde
1008 3380 1040 3431 ab
1056 3387 1217 3445 eotempore
1230 3374 1302 3429 bona
1323 3393 1328 3397 ·

202 3454 290 3504 omnia
309 3453 460 3504 Romanis
453 3468 481 3503 m
499 3453 564 3504 Asia
589 3460 616 3503 οι
631 3452 741 3518 Europa
758 3460 920 3503 evenerunt:
941 3451 1002 3501 inde
1020 3451 1175 3504 Botauiame
1195 3448 1297 3500 clarum

203 3532 229 3576 et
247 3524 414 3593 splendidum
431 3540 529 3576 nomen
548 3524 665 3575 amicitia
683 3525 759 3591 regia
780 3531 806 3577 es
824 3523 909 3591 gretia
927 3530 1058 3589 perpetue
1086 3520 1220 3573 conciliat.

301 3621 371 3685 Quid
389 3620 499 3673 autem?
518 3622 545 3671 in
565 3628 638 3672 tanta
659 3636 771 3671 versans
790 3619 877 3688 gioria
897 3627 923 3669 et
942 3619 1072 3671 felicitate
1092 3621 1134 3670 vir
1153 3626 1179 3669 et
1197 3617 1229 3669 ab
1242 3632 1301 3668 om.

200 3690 280 3743 uibus
299 3700 433 3758 spectatus
453 3701 480 3744 et
498 3692 660 3755 celebratus,
683 3700 709 3743 et
728 3692 857 3743 factorum
879 3690 1076 3758 magnificentia
1094 3697 1220 3753 ornatus,
1240 3704 1302 3739 uum

201 3761 317 3844 superbe
337 3763 423 3816 elatus
444 3773 501 3815 erat
518 3780 566 3816 sua
585 3764 691 3814 fortuna
711 3771 737 3813 et
757 3763 907 3814 humilitate
933 3761 1124 3828 supersedebat
1152 3728 1302 3813 multitudi-

201 3833 244 3885 nis
265 3840 293 3883 et
310 3833 417 3885 urbanis
438 3834 584 3887 uirilibus
604 3823 803 3901 inermibusque
831 3848 885 3885 uon
911 3834 982 3884 bonu
1011 3834 1098 3884 animo
1125 3840 1152 3883 et
1178 3831 1319 3882 elementi'

200 3904 325 3957 utebatur
345 3912 372 3956 et
390 3920 448 3954 curn
467 3907 501 3958 iis
520 3907 685 3969 versabatur,
705 3906 761 3969 sed,
782 3913 810 3956 ut
829 3906 934 3973 quidam
956 3904 1044 3955 effecti
1064 3903 1177 3971 gloria'
1170 3904 1252 3965 suani,
1271 3917 1302 3952 se

205 3975 336 4028 efferebat
355 3984 382 4027 et
400 3975 601 4044 vaniloquentia
620 3993 664 4029 res
683 3943 798 4029 iaetairat
816 3974 998 4059 incredibiles,
1018 3983 1047 4026 ut
1059 3975 1182 4043 plerique
1202 3972 1301 4025 milites

203 4047 294 4098 iacere
312 4046 429 4099 solent?
448 4062 629 4115 nequaquam.
650 4064 739 4116 neque
757 4049 825 4100 vidis
844 4048 981 4116 quisquam
1000 4062 1115 4114 unquam
1144 4043 1301 4097 Michaelem

180 4162 183 4173 ,
202 4117 367 4169 Botauiatem
386 4134 466 4185 supra
485 4119 572 4181 civem
591 4135 620 4170 se
639 4120 793 4191 efferentem
812 4128 858 4171 aut
882 4119 997 4171 ludibrio
1023 4132 1172 4185 quenquam
1198 4114 1302 4166 haben.

203 4194 256 4237 tem
275 4197 319 4240 aut
336 4206 366 4242 se
384 4197 567 4241 removentem
589 4206 622 4242 ax
642 4192 739 4241 civium
760 4178 889 4243 seciemte
909 4199 935 4241 ει
963 4190 1151 4241 coniunctione
1184 4195 1229 4239 aut
1252 4200 1303 4236 ur.
