2875 4734
618 190 832 311 maroam
1001 260 1004 267 ·
1201 245 1272 315 atr

271 407 318 469 Ἐν
339 400 442 493 τούτῳ
464 404 500 467 δὲ
522 405 567 492 τῷ
588 399 653 467 ἔτει
675 407 730 469 καί
749 402 866 488 τέρατά
888 424 956 468 τινα
982 403 1208 491 κατεφάνησαν
1231 411 1278 485 τίς
1325 482 1327 487 ,

173 506 231 589 τὴν
250 503 423 582 Βύζαντος.
467 506 600 587 τρίπους
621 526 655 567 τε
684 502 746 589 γδρ
771 498 858 589 όρνις
878 495 1049 589 ἐγεννήθη,
1071 510 1126 571 uui
1148 510 1276 575 παιδίον

173 604 289 690 ἐτέχθη
318 604 398 670 κατὰ
422 607 569 685 μέτωπον
598 602 673 687 ἔχον
701 604 757 670 τόν
779 604 972 691 ὀφθαλμόν,
1007 608 1062 670 καί
1088 611 1197 673 τοῦτον
1220 611 1276 674 ἕνα

172 709 229 771 καί
249 706 359 788 μόνον,
380 708 586 788 τραγοσκελὲς
608 706 643 771 δλ
664 704 739 782 τοός
764 704 888 784 πόδας·
908 694 913 715 ’
932 708 988 771 καί
1008 710 1163 791 προτεθὲν
1182 711 1216 772 ἐν
1237 713 1278 795 τῇ
1327 752 1332 761 -

148 811 236 874 5τῶν
255 806 457 893 διακονίσυης
487 804 623 894 δημοσίῳ
651 808 782 895 παρόδῳ
818 806 984 889 κλαυθμόν
1022 810 1111 893 η’φίει
1141 807 1277 894 παιδικῷ

174 906 390 993 προσεοικότα.
435 905 492 970 δόο
514 908 550 970 δὲ
572 908 634 970 τῶν
656 900 827 973 ἀθανάτων
848 910 1048 992 στρατιωτῶν
1068 910 1199 995 πλησίον
1220 911 1278 974 τοῦ

175 1010 304 1082 δυτικοό
324 1008 381 1091 τῆς
399 1010 522 1083 πόλεως
544 1007 673 1090 τείχους
694 1010 728 1071 δν
752 1010 891 1097 δημοσίῳ
920 1008 1006 1097 τόπῳ
1032 1001 1297 1093 κεραννδβλητοι’

173 1108 349 1193 γεγόνασιν,
404 1106 444 1171 οδ
470 1105 534 1192 μην
565 1109 604 1172 δὲ
628 1106 710 1173 dett
741 1112 851 1175 καλόν
880 1110 1011 1194 ου’ρανῳ
1039 1106 1278 1193 κομῆταίτινες
1333 1104 1337 1113 '

169 1213 401 1297 ,παρετείνοντα

131 1325 166 1379 1⁰
272 1310 361 1375 Ἐπεί
380 1314 416 1376 δὲ
448 1314 503 1377 κατ’
525 1308 583 1397 ctu
605 1307 689 1377 ἔιδον
723 1308 752 1376 οἱ
773 1314 872 1377 ε’κελσε
894 1317 1169 1388 καταναλίσκοντες
1193 1304 1276 1397 ἦσαν

72 1427 76 1430 ’
134 1442 137 1449 ·
173 1410 334 1497 βάρβαροι
356 1411 411 1476 καί
432 1415 626 1498 πορθοῦντες
648 1412 704 1477 καί
730 1412 989 1498 καταβάλλοντες,
1011 1416 1133 1497 πλῆθος
1156 1413 1278 1477 ἐκεῖθεν

176 1508 331 1595 ὁσημέραι
362 1515 399 1599 τῇ
425 1514 569 1593 βασιλίδι
601 1515 835 1597 προσέφευγον,
861 1506 877 1575 δ
901 1535 935 1575 τε
957 1510 1046 1593 λιμός
1068 1508 1277 1596 ἐστενοχοίρει

174 1611 303 1694 πόντος,
325 1617 365 1701 τῇ
390 1616 493 1703 ε’νδείρ
515 1617 576 1678 τῶν
599 1613 781 1695 ἀναγκαίων
803 1616 1003 1692 καταπιὲζοον
1032 1598 1159 1689 αδτοός.
1204 1615 1277 1677 ἐπι-

173 1718 341 1796 γενομένου
366 1716 480 1778 δὲκαὶ
499 1718 666 1796 χειμῶνος,
688 1717 760 1778 ε’πεί
786 1738 843 1798 περ
868 1714 884 1778 o‘
906 1712 1060 1795 βασιλεός
1090 1710 1279 1799 ἀφιλότιμος

132 1808 219 1879 15δδν
241 1816 296 1879 καί
319 1815 451 1903 σφόδρα
474 1812 646 1901 φειδωλίας
670 1811 820 1897 ἐχόμενος
843 1817 938 1885 ου’δὲν
964 1816 998 1878 ἐκ
1019 1819 1083 1881 vett
1104 1818 1278 1896 βασιλικῶν

174 1920 347 2001 θησαυρῶν
376 1911 399 2000 ἢ
428 1920 481 2000 τῆς
503 1906 599 1999 ittae
627 1918 778 1999 προνοίας
806 1918 929 1999 εἰσῆγεν
957 1908 979 1999 η’
999 1923 1065 1989 τοϊς
1098 1917 1130 1979 ἐν
1150 1918 1232 1979 τέλει
1256 1905 1278 1997 ἢ

103 2042 107 2048 ·
174 2026 240 2092 τοῖς
254 2020 433 2100 δημοτικοῖς
447 2014 665 2100 παραμύθιον,
686 2015 742 2081 καί
763 2015 892 2092 ἕκαστος
906 2014 979 2100 περὶ
997 2014 1119 2081 ἑαυτοῦ
1138 2010 1277 2097 στυγνό-

176 2120 238 2196 ζων
254 2120 329 2185 ου’δὲ
348 2127 444 2201 χεῖρα
460 2121 614 2183 πλουσίαν
630 2113 698 2201 εἶχε
716 2114 793 2202 πρός
814 2116 849 2181 τό
872 2126 938 2193 τοϊς
953 2120 1113 2209 δεομένοις
1129 2120 1278 2199 ἐπαρκεῖν

175 2226 227 2285 κοιλ
250 2223 403 2302 παρέχειν
423 2216 462 2283 τό
479 2220 535 2300 τῆς
553 2220 633 2301 ζωῆς
649 2214 765 2302 ἐφόδια
782 2218 850 2305 (διὰ
871 2216 931 2302 γὰρ
957 2218 1078 2281 τούτων
1100 2224 1165 2290 τοϊς
1183 2238 1276 2279 πενε-

131 2323 295 2403 2δστέροις
319 2318 363 2393 ὥς
386 2319 501 2383 ἐπίπαν
521 2316 559 2382 τό
579 2316 724 2403 χρειώδη.
735 2313 975 2403 προσάγονται),
999 2317 1100 2392 πολιός
1122 2322 1175 2382 καί
1191 2318 1276 2397 δμόι

174 2425 269 2507 θητος
285 2418 426 2495 θάνατος
443 2424 485 2483 ου’
502 2423 563 2486 τῶν
579 2422 675 2498 ξένων
695 2418 792 2499 μόνον
815 2416 896 2483 dett
920 2424 975 2483 καί
993 2420 1055 2483 τοῖν
1075 2420 1132 2502 τῆς
1153 2420 1275 2494 πόλεως

175 2522 283 2605 δόμων
296 2524 369 2587 καθ’
389 2519 520 2608 ἑκάστην
533 2520 658 2607 ἐγίνετο,
681 2520 724 2595 ὥς
738 2524 794 2588 κατ’
808 2518 881 2597 τούς
895 2518 1026 2606 νεκροδς
1043 2519 1152 2587 αδτιὸν
1166 2544 1274 2606 σωρη-

177 2619 233 2689 tte
255 2620 289 2687 ἔν
308 2648 341 2689 τε
363 2631 430 2699 τοῖς
452 2627 629 2708 λεγομένοις
661 2620 809 2706 ἐμβόλοις
841 2621 1171 2708 adducebantque
1194 2620 1275 2689 ἄνα-

274 2918 332 2974 Ηοσ
352 2927 439 2984 antent
457 2936 527 2976 anno
552 2922 631 2975 etiam
652 2922 774 2990 prodigia
797 2922 925 2989 quaedam
944 2929 1123 2989 apparuerunt
1139 2921 1274 2987 Byzantii.

175 2996 259 3061 tripes
285 2996 355 3047 enirn
382 2996 440 3047 avis
466 3004 608 3062 procreata
633 3001 675 3045 cst
700 2981 727 3043 δι
752 2992 839 3043 infans
862 3000 925 3043 nata
954 3001 994 3043 cst
1012 2994 1039 3043 in
1066 2992 1155 3042 fronte
1173 2992 1275 3047 habens

175 3066 291 3131 oculum,
309 3076 389 3135 atque
409 3068 479 3117 hunc
504 3081 583 3115 unum
603 3071 630 3114 et
654 3063 760 3125 solum,
781 3070 807 3113 et
828 3061 896 3111 birci
922 3062 1017 3113 similis
1036 3061 1159 3128 pedibus,
1181 3070 1207 3115 et
1226 3080 1276 3115 ex..

174 3139 262 3205 posita
280 3140 308 3189 iu
326 3139 535 3190 diaconissarum
555 3133 664 3200 publica
683 3134 787 3198 porticu
802 3132 892 3183 fletum
912 3132 1006 3184 edebat
1024 3132 1132 3183 infantis
1152 3133 1275 3187 similem.

175 3210 226 3260 dno
245 3217 333 3261 antem
352 3204 540 3259 immortalium
563 3202 676 3254 militum
701 3219 786 3270 prope
811 3202 1003 3257 occidentalem
1029 3202 1110 3256 urbis'
1127 3220 1229 3256 murum
1247 3206 1276 3257 in

173 3281 281 3347 publico
306 3281 368 3332 loco
387 3278 420 3329 de
442 3274 520 3327 coelo
545 3276 609 3327 tacti
629 3283 706 3327 suntc
732 3276 779 3328 sed
798 3276 877 3327 etiam
901 3278 928 3327 in
950 3276 1027 3328 coelo
1047 3274 1144 3331 stellae
1163 3278 1276 3331 crinitae

174 3354 302 3421 quaedam
319 3347 504 3401 tendebantur.

274 3438 339 3491 Cum
358 3444 446 3488 autern
465 3437 543 3489 etiam
563 3438 693 3489 orientem
719 3440 764 3505 qui
784 3436 821 3489 ibi
847 3446 921 3489 erant
939 3437 1045 3490 barbari
1066 3439 1230 3490 conficerent
1249 3446 1276 3490 et

174 3510 345 3561 devastarent
372 3516 399 3559 et
423 3509 585 3574 deiicerent,
611 3509 752 3560 multitudo
778 3510 840 3561 inde
867 3511 986 3577 qnotidie
1011 3510 1043 3561 ad
1062 3508 1155 3560 urbem
1173 3511 1275 3577 regiam

92 3631 95 3635 ,
174 3579 355 3648 confugiebat,
375 3581 478 3647 qnando
497 3577 580 3633 fames
598 3580 713 3650 angebat
737 3596 828 3632 omnes
847 3581 939 3647 inopia
957 3596 1045 3631 rernm
1063 3580 1276 3634 necessariarum

173 3666 295 3718 premens
317 3666 372 3703 eos.
409 3654 641 3719 appropinquante
660 3660 747 3702 autem
768 3655 845 3703 etiam
863 3652 951 3702 hieme
971 3650 1095 3717 quoniam
1114 3666 1163 3703 rex
1181 3650 1274 3702 illibe-

173 3722 238 3774 ralis
259 3729 286 3780 et
303 3722 382 3775 valde
394 3726 573 3795 parsimoniae
593 3724 697 3775 deditus
710 3723 781 3773 nibil
797 3738 830 3773 ex
848 3722 1085 3789 regiisthesauris
1105 3722 1150 3774 vel
1169 3722 1274 3790 reliqua

174 3794 312 3845 curatione
330 3795 501 3861 importabat,
522 3794 591 3864 quod
610 3802 655 3846 ant
673 3794 871 3861 magistratibus
893 3801 939 3844 aut
958 3793 1057 3859 populo
1078 3793 1173 3846 solatio
1194 3801 1273 3858 esset,

174 3872 201 3917 et
219 3866 331 3933 quisque
350 3867 383 3917 de
402 3882 431 3917 se
449 3867 508 3932 ipso
527 3865 661 3919 sellicitus
679 3881 768 3932 neque
787 3880 891 3915 manum
910 3865 1019 3916 divitem
1038 3865 1153 3917 habebat
1173 3865 1205 3915 ad
1223 3880 1275 3917 au.

173 3937 317 3988 xiiiandnm
336 3936 459 4003 inopibus
481 3947 508 3990 et
525 3938 690 4006 praebendas
711 3938 784 3988 vitae
809 3938 995 4001 necessitates,
1014 3970 1048 3981 -
1066 3952 1115 4004 per
1135 3936 1184 3986 hos
1205 3936 1275 3987 enim

173 4009 356 4077 egentioribns
372 4009 530 4077 plerumque
546 4011 701 4062 necessaria
720 4008 871 4060 tribuuntur
878 4040 922 4073 -,
941 4009 1023 4061 multa
1044 4017 1070 4060 et
1088 4009 1182 4073 ingens
1203 4021 1275 4060 mors

171 4095 225 4132 non
252 4083 455 4149 peregrinorum
482 4081 587 4146 solnm,
606 4081 751 4133 sedetiam
769 4078 842 4137 urbis
867 4081 1016 4135 incolarum
1035 4078 1155 4148 quotidie
1175 4076 1273 4142 fiebatt

171 4153 209 4204 ita
226 4161 255 4204 ut
281 4154 360 4205 etiam
387 4154 516 4207 cadavera
544 4167 636 4206 eornm
658 4153 838 4204 coacervatim
864 4154 892 4205 iu
911 4152 1067 4219 porticibus,
1089 4164 1157 4217 quae
1176 4149 1273 4202 dicun.
