2875 4734
553 268 762 367 arrroam.
903 343 907 348 ,
1013 219 1017 225 ’
1133 268 1203 339 ser

976 360 986 387 Ι

113 442 149 507 δν
164 436 352 527 φιλοσόφοις
365 435 408 511 ῶς
429 430 721 519 ὖπεραναβαάνοντα
742 435 782 500 τά
805 437 971 519 προσεχοῦς
992 425 1214 518 καθορώμενοι,

113 544 169 606 κατ’
191 538 244 603 τὸν
262 534 458 602 διαλεκτικὸν
478 531 527 608 ,ὅτι
547 538 746 620 διαιρετικῶς
773 540 936 617 ἐπιβάλλει
964 544 1029 611 τοϊς
1050 532 1217 619 πράγμασι

113 640 169 705 καὶ
196 637 232 704 τὸ
262 639 446 724 πρόσφορον
476 637 627 718 οἷπονέμει
655 638 692 723 τῇ
724 639 786 702 τῶν
824 638 1040 719 ὑποκειμένων
1065 635 1218 722 συνουσίᾳ

113 736 324 826 πραγμάτων,
354 740 409 801 καί
440 734 503 801 τὸν·
520 732 707 821 ἡνιοχοῦντα
741 742 774 802 ἐν
802 738 942 814 ἱππικοῖς
978 729 1026 801 ὅτι
1058 732 1218 816 τεσσάρων

87 844 217 915 5ῗπποιν
234 840 398 922 ἡνιοχείαν
411 843 466 902 καί
487 840 730 922 διακυβδρνησιν
742 834 972 920 άποδείκνυσιν,
994 837 1048 902 καί
1065 834 1119 901 τὸν
1140 838 1218 918 δρο-

112 948 176 1024 μέα
199 940 252 1005 διά
276 937 310 1003 τά
335 941 445 1023 τάχος.
476 930 607 1002 aulatis
628 938 725 1022 άργὸν
746 944 800 1024 τῆς
822 937 936 1023 α’ργιάς
957 940 1136 1022 συμπαθῶς
1157 962 1217 1001 κει-

113 1044 302 1129 amuclero,
325 1044 377 1104 aul
407 1044 463 1123 τῆς
480 1037 664 1124 ευέργεσιάς
699 1041 757 1102 orla
782 1041 938 1105 ἐδείκνυεν
954 1032 1095 1121 ἄμοιρον.
1136 1035 1249 1119 εἴπεοΙ

113 1168 145 1207 τι
165 1144 294 1223 paidos,
316 1140 483 1223 καὶμέχρι
503 1140 674 1222 βαναύσων
688 1142 806 1223 τεχνῶν
827 1138 885 1223 τὴν
901 1134 1112 1226 ἇγαθοεργιάν
1133 1137 1217 1226 ἔφη’-

113 1248 255 1321 πλωσεν,
287 1235 338 1306 ὅτι
367 1244 503 1305 κάκεῖνοι
531 1242 570 1327 τῇ
592 1245 734 1331 πολιτεία
760 1244 815 1306 καί
844 1250 909 1316 τοῖς
939 1240 1121 1325 άνθρῶποις
1137 1240 1217 1306 δια-

69 1344 239 1423 ςρκονοῦσι
262 1339 302 1405 τά
321 1341 476 1426 χρήσιμα.
520 1347 574 1407 καί
594 1342 701 1419 άπλῶς
732 1344 807 1407 seta
831 1367 879 1418 τις
902 1344 935 1406 ἐν
955 1342 1099 1431 τῷδε’τῷ
1120 1346 1217 1424 βασι-

112 1451 165 1508 λεῖ
189 1451 372 1529 περιηχιῖτο
399 1445 544 1526 ἐπίβασις
565 1447 622 1509 καί
646 1442 738 1528 λόγον
761 1443 961 1530 άνθρῶπινον
989 1446 1106 1509 νικῶσα
1136 1466 1216 1527 προ-

112 1540 244 1628 μὴθιια.

215 1642 333 1726 Οἴομαι
355 1648 390 1710 δὲ
420 1644 463 1721 ῶς
486 1649 567 1721 τινὲς
589 1651 653 1712 τῶν
680 1648 1010 1736 άκροατῶνλογισμῷ
1031 1650 1093 1712 τινι“
1115 1671 1216 1732 προσ·

112 1743 369 1840 πολαάτουσιν,’
354 1748 609 1828 εγκωμιαστικῶς
630 1772 736 1811 ταυτα
749 1772 802 1811 και
818 1774 863 1831 μη
886 1750 1116 1834 διηγηματικῶς
1136 1772 1217 1834 συγ-

70 1874 103 1926 15
113 1848 279 1930 ypoppsm
288 1866 355 1926 μοι,
372 1845 481 1933 εὔνοι’ρι
504 1847 600 1943 δῆθεν
619 1850 668 1933 τῇ
675 1844 752 1929 πρὸς
773 1844 826 1911 τὸν
840 1853 1013 1930 κρατοῦντα
1034 1849 1216 1913 teutatem

114 1946 228 2011 καθότι
250 1950 306 2011 καί
324 1954 387 2023 τοῖς
409 1941 516 2068 οἶλλοις
535 1950 704 2029 βασιλεῦσι
722 1944 755 2011 τὸ
778 1949 872 2029 τιμάν
893 1972 946 2012 και
942 1948 1142 2056 δουριαῖς’
1122 1949 1217 2029 αμεά-

113 2052 230 2128 βισθαι
250 2046 308 2131 τὴν
329 2050 393 2112 τῶν
412 2044 560 2134 υπηκόοον
578 2052 684 2115 πίστιν
704 2052 907 2133 περιεγίνετο.
951 2052 981 2115 εἰ
997 2045 1089 2115 τοῦτο
1110 2051 1179 2114 δὲ’
1163 2074 1216 2115 εν-

113 2147 272 2229 νοήσαιεν,
294 2148 352 2213 orla
382 2143 422 2212 άν
452 2151 650 2231 διανοηθειεν
676 2152 788 2224 καλῶς.
839 2148 872 2215 τὸ
893 2153 954 2232 μὲν
983 2148 1043 2234 γάρ
1066 2174 1121 2214 και
1142 2173 1216 2226 τοος

113 2247 223 2375 πρῶην
244 2250 496 2373 βασιλεάσαγτας
512 2251 633 2314 εάνοεῖν
647 2259 713 2325 τοῖς
729 2250 875 2336 υπηκὸοις
890 2250 943 2315 τοι
937 2248 1109 2336 παρέχειν
1122 2251 1215 2334 salep-

66 2351 219 2473 γργερίας
247 2343 317 2414 ov’d’
352 2347 451 2427 ου’τός
472 2352 706 2470 άπανριάνομαι,
737 2376 790 2415 και
819 2350 985 2431 πολλάκις,
1019 2351 1053 2415 εν
1075 2342 1121 2426 οἷς
1143 2374 1217 2435 περι

115 2451 220 2514 αδτῶν
241 2455 401 2535 γέγραφα,
427 2475 485 2534 την
509 2476 634 2538 μνημην
646 2477 701 2536 της
725 2454 830 2517 αὐτῶν
849 2456 1035 2535 περιέλαβον
1060 2449 1213 2535 πράξεως·

112 2547 146 2614 τὸ
171 2553 238 2614 δΗ
223 2576 275 2616 επι
296 2576 338 2640 τρι
325 2549 597 2641 Βοτανειάτῃ’
582 2576 617 2616 εν
636 2561 704 2629 ταις
728 2559 861 2639 τιμαῖς
865 2554 1003 2628 καὶτοῖς
1025 2556 1089 2617 τῶν
1108 2555 1215 2637 δωρη-
1292 2558 1295 2569 “

186 2731 228 2784 15.
247 2730 416 2789 δουλεύοντα
434 2729 465 2785 (λ.

109 2895 224 2950 'stultum
243 2902 273 2947 ut
291 2904 427 2963 expertem
442 2896 598 2951 meliorum:
617 2899 774 2967 prudentem
789 2898 916 2951 efferebat
930 2906 961 2951 nt
979 2896 1087 2951 consilii
1107 2902 1216 2963 specta-

115 2969 245 3021 tissimum
263 2968 474 3034 instrumentum,
494 2978 521 3021 et
539 2978 718 3023 astronomum
744 2971 813 3019 inter
836 2967 1013 3036 pbilosopbos
1031 2976 1061 3019 ut
1080 2967 1215 3018 excedam

116 3048 169 3091 tem
191 3054 259 3106 quae
277 3054 362 3107 prope
380 3050 526 3108 apparent,
553 3049 580 3091 et
598 3041 786 3100 dialecticum,
809 3040 870 3105 quia
898 3038 1042 3090 dividendo
1061 3037 1216 3105 aggreditur

116 3124 161 3162 res
181 3118 207 3160 et
225 3112 450 3164 accommodatum
466 3114 560 3162 tribuit
577 3110 704 3176 potestati
724 3108 973 3174 comprehensarum
993 3124 1091 3172 rerum,
1109 3116 1137 3159 ct
1154 3122 1214 3158 mo.

115 3182 265 3233 demtorem
285 3198 429 3251 equorum,
456 3183 518 3249 qnia
538 3188 660 3248 quattuor
686 3194 813 3248 equorum
840 3180 1049 3234 moderationem
1069 3186 1095 3231 et
1113 3178 1214 3247 guber-

115 3253 251 3303 nationem
274 3254 404 3315 ostendit,
431 3260 458 3303 et
481 3266 616 3303 cursorem
640 3260 750 3319 propter
777 3250 965 3318 celeritatem,
993 3260 1073 3319 atque
1098 3250 1214 3301 desidem

116 3330 227 3389 propter
246 3324 372 3375 desidiam
391 3323 575 3374 misericordia
598 3322 774 3375 miserabatur
801 3337 889 3391 neque
914 3323 1039 3376 beneficii
1058 3321 1215 3374 ostendebat

117 3402 263 3462 expertem.
301 3394 387 3444 dicam
405 3394 468 3461 quid
485 3395 586 3446 mains.
617 3396 696 3446 etiam
713 3395 848 3461 usquead
867 3411 990 3446 mannum
1009 3409 1091 3460 opera
1108 3393 1213 3443 bened.

116 3466 244 3516 cientium
263 3463 390 3529 extendit,
409 3466 473 3532 quia
492 3467 570 3516 etiarn
588 3466 631 3518 illi
651 3466 754 3518 civitati
784 3473 810 3516 et
828 3465 978 3518 bominibus
997 3470 1110 3516 tractant
1127 3463 1212 3515 utilia.

117 3545 198 3603 atque
217 3536 324 3584 omnino
344 3535 435 3587 divina
454 3538 582 3604 quaedam
600 3539 627 3589 in
647 3538 698 3588 boc
717 3552 784 3605 rege
804 3538 915 3590 sonabat
935 3538 1015 3589 elatio
1039 3534 1213 3603 strationem

115 3606 251 3657 bominum
269 3620 397 3672 superans
416 3608 567 3661 consilium.

208 3690 282 3743 Puto
301 3701 397 3759 autem,
418 3695 476 3747 lore
493 3704 523 3747 ut
540 3696 663 3748 nonnulli
679 3698 796 3749 lectores
813 3696 1018 3748 ratiocinatione
1038 3696 1148 3763 quadam
1166 3710 1213 3747 re-

113 3766 258 3827 luctentur,
278 3765 437 3819 laudationis
457 3769 534 3819 modo
561 3768 627 3819 baec
653 3784 741 3836 neque
760 3769 919 3820 narrationis
948 3769 1099 3851 conscripta
1118 3782 1213 3820 essen

112 3851 166 3899 me,
184 3835 393 3889 benevolentiae
413 3838 518 3890 scilicet
544 3855 608 3907 erga
626 3841 813 3905 imperatorem
838 3839 1023 3914 inservientia,
1044 3841 1114 3907 qnod
1134 3840 1211 3890 etiam

113 3908 211 3960 ceteris
236 3907 343 3975 regibus
370 3923 465 3960 ornare
492 3917 519 3959 et
544 3912 620 3962 donis
645 3918 747 3962 mutare
773 3906 952 3962 subiectorum
983 3910 1059 3961 lidem
1087 3912 1211 3963 usitatum

113 3980 209 4031 luerit,
234 3981 280 4041 sed
308 3980 330 4030 si
356 3979 407 4031 boc
427 3982 597 4050 cogitabunt,
624 3983 738 4033 lortasse
771 3997 824 4032 non
850 3990 924 4033 recte
951 3984 1082 4034 sentient.
1113 3981 1210 4031 etenim

114 4052 192 4103 etiarn
212 4050 367 4119 superiores
386 4068 466 4120 reges
479 4053 581 4106 lavisse
594 4053 722 4105 subiectis
739 4060 765 4104 et
776 4054 931 4120 praebuisse
947 4054 1081 4105 beneficia
1098 4068 1133 4103 ne
1151 4054 1209 4116 ipse

114 4122 217 4191 quidem
237 4123 334 4175 inlitias
354 4138 403 4175 eo.
423 4133 503 4193 atque
521 4140 603 4191 saepe
621 4126 649 4175 in
668 4125 711 4190 iis,
734 4126 847 4194 quaeda
867 4125 907 4179 his
927 4125 1031 4191 scripsi,
1050 4124 1210 4175 mentionem

115 4206 204 4245 eorum
225 4196 279 4249 ieci
297 4195 429 4249 actionis:
454 4194 612 4253 Bolaniatae
638 4202 726 4251 antem
746 4197 773 4249 in
799 4196 944 4259 bonoribus
963 4204 990 4247 et
1008 4195 1136 4248 donorum
1154 4193 1209 4247 lar-
