2875 4734
619 265 829 335 ursuonm.
1198 220 1268 339 att
1310 272 1314 277 ·

173 416 278 507 ἄλλος,
299 426 356 490 καί
374 422 469 508 λόγον
489 427 601 511 καιρὸν
623 433 677 492 κατ’
694 425 1043 513 σιωπῇςέπιστύμενος.
1087 426 1141 492 καί
1160 429 1273 493 τοσού-

172 547 226 585 τον
246 515 292 587 δτι
312 525 367 587 καί
388 525 524 604 δικάζων
541 528 595 591 καί
607 526 776 610 διάγνωσιν
798 531 967 613 ἐπιφέρων,
980 528 1035 591 καί
1053 533 1113 591 τών
1135 532 1273 610 α’ντικρι-

173 628 312 701 νομένων
333 628 444 710 φωνὰς
468 626 624 703 ἀτάκτους
657 628 815 711 ἀφιέντων
846 630 995 701 πολλάκις
1016 628 1094 711 πρὸς
1118 624 1273 708 ἀλλήλους

174 725 228 786 καί
252 722 438 808 πληκτικύς,
470 728 570 810 αύτὴν
601 731 721 812 ἐκείνην
753 729 858 812 ἐτήρει
885 728 941 811 τὴν
973 732 1034 792 τών
1066 728 1163 810 λύγων
1190 729 1273 809 η’χὴν

147 825 297 906 δέμμελῆ
317 849 351 888 τε
372 830 426 890 κατ’
445 824 615 909 ἔμμουσον,
637 853 687 892 και
710 830 806 911 σ’ργῆς
825 824 912 909 ἐχνος
934 823 971 911 ἢ
969 832 1053 911 βοῆς
1075 829 1256 908 μα”ζονος
1241 850 1274 891 εν

175 924 263 1011 αύτῷ
286 928 342 988 ούκ
367 930 583 992 ἐπολιτεύετο·
627 924 734 1013 δβρεις
758 932 793 993 δὲ
823 933 863 991 ού
883 931 979 1008 μόνον
1000 930 1083 1023 τισίν
1110 930 1167 991 ούκ
1200 929 1274 991 6716-
1303 977 1308 985 .

140 1028 281 1105 τριβεν
302 1026 383 1089 α’λλύ
399 1028 453 1092 καί
472 1028 544 1103 τούς
565 1028 755 1113 ύβριστδς’
740 1035 853 1109 εμιᾛσει
878 1022 915 1112 ἦν
935 1028 993 1113 γὰρ
1018 1030 1275 1111 ἐπιτιμῆσαιμέν

175 1127 286 1206 πρᾶος,
308 1130 474 1192 ἐπαινέσαι
495 1132 530 1193 δὲ
551 1128 762 1209 παιδευτικύς.
931 1195 933 1201 ,

276 1230 319 1291 Et
340 1230 374 1290 δὲ
395 1233 449 1291 καί
471 1229 500 1294 οἱ
522 1229 576 1293 διδ
600 1237 722 1293 πολλῶν
743 1235 807 1309 τών,
824 1234 975 1296 ἐνιαυτοῖν
997 1229 1098 1317 τούτῳ
1121 1234 1276 1314 ἐξυπηρε-

133 1324 347 1411 τοτησύμενοι
371 1328 448 1408 πρὸς
470 1330 505 1393 τδ
530 1324 606 1414 ἦθος
629 1332 728 1395 αύτού
751 1336 806 1397 καί
828 1329 884 1414 τῆν
909 1330 1145 1413 καλοκαγαθίαν
1160 1354 1277 1411 μετερ-

177 1424 342 1510 ρύθμισαν
364 1429 422 1505 τὰς
440 1431 568 1513 γνώμας
591 1428 697 1496 αύτών
718 1432 773 1496 καί
793 1433 1038 1511 πεπαιδευμένοι
1062 1430 1139 1495 κατὰ
1161 1432 1406 1501 sonori-laabin.

176 1551 230 1591 τον
251 1529 407 1611 γεγόνασι,
428 1530 525 1613 χύρις
548 1530 671 1595 πύντονν
692 1536 737 1619 τῷ
751 1539 882 1610 βασιλεῖ
898 1536 942 1617 τῷ
963 1528 1060 1604 οὕτως
1082 1531 1197 1608 αύτούς
1218 1558 1277 1596 κα-

176 1629 370 1711 ταρτίσαντι.
414 1635 467 1694 καί
481 1629 541 1715 γύρ
563 1630 592 1695 οἱ
615 1629 730 1695 τούτου
749 1632 934 1724 οἰκειύτατοι
950 1628 1190 1714 καίέγγύτὶιτοι,
1209 1627 1310 1703 ὅσοι,
1356 1619 1363 1623 ”

176 1730 235 1808 μὲν
254 1731 366 1809 γνώσει
388 1735 442 1794 κατ’
463 1727 543 1819 λόγῳ
564 1733 626 1794 τών
649 1723 752 1795 ύλλισν
776 1736 950 1854 διέφερον,
980 1733 1122 1817 ἀτυφίαν
1150 1734 1277 1799 ἐπεδεί-

134 1846 289 1899 15κνυντο
310 1854 362 1892 και
387 1831 561 1915 δημοτικήν
581 1826 662 1913 πρὸς
685 1832 803 1906 πάντας
825 1831 1048 1915 ἀναστροφήν,
1081 1858 1132 1895 και
1156 1835 1300 1911 α’λαζο-

178 1928 263 2003 νειάς
285 1925 431 2048 ύπῆρχον
456 1932 627 2013 α’νώτεροι,
658 1933 696 2015 τῇ
716 1929 824 2018 γνώμῃ
854 1930 898 2013 μὴ
928 1929 1156 2013 ἐπαιρόμενοι·
1192 1928 1278 2007 δσοις

178 2033 213 2093 66
238 2028 317 2111 πρὸς
337 2030 372 2095 τὸ
392 2027 697 2114 στρατιωτικώτερον
718 2031 736 2114 ἡ
760 2030 897 2113 διαγωγὴ
917 2028 1182 2112 ἐπεπαίδευτοῇ
1166 2058 1279 2115 ρώμα-

178 2129 329 2195 λεώτατοι
349 2134 407 2211 μὲν
428 2128 508 2196 κατὰ
534 2130 649 2216 ’χεῖρας
671 2128 865 2214 ἐτύγχανον,
898 2132 931 2196 τὸ
954 2136 989 2196 δέ
1021 2126 1106 2214 ηθος
1130 2135 1169 2196 ού
1198 2132 1277 2198 κατὰ

178 2232 374 2314 στρατιώτας
399 2228 485 2314 εἶχον
508 2231 644 2315 σκληρὸν
674 2236 730 2295 καί
750 2232 946 2317 αἐίθασσσν,
978 2233 1048 2295 ἄλλ’
1081 2226 1196 2317 ἥμερον
1228 2234 1282 2297 καί

133 2328 374 2416 γοεύπρύσιτον.
418 2337 528 2407 κοινώς
558 2335 592 2395 δὲ
618 2336 731 2409 πάντες
758 2343 824 2410 ταῖς
848 2333 1039 2417 εδεργεσιάις
1062 2337 1125 2397 τών
1150 2335 1282 2417 α’νθρώ-

180 2458 247 2496 πιον
269 2432 570 2529 ἐπευιγραινύμενοι,
593 2433 746 2498 ούδέποεε
768 2432 822 2499 τὸν
843 2438 978 2516 βασιλέα
1001 2438 1063 2499 τών
1092 2434 1281 2517 εὐεργεσιῶν

183 2533 364 2613 α’πέχεσθαι
385 2536 649 2615 συνεβούλευσαν,
672 2535 754 2597 α’λλοὶ
779 2535 834 2599 καί
853 2540 973 2616 μᾶλλον
998 2534 1089 2600 ούτοί
1106 2537 1282 2613 μεσιτείαις

124 2698 129 2711 ,
182 2641 338 2716 χρησταῖς
356 2634 412 2696 καί
432 2630 572 2714 ἐπαίνοις
592 2638 647 2699 καί
667 2642 732 2709 τοῖς
766 2628 873 2713 ἄλλοις
902 2638 1075 2720 ἐπαγωγοῖς
1103 2631 1182 2720 πρὸς
1208 2634 1281 2715 μείωΔ

184 2929 217 2984 sti
237 2946 348 2993 amaus,
374 2938 401 2981 et
419 2928 571 2985 mitissimus
600 2929 623 2985 si
645 2931 703 3001 quis
723 2930 792 2985 alius
811 2941 837 2983 et
855 2931 981 2999 loquendi
1012 2938 1117 2997 tempus
1137 2940 1164 2983 et
1181 2928 1283 2983 silentii

185 3003 288 3054 sciens:
316 3011 396 3070 atque
420 3010 535 3069 tautum,
562 3010 591 3055 ut
617 3005 737 3054 iudicans
758 3010 784 3053 et
802 3002 966 3053 decisionem
991 3001 1105 3053 afferens
1124 3009 1204 3069 atque
1224 3018 1284 3052 cum

184 3074 330 3126 adversarii
358 3088 440 3127 voees
466 3074 632 3141 perturbatas
658 3074 809 3123 emitterent
837 3078 918 3138 sa'epe
944 3074 1014 3123 inter
1039 3088 1068 3123 se
1095 3080 1121 3122 et
1145 3071 1283 3123 iracundas

184 3146 270 3231 ipsum
288 3146 364 3198 illum
384 3146 542 3198 observaret
560 3159 710 3195 sermonum
731 3156 824 3195 sonum
846 3145 1004 3194 concinnum
1025 3150 1051 3194 et
1069 3156 1213 3206 canorum,
1232 3157 1284 3193 ne.

185 3232 238 3283 que
255 3219 312 3269 irae
330 3219 475 3284 vestigium
495 3214 540 3268 vel
560 3213 683 3265 clamoris
701 3215 810 3265 maioris
830 3215 857 3265 in
878 3230 910 3266 eo
930 3224 1069 3283 ageretur:
1090 3179 1214 3287 superbi6
1232 3229 1284 3265 au-

184 3295 237 3339 tem
254 3304 310 3340 non
341 3288 427 3339 solum
456 3287 587 3337 nemiuem
613 3286 757 3370 alliciebat,
786 3287 833 3338 sed
853 3288 931 3337 etiam
950 3286 1079 3352 superbos
1100 3283 1207 3337 oderat.
1228 3291 1285 3336 erat

186 3360 303 3410 enimin
322 3359 499 3423 vituperando
519 3357 588 3408 mitm
613 3366 640 3409 et
667 3360 696 3411 in
713 3357 845 3409 laudando
873 3359 1000 3409 excitans.

255 3429 356 3493 Quodsi
374 3429 508 3496 etiamqui
520 3429 677 3494 permultos
691 3444 775 3481 annes
788 3429 849 3480 huie
866 3430 1026 3492 servierant,
1039 3431 1071 3482 ad
1087 3431 1145 3483 eius
1161 3442 1248 3479 mores
1259 3435 1286 3477 et

183 3500 311 3551 virtutem
321 3508 492 3552 mutaverunt
503 3514 564 3551 suas
574 3502 720 3552 sententias
738 3508 764 3551 et
776 3502 878 3552 educati
892 3502 958 3553 adeo
975 3509 1051 3562 suut,
1067 3500 1154 3567 gratia
1170 3500 1286 3549 omnium

182 3571 251 3637 regi,
265 3572 309 3638 qui
327 3573 365 3622 ita
380 3586 427 3623 eos
443 3571 638 3623 euormaverm.
658 3573 755 3622 etenim
772 3574 816 3639 qui
833 3571 894 3622 huie
909 3571 1109 3623 familiarissimi
1128 3578 1154 3621 et
1172 3570 1287 3636 proximi

184 3650 269 3706 eraut,
288 3650 419 3710 quotquot
440 3642 621 3710 intelligentia
642 3644 790 3693 et-ratione
808 3644 905 3694 ceteris
929 3640 1112 3706 excellebant,
1130 3641 1286 3692 modestiam

183 3712 359 3766 ostendebant
383 3723 410 3766 et
435 3713 592 3795 popularem
617 3729 675 3763 eum
704 3713 825 3764 omnibus
854 3712 1082 3775 consuetudinem,
1103 3721 1130 3763 et
1158 3710 1286 3762 iactantia

184 3792 260 3836 erant
275 3787 439 3850 superiores,
457 3785 589 3838 sententia
603 3799 657 3835 non
676 3783 754 3835 elati·
766 3785 860 3851 quibus
880 3793 966 3835 autem
981 3784 1012 3833 ad
1025 3783 1146 3834 militiam
1166 3782 1285 3835 conditio

185 3855 297 3908 educata
317 3865 381 3919 erat,
401 3856 560 3909 validissimi
586 3855 691 3922 quidem
710 3856 832 3907 manibus
853 3864 941 3918 erant,
972 3868 1059 3905 mores
1078 3863 1165 3907 aetem
1184 3868 1237 3905 uon
1257 3859 1287 3903 ut

184 3925 285 3977 milites
303 3926 435 3979 habebant
454 3928 533 3978 duros
554 3934 581 3977 et
599 3927 681 3989 feros,
701 3925 749 3977 sed
767 3934 918 3979 mansuetos
938 3933 964 3976 et
983 3940 1090 3977 comes·
1111 3916 1286 3976 communiter

185 4005 273 4049 autem
301 4012 392 4050 omnes
412 3998 550 4050 benefieiis
569 3998 703 4049 hominum
729 3997 856 4049 delectati
885 4012 1018 4064 nunquam
1037 4012 1128 4065 regem
1147 3994 1286 4047 benefieiis

185 4069 322 4122 abstinere
339 4070 511 4134 studuerunt,
536 4069 583 4121 sed
602 4071 681 4120 etiam
701 4069 786 4136 magis
811 4070 863 4135 ipsi
881 4069 1009 4120 modestia
1029 4066 1099 4119 bona
1118 4075 1144 4117 et
1162 4065 1284 4117 laudibus

144 4188 149 4198 ,
185 4148 213 4193 et
231 4143 330 4194 ceteris
349 4140 574 4194 oblectationibus
593 4140 625 4193 ad
643 4139 743 4193 maiora
762 4139 893 4194 beneficia
915 4154 1005 4211 regem
1023 4138 1200 4207 precabantur
1219 4150 1284 4209 pro.

252 4233 345 4295 'utos
366 4236 448 4293 sset.
468 4237 533 4302 diist·
1068 4235 1103 4291 tt
