2875 4734
189 279 193 283 ’
254 241 324 374 ni
539 302 1048 373 a1cnasnrsarranroran

249 469 392 549 βασιλίδι
413 465 642 550 ἐπιδεδήμηκε,
671 464 706 529 vi
732 469 845 531 οἰκεϊον
870 468 990 547 πλῆθος
1016 461 1199 528 καταλιπών
1219 460 1274 524 καί
1294 462 1349 546 τὴν

250 568 446 649 αὐτομολίαν
468 565 703 648 αἱρετισοέμενος
729 552 949 648 α’πρσαίρετσν.
992 568 1047 628 καί
1068 563 1086 645 ἦ
1109 565 1213 642 αἰτία,
1231 555 1347 644 ὅτιπερ

172 715 183 734 .
250 665 462 742 ὃσουλτιίνος
498 666 514 730 o‘
544 669 600 750 τῆς
630 669 776 750 Περσίας
806 669 946 746 κρατῶν,
980 666 1146 744 δυσμενοῦς
1162 661 1249 745 ἔχων
1271 660 1348 745 πρὸς
1394 665 1401 673 “

248 771 360 832 τοῦτον
392 767 434 844 οἷς
463 767 665 853 ἀποστάτην,
698 766 854 850 στρατισὶν
873 769 946 830 Ικατ’
966 767 1067 828 αὐτοῦ
1089 768 1143 827 καί
1171 762 1347 847 α’γελάρχην

230 869 452 933 ,ἀπέστειλεν
482 857 527 931 ὧν
549 870 594 956 τῷ
616 867 706 954 φόβῳ
732 865 950 940 κατασεισθείς
970 867 1027 927 ode
1052 857 1155 939 ἄλλως
1177 863 1369 946 διαδρᾶναι5

247 970 301 1036 τδν
328 971 472 1034 κίνδυνον
498 967 704 1052 διεσκόπησεν
732 960 755 1050 ἢ
778 970 821 1054 τῷ
848 974 1043 1051 προσφυγεῖν
1074 967 1120 1051 τῷ
1140 968 1271 1045 βασιλεῖ
1284 966 1345 1026 τῶν

244 1065 420 1150 Ῥωμαίων.
468 1063 543 1150 ddi
568 1072 623 1132 καί
655 1066 734 1131 narni
758 1068 834 1131 νοῦν
857 1065 943 1151 αὕτη]
970 1060 1224 1148 προκεχώρηκεν·
1267 1062 1346 1125 rine-

249 1172 351 1254 δέχθη
382 1175 441 1249 μὲν
472 1170 532 1252 γάρ
545 1215 555 1244 ,
578 1171 634 1232 καί
654 1164 767 1249 α’σινης
792 1168 835 1253 τῷ
859 1165 933 1254 οἴκῳ
955 1167 1012 1229 τοῦ
1037 1167 1251 1238 διασωθέντος
1273 1165 1345 1246 παρ’

249 1273 347 1335 ednod
373 1265 612 1352 κουροπαλάτσυ
635 1269 850 1351 προσεδέχθη.
907 1265 922 1329 ὁ
947 1270 982 1330 δὲ
1001 1265 1150 1346 βασιλεὺς
1175 1266 1233 1326 ουίι
1253 1258 1346 1328 εὔθε-

247 1395 298 1446 τος
320 1369 607 1456 αδτῷκατεφσὶνη,
631 1367 765 1452 μηκαδ
787 1362 865 1447 ὅψιν
890 1365 987 1430 αὐτὸν
1009 1363 1135 1448 α’γαγων
1158 1366 1199 1427 δι’
1220 1364 1344 1448 ἡμερῶν
1355 1384 1390 1437 10

246 1474 305 1536 ode
326 1473 450 1554 ὀλίγων.
495 1464 563 1533 εἶτα
590 1473 646 1551 τῆς
667 1467 845 1551 συγκλήτου
879 1465 1088 1548 συνάθροισιν
1108 1463 1187 1545 μετὰ
1211 1469 1267 1548 τῆς
1287 1490 1345 1529 σο-

246 1563 365 1658 νὴθσυς
396 1571 640 1653 λαμπροφορίας
674 1568 885 1652 ποιησάμενος
913 1565 972 1654 ὁρᾷ
1004 1569 1116 1630 τοῦτον
1146 1571 1179 1630 ἐν
1200 1569 1244 1654 τῷ
1265 1591 1345 1651 χρυ·
1422 1626 1429 1630 .

246 1674 428 1756 σοτρικλίνηι
459 1673 532 1751 περί
549 1661 603 1752 τήν
632 1671 690 1732 τοῦ
717 1669 809 1751 ἡλίου
845 1665 999 1750 ἐπιτολήν.
1043 1669 1111 1732 τότε
1132 1670 1296 1745 δὲπάντες
1315 1667 1343 1733 οἱ

246 1767 404 1846 συνιόντες
427 1774 481 1832 καί
501 1766 535 1834 τό
559 1769 757 1854 διανοητικδν
780 1766 836 1832 εἴτ’
856 1761 913 1832 οὖν
935 1767 1121 1852 αἰσθητικὸν
1141 1765 1344 1851 ἰσχυρότερον

245 1869 369 1953 ἔχοντες
393 1871 446 1934 ε’πί
467 1873 579 1952 μεῖζον
599 1869 657 1955 την
682 1866 794 1955 φωνην
815 1861 897 1952 η’ραν
917 1867 972 1932 καί
991 1869 1147 1944 τὸπάθος
1170 1866 1281 1951 ἐξῆραν
1302 1869 1345 1946 ιδς
1356 1879 1392 1932 15

245 1969 280 2034 τδ
305 1970 406 2046 εἰκός·
450 1976 519 2045 νέος
536 1973 595 2051 μὲν
618 1969 679 2054 γάρ
705 1963 781 2053 ἤνδ
811 1971 932 2054 φανείς,
954 1977 1113 2051 πυγμσῖος
1143 1969 1177 2031 δὲ
1198 1966 1254 2052 τήν
1275 1965 1345 2052 ἡλι-

245 2074 318 2134 κιάν
341 2069 468 2153 σχεδόν,
493 2063 551 2156 τήν
573 2063 649 2152 ὄψιν
671 2069 798 2154 Σκύθης
820 2071 875 2132 καί
896 2061 1024 2152 ἄχαρις,
1044 2065 1151 2153 ἐπειδὴ
1173 2073 1230 2132 καί
1251 2073 1344 2134 τοῦτο

239 2170 385 2252 τὸγένος
407 2177 440 2236 ἐκ
463 2175 596 2235 Σκυθῶν
618 2175 672 2235 καί
678 2173 743 2254 ’τῆς
764 2168 891 2235 ἐκείνων
913 2170 1103 2254 κακοηθείας
1125 2170 1180 2232 καί
1201 2173 1344 2253 δυσμορ-

245 2255 323 2356 φίᾶς
344 2272 525 2354 κατάγεται.
546 2271 682 2357 τιμήσας
704 2275 740 2335 δὲ
763 2275 872 2336 τοῦτον
895 2266 910 2333 ὅ
930 2268 1083 2353 βασιλεῦς
1103 2269 1268 2356 πρόεδρον,
1293 2272 1347 2336 καί
1432 2334 1435 2358 ,

243 2375 470 2453 συμβαλέσθαι
491 2377 602 2437 τοῦτον
624 2370 701 2457 πρὸς
720 2371 777 2456 την
798 2372 876 2438 κατοὶ
894 2376 955 2436 τῶν
974 2371 1124 2456 Τσδρκοον
1144 2373 1392 2456 ε’κστρστείακθθ
1430 2360 1435 2372 ’

161 2485 169 2492 “
243 2472 283 2533 ου’
303 2474 425 2554 μικραῖς
448 2475 577 2558 οἰηθείς,
599 2476 631 2550 ἐξ
653 2476 774 2536 ἐκείνου
796 2475 915 2538 διεῖπεν
937 2471 1048 2550 αὐτόν..

365 2576 435 2638 Καί
465 2570 522 2655 τήν
547 2577 580 2636 ἐν
613 2576 654 2658 τῇ
675 2570 893 2662 βασιλευούσῃ
923 2577 1184 2656 παραχειμασίαν
1213 2575 1343 2648 τελέσας

243 2671 414 2756 κατάλογον
447 2675 651 2759 στρατιωτῶν
681 2676 856 2759 ἐπεποίητο.
912 2677 968 2739 καί
994 2677 1243 2758 διαπεραιωθεὶς
1268 2666 1343 2758 ἇρτι

237 2897 238 2900 ¹
314 2840 355 2892 17.
377 2842 562 2908 sntttc„
606 2915 610 2926 .

243 2988 407 3045 consecrat,
427 2983 497 3049 quod
517 2981 655 3046 soltanus,
674 2982 791 3036 Persidis
812 2984 974 3050 imperator,
994 2985 1117 3036 inimicas
1136 2983 1198 3035 hnic
1217 2991 1341 3052 tanquam

242 3052 372 3120 proditori
399 3055 545 3104 exercituin
572 3062 664 3106 contra
691 3071 749 3106 eum
779 3063 805 3106 et
824 3056 936 3123 agminis
966 3055 1059 3106 ducem
1083 3057 1205 3108 miseret:
1228 3070 1342 3122 qnorum

242 3131 314 3174 metu
334 3124 474 3189 perculsus
494 3139 548 3176 non
568 3125 647 3178 aliter
666 3141 695 3178 sc
715 3127 836 3194 effugere
851 3126 997 3192 pericnlum
1015 3127 1154 3194 perspexit
1170 3127 1223 3179 nisi
1242 3126 1341 3178 conin-

243 3202 320 3262 geret
344 3196 377 3246 ad
399 3211 496 3263 regern.
514 3196 690 3249 Graecorum:
720 3198 747 3249 id
772 3198 843 3265 quod
871 3200 950 3249 etiarn
979 3214 1012 3249 ex
1039 3199 1126 3248 animo
1152 3199 1177 3248 ei
1196 3199 1341 3264 processit.
1433 3246 1434 3255 ,

244 3274 372 3333 exceptus
393 3268 460 3316 enirn
482 3275 530 3330 est,
552 3275 578 3318 et
595 3267 738 3320 incolumis
756 3269 833 3320 dorne
853 3271 952 3321 servati
972 3270 1004 3320 ab
1027 3284 1059 3320 eo
1089 3267 1237 3336 curopalati
1258 3285 1342 3320 acce-

243 3347 304 3403 ptus
325 3347 373 3389 est.
412 3353 459 3388 rex
478 3347 563 3388 autern
582 3353 635 3391 non
655 3339 748 3391 favere
764 3342 788 3390 ei
808 3341 882 3392 visus
902 3348 951 3403 est,
971 3357 1029 3392 curn
1049 3349 1109 3391 non·
1121 3341 1149 3391 in
1168 3348 1342 3406 conspectum

243 3425 318 3462 suum
339 3424 398 3460 eum
417 3410 560 3461 adduceret
578 3425 626 3477 per
645 3411 701 3461 dies
722 3426 776 3461 non
795 3424 910 3477 paucos;
938 3412 1034 3462 deinde
1053 3419 1159 3464 senatus
1179 3419 1342 3464 conventum

243 3495 302 3532 curn
322 3481 402 3533 solita
423 3482 621 3549 magnificentia
638 3483 780 3533 instituens
802 3482 875 3533 videt
894 3481 1009 3533 huncio
1029 3496 1111 3533 aureo
1130 3481 1248 3532 triclinio
1269 3484 1343 3532 circa

242 3551 327 3604 solem
346 3553 485 3604 orientem.
523 3559 678 3604 tornantem
698 3567 790 3604 omncs
810 3553 855 3620 qui
877 3554 1001 3605 adessent
1020 3561 1049 3619 et
1065 3554 1179 3604 animam
1198 3555 1256 3604 sive
1274 3567 1343 3603 sen.
1431 3554 1435 3577 ¹

242 3638 298 3675 snm
318 3623 475 3676 validiorem
494 3623 632 3687 haberent,
652 3625 737 3691 inagis
755 3639 849 3674 vocem
869 3623 1015 3689 tollebant,
1037 3632 1063 3674 ct
1080 3623 1151 3692 quod
1169 3639 1261 3691 passus
1282 3632 1343 3674 erat

243 3694 390 3746 efferebant
407 3703 437 3746 ut
455 3710 567 3761 aequum
598 3703 662 3746 crat.
708 3695 815 3746 invenis
835 3697 904 3746 enirn
925 3703 981 3746 erat
1000 3695 1067 3758 ille,
1086 3710 1232 3763 pygmaeus
1251 3703 1344 3745 antem

242 3764 300 3817 fere
323 3767 393 3832 quod
413 3774 527 3818 aetatem
546 3767 654 3829 attinet}
676 3767 747 3834 quod
765 3775 911 3833 aspectans,
938 3765 1038 3831 Scytha
1059 3775 1086 3816 et
1103 3767 1210 3817 minime
1231 3766 1343 3818 suavis:

241 3839 365 3905 qnoniam
386 3839 463 3889 etiam
482 3837 535 3888 hoc
554 3853 638 3905 genus
657 3837 793 3902 eScythis
812 3846 839 3888 et
857 3837 964 3888 illorum
983 3838 1116 3903 pravitate
1135 3845 1162 3887 et
1180 3837 1345 3888 deformitn.
1433 3872 1434 3897 3

241 3909 303 3961 dine
321 3909 468 3961 deducitur.
515 3908 585 3959 hunc
614 3916 701 3960 autern
720 3923 770 3959 rex
788 3909 917 3976 praesidis
936 3909 1065 3974 dignitate
1091 3909 1211 3971 ornavit,
1231 3916 1259 3958 et
1277 3908 1345 3975 qnia

238 3979 322 4032 malta
343 3980 453 4030 eumad
481 3979 676 4045 expeditionem
706 3988 798 4031 contra
817 3980 913 4032 ancas
944 3978 1102 4031 collatarum
1121 3979 1239 4046 putabat,
1259 3978 1346 4029 iami-

238 4049 343 4102 liariter
363 4064 395 4101 eo
416 4050 512 4100 exinde
532 4064 594 4100 usus
614 4058 664 4102 est.

341 4137 375 4190 Et
393 4135 512 4189 hibernis
532 4137 560 4187 in
572 4139 647 4205 regia
660 4139 775 4204 peractis
788 4139 921 4190 delectum
936 4138 1046 4191 militnm
1059 4140 1191 4192 instituit:
1212 4147 1239 4190 et
1249 4146 1348 4192 trans·
1433 4162 1435 4175 ·

241 4219 351 4280 prnsus
368 4208 447 4266 tnodo
476 4223 541 4263 vere
561 4209 716 4291 vincipiente
745 4210 817 4262 circa
841 4210 927 4280 ipsum
951 4211 1020 4266 diem
1039 4209 1154 4266 illustris
1171 4211 1261 4265 dictae
1278 4210 1352 4267 adei
