2875 4734
238 233 286 310 td
528 227 750 323 moninus
775 231 1036 302 ututuromn
1097 289 1100 294 .
1134 190 1147 306 J

236 395 382 484 θδρρησε
408 396 444 462 τδ
470 396 682 478 ‘Potamon‘
704 393 795 463 καίδ
826 394 1063 478 {lectisternia
1084 397 1211 481 ἐπίτῆς
1233 395 1340 478 αδλῆς

236 499 292 563 ἕνα
314 495 491 584 στρατηγὸν
525 496 763 582 distringor,
784 495 884 586 τούτῳ
906 494 964 570 τιὶς
994 491 1161 580 ἑσπερίους
1183 490 1340 576 δυνάμεις

236 597 336 675 εδθδς
360 597 542 682 ἐνεχείρισε.
594 597 650 662 καί
668 594 703 672 tc
723 594 804 672 κατὰ
828 597 863 661 τδ
896 593 1050 681 φρούριον
1071 597 1126 681 τῆς
1147 589 1339 679 Χαριουπί-

236 706 315 775 λεως
336 697 470 782 γεγονιδς
490 694 576 773 ἐκτδς
597 696 713 784 ταύτης
735 696 789 761 τδν
808 691 937 779 χάρακα
964 699 1098 786 τιθεται,
1139 690 1257 776 μοθοδν
1278 685 1341 757 οὖν

237 797 280 876 οδς
301 801 423 882 πλῆθος
445 799 502 864 ουίι
524 798 742 882 εδαρίθμητον
754 797 889 861 Σκυθῶν
908 787 979 879 ὅρτι
996 793 1179 880 προσβαλδν
1198 791 1237 879 τοὶ
1263 796 1341 879 περί
1348 801 1366 852 5

139 905 145 916 ’
235 896 293 982 τήν
305 899 454 962 Χαλκίδα
477 899 532 964 καί
557 896 820 983 Ἀρκαδιοδπολιν
835 894 889 959 καί
909 890 970 960 δσα
986 894 1206 984 δυσμικοδτερα
1218 894 1341 960 τούτων

236 991 386 1081 ληίζεται,
400 991 480 1080 ίίροις
493 1000 614 1064 ἐκεῖθεν
626 998 825 1083 πανστρατιᾷ
848 1003 914 1071 τοῖς
931 992 1109 1079 βαρβάροις
1124 978 1340 1080 καταπληκτιῖ-

237 1099 299 1171 urta
320 1097 546 1182 ἐπιφαίνεται·
589 1101 644 1164 καί
665 1095 725 1172 τὰς
750 1095 918 1181 φάλαγγας
939 1093 1069 1174 ἐκτάξας
1090 1098 1266 1179 πολεμικῶς
1285 1095 1342 1159 καί

235 1201 370 1282 θαρρεῖν
389 1195 690 1282 παρεγγυησιῖμενος
707 1194 770 1260 οἷπδ
792 1194 927 1282 ῥυτῆρος
942 1191 1061 1282 ἤλαυνε
1080 1202 1147 1262 κατ’
1164 1198 1277 1261 adroic.
1305 1192 1340 1258 οἱ

238 1298 273 1363 δέ
290 1295 370 1382 πρὸς
391 1297 503 1381 καιρόν
525 1296 726 1381 οἷντισχόντες
739 1304 794 1365 καί
811 1297 866 1381 τὴν
878 1293 986 1382 μα’χην
1001 1297 1262 1379 ἐπισυνάψαντες,
1283 1297 1340 1363 καί
1350 1303 1381 1356 10

237 1401 282 1474 εἰς
303 1396 400 1482 α’λκῆν
427 1395 662 1484 διερεθίσανεες
691 1394 835 1476 ἑαυτούς,
855 1399 918 1463 τοῖν
932 1397 1101 1475 Ῥωμαίων
1132 1398 1339 1478 ἐπικειμένων

236 1498 291 1564 καί
311 1495 448 1575 πολλοδς
472 1496 686 1582 ἀναιρούντων
702 1499 747 1572 εἰς
771 1498 877 1584 φυγὴν
898 1496 953 1562 καί
972 1489 1100 1572 εἴκοντες
1119 1493 1261 1562 ἔνευσαν.
1284 1495 1342 1562 καί

196 1617 202 1630 “
236 1602 294 1684 τῆς
316 1600 453 1678 διώξεως
475 1596 529 1663 ἐπί
547 1600 626 1662 πολὺ
652 1600 820 1683 γενομένης
841 1592 957 1681 συχνοί
974 1601 1038 1663 ταῖν
1061 1601 1194 1664 Σκυθῶν
1214 1595 1339 1667 ἔπεσον.

238 1693 305 1764 εἶτα
327 1701 383 1764 καί
404 1695 502 1788 λόχοι,
517 1698 641 1766 τούτων
664 1695 785 1782 α’θρδοκ
808 1706 874 1774 τοῖς
895 1702 949 1764 ἐπί
968 1702 1024 1782 τῆς
1046 1699 1198 1783 οὐραγίας
1221 1701 1341 1782 ἐπιχυ-

238 1810 347 1885 θέντες
368 1808 423 1872 καί
441 1807 536 1872 αυ’τοι“
558 1811 599 1895 τῇ
628 1811 715 1896 φορᾷ
736 1811 798 1873 τῶν
819 1806 1017 1873 ἐλαυνόντων
1039 1806 1241 1892 ἡττήθησαν·
1285 1807 1341 1872 καί
1351 1821 1381 1873 15

166 1905 169 1912 ’
238 1908 353 1983 πάντες
390 1906 473 1991 ἐμοῦ
507 1906 774 1992 συνεδιώχθησαν
804 1898 886 1992 οἷχρι
919 1911 979 1974 τοῦ
1002 1903 1182 1974 Ῥεντακίου
1208 1910 1340 1990 βουνοῦ.

98 2032 119 2089 η,
140 2028 191 2089 174
206 2045 229 2088 1,
238 2010 294 2075 καί
324 2011 355 2076 εί
389 2007 434 2092 μὴ
465 2016 530 2083 τοῖς
564 2010 697 2092 δρυμοῖς
728 2011 784 2074 καί
805 2017 875 2087 ταῖς
903 2007 1018 2084 νάπαις
1047 2012 1249 2096 κατέφυγον,
1280 2002 1357 2073 κᾶν

238 2108 356 2176 ἔκειντο
377 2107 498 2196 ,πάντες
524 2103 592 2194 ’τῆς
617 2106 802 2196 Ῥωμαϊκῆς
828 2113 993 2195 μαχαίρας
1031 2110 1198 2195 γενόμενοι·
1231 2134 1342 2194 παρα-

240 2206 385 2293 νδλωμα.

344 2316 463 2380 Τοῦτον
492 2314 528 2379 δέ
559 2311 613 2378 τδν
647 2311 766 2397 τρόπον
802 2315 1062 2402 προτερησάντων
1083 2312 1384 2398 temporalitati

239 2415 321 2497 μετὰ
347 2413 463 2502 χρόνον
485 2415 555 2478 τινα
580 2411 670 2500 φήμη
693 2438 742 2489 τις
765 2412 922 2498 ἐπιτρέχει
955 2413 1029 2492 τοδς
1054 2416 1182 2489 Σκύθας
1205 2417 1341 2498 λέγουσα

239 2515 319 2596 μετὰ
341 2512 510 2595 δυνάμεως
527 2514 634 2598 ἱκανῆς
657 2519 874 2597 παρεμβαλεῖν
896 2515 942 2590 εἰς
964 2513 1021 2581 τδν
1045 2511 1240 2597 Ἰόπλιτζόν·Ι
1285 2511 1341 2578 τδ-
1423 2510 1424 2517 ¹

240 2637 299 2692 πος
320 2616 356 2680 δέ
381 2605 475 2690 οὗτος
498 2615 539 2678 ου’
558 2613 672 2698 μικρὸν
698 2607 819 2680 ἄποθεν
847 2617 903 2699 τῆς
918 2608 1213 2702 Ἀδριανουπόλεως
1232 2617 1342 2698 κείμε-
1423 2662 1424 2665 ¹

243 2913 339 2968 Graeci
366 2920 392 2966 et
415 2928 463 2966 rex
492 2926 526 2966 ex
551 2913 695 2968 curialibus
721 2929 802 2967 unum
831 2915 924 2967 ducem
951 2929 1045 2967 creans
1072 2914 1135 2967 lruic
1160 2913 1342 2969 occidentales

159 3014 163 3020 ·
243 2987 316 3038 vires
340 2985 427 3037 statim
450 2985 575 3038 tradidit.¹
609 2995 691 3055 atque
719 2986 764 3037 hic
788 2987 815 3037 in
847 2985 959 3039 castello
983 2985 1154 3053 Glariopolis
1183 2987 1342 3039 constitutus

243 3041 406 3110 extra‘hanc
425 3055 525 3108 vallum
538 3058 611 3110 iacit.
650 3075 709 3110 cum
727 3059 809 3126 igitur
827 3059 987 3120 audivisset,
1006 3057 1199 3110 multitudinem
1218 3059 1342 3110 innume.

167 3149 172 3162 ·
241 3127 354 3179 rabilem
368 3127 524 3193 Scytharum
541 3144 628 3196 nuper
639 3144 793 3198 aggressam
812 3132 939 3197 regiones
957 3128 1091 3181 Gltalcidis
1112 3137 1138 3180 et
1155 3127 1341 3195 Arcadiopolis

244 3207 270 3248 et
289 3198 418 3266 quae-his
437 3200 521 3266 magis
540 3200 572 3250 ad
594 3201 760 3256 occidentem
779 3208 839 3252 sunt
858 3216 936 3252 versa
954 3199 1089 3266 spoliare,
1117 3200 1254 3267 proiectus
1279 3201 1342 3251 inde
1422 3210 1423 3215 ’

244 3285 302 3321 cum
321 3276 377 3321 toto
395 3270 514 3320 exercitu
525 3270 644 3322 barbaris
663 3279 767 3323 terrens
787 3279 910 3338 apparet:
928 3279 955 3321 et
973 3280 1111 3339 postquam
1130 3270 1278 3339 phalanges
1296 3271 1341 3322 in·
1384 3295 1388 3300 v

244 3339 340 3390 struxit
359 3340 391 3390 ad
409 3338 510 3392 bellum
530 3349 556 3392 et
575 3349 603 3392 ut
623 3341 706 3418 sortes
727 3350 817 3394 essent
834 3342 937 3392 monuit
954 3343 1030 3410 equis
1049 3343 1166 3394 incitatis
1185 3342 1340 3408 prolicisce.

244 3409 321 3461 batur
345 3418 438 3462 contra
465 3426 528 3463 eos:
556 3411 597 3463 illi
622 3421 710 3464 autem
736 3414 903 3479 intempore
922 3413 1078 3466 resistentes
1097 3421 1256 3481 etpugnam
1275 3426 1343 3463 con.

243 3489 365 3534 serentes
386 3483 463 3534 etad
482 3484 663 3536 tortitudinem
683 3486 832 3536 excitantes
850 3498 896 3547 se,
922 3498 980 3533 cum
1002 3483 1097 3536 Graeci
1116 3484 1150 3536 iis
1169 3485 1298 3535 instarent
1316 3490 1343 3533 et

243 3551 342 3605 multos
369 3551 563 3618 interficerent,
589 3556 616 3606 in
643 3556 731 3623 lugam
751 3555 796 3606 vel
815 3555 893 3606 inviti
913 3552 1083 3606 inclinarunt.
1122 3562 1225 3606 etcum
1247 3568 1342 3620 perse.

243 3623 314 3675 cutio
343 3622 422 3677 valde
446 3625 523 3676 fieret
547 3625 623 3676 multi
648 3624 805 3692 Scytharum
832 3626 1000 3677 ceciderunt:
1025 3625 1121 3677 deinde
1141 3626 1219 3695 etiam
1238 3625 1343 3693 agrnina

241 3692 335 3744 horum
350 3695 428 3747 simul
447 3704 539 3747 contra
556 3695 663 3747 ultimos
682 3697 766 3748 ellusa
785 3704 812 3747 et
825 3697 882 3763 ipsa
897 3697 923 3747 ri
939 3697 1152 3764 aggredientium
1170 3697 1242 3748 ricta
1266 3702 1342 3748 sunt:

220 3771 270 3822 „et
293 3780 384 3816 omnes
409 3767 486 3817 simul
513 3766 584 3833 pulsi
612 3775 673 3818 sunt
698 3783 784 3836 usque
804 3768 836 3820 ad
855 3767 1014 3819 lientaltium
1043 3765 1158 3818 collem:
1186 3773 1265 3834 atque
1291 3766 1344 3817 nisi

240 3834 273 3884 ad
292 3833 376 3918 silyas
395 3843 422 3886 et
446 3836 532 3889 valles
553 3837 748 3907 confugissent,
767 3838 914 3890 tacuissent
932 3852 1025 3890 omnes
1047 3838 1145 3890 Graeci
1172 3836 1256 3905 gladii
1280 3836 1345 3888 facti

241 3919 391 3972 opsonium.

340 3991 399 4043 Ηοο
417 4000 506 4045 autem
530 3994 609 4046 modo
635 4012 694 4048 cum
714 3998 869 4064 superiores
889 3996 953 4048 iacti
974 4003 1065 4050 essent
1084 3996 1196 4061 Graeci,
1223 4004 1345 4063 tempore

240 4060 331 4131 aliquo
356 4070 417 4131 post
440 4064 508 4114 lama
527 4067 654 4133 quaedam
674 4070 807 4134 percurrit
820 4066 933 4134 Scythas
951 4067 1042 4119 dicens
1062 4083 1121 4118 cnm
1140 4069 1168 4121 vi
1193 4067 1346 4120 sufficiente

240 4133 360 4188 incidere
377 4135 406 4188 in
416 4134 564 4204 Toplitrum
584 4136 676 4208 (locus
689 4146 779 4192 autern
797 4139 842 4191 hic
859 4153 914 4192 non
929 4139 1053 4207 exignum
1072 4137 1148 4194 abest
1165 4138 1344 4194 abddriano.
