<?xml version="1.0" encoding="UTF-8"?>
<!DOCTYPE html PUBLIC "-//W3C//DTD XHTML 1.0 Transitional//EN"
    "http://www.w3.org/TR/xhtml1/DTD/xhtml1-transitional.dtd">
<html xmlns="http://www.w3.org/1999/xhtml" xml:lang="en" lang="en">
 <head>
  <title>
</title>
<meta http-equiv="Content-Type" content="text/html;charset=utf-8" />
  <meta name='ocr-system' content='tesseract 3.04.00' />
  <meta name='ocr-capabilities' content='ocr_page ocr_carea ocr_par ocr_line ocrx_word'/>
</head>
<body>
  <div class='ocr_page' id='page_1' title='image "./corpusscriptoru05theogoog_0299.png"; bbox 0 0 2875 4734; ppageno 0'>
   <div class='ocr_carea' id='block_1_1' title="bbox 594 228 1297 310">
    <p class='ocr_par' dir='ltr' id='par_1_1' title="bbox 594 228 1297 310">
     <span class='ocr_line' id='line_1_1' title="bbox 594 228 1297 310; baseline 0.006 -4"><span class='ocrx_word' id='word_1_1' title='bbox 594 238 804 309; x_wconf 73' lang='lat' dir='ltr'><strong>msromn</strong></span> <span class='ocrx_word' id='word_1_2' title='bbox 852 256 855 265; x_wconf 38' lang='lat' dir='ltr'><strong><em>f</em></strong></span> <span class='ocrx_word' id='word_1_3' title='bbox 1160 228 1247 310; x_wconf 70' lang='lat' dir='ltr'><strong>ist</strong></span> <span class='ocrx_word' id='word_1_4' title='bbox 1289 239 1297 253; x_wconf 53' lang='lat'>⁸</span> 
     </span>
    </p>
   </div>
   <div class='ocr_carea' id='block_1_2' title="bbox 102 403 1384 2705">
    <p class='ocr_par' dir='ltr' id='par_1_2' title="bbox 153 403 1255 799">
     <span class='ocr_line' id='line_1_2' title="bbox 158 403 1255 499; baseline 0.005 -25"><span class='ocrx_word' id='word_1_5' title='bbox 158 408 258 493; x_wconf 77' lang='grc' dir='ltr'><strong><em>αι’τῆν</em></strong></span> <span class='ocrx_word' id='word_1_6' title='bbox 279 410 323 486; x_wconf 69' lang='lat' dir='ltr'><strong>uic</strong></span> <span class='ocrx_word' id='word_1_7' title='bbox 342 403 381 475; x_wconf 80' lang='grc' dir='ltr'><strong>όν</strong></span> <span class='ocrx_word' id='word_1_8' title='bbox 404 410 438 476; x_wconf 85' lang='grc' dir='ltr'><strong>εἴ</strong></span> <span class='ocrx_word' id='word_1_9' title='bbox 452 434 536 487; x_wconf 86' lang='grc' dir='ltr'><strong><em>τινες</em></strong></span> <span class='ocrx_word' id='word_1_10' title='bbox 557 410 643 494; x_wconf 86' lang='grc' dir='ltr'><strong><em>κριοί</em></strong></span> <span class='ocrx_word' id='word_1_11' title='bbox 661 412 716 475; x_wconf 83' lang='grc' dir='ltr'><strong>καί</strong></span> <span class='ocrx_word' id='word_1_12' title='bbox 735 417 910 495; x_wconf 82' lang='grc' dir='ltr'><strong><em>βουκολίων</em></strong></span> <span class='ocrx_word' id='word_1_13' title='bbox 924 416 1035 497; x_wconf 73' lang='grc' dir='ltr'><strong><em>οἶμίλαι</em></strong></span> <span class='ocrx_word' id='word_1_14' title='bbox 1055 412 1134 499; x_wconf 86' lang='grc' dir='ltr'><strong><em>πρός</em></strong></span> <span class='ocrx_word' id='word_1_15' title='bbox 1153 420 1255 479; x_wconf 86' lang='grc' dir='ltr'><strong><em>κολω-</em></strong></span> 
     </span>
     <span class='ocr_line' id='line_1_3' title="bbox 155 503 1255 599; baseline 0.003 -25"><span class='ocrx_word' id='word_1_16' title='bbox 155 506 229 586; x_wconf 84' lang='grc' dir='ltr'><strong><em>νοός</em></strong></span> <span class='ocrx_word' id='word_1_17' title='bbox 251 503 271 593; x_wconf 74' lang='grc' dir='ltr'><strong><em>ἢ</em></strong></span> <span class='ocrx_word' id='word_1_18' title='bbox 293 508 475 594; x_wconf 77' lang='grc' dir='ltr'><strong><em>Σεμιράμια</em></strong></span> <span class='ocrx_word' id='word_1_19' title='bbox 501 515 590 594; x_wconf 83' lang='grc' dir='ltr'><strong><em>τείχη</em></strong></span> <span class='ocrx_word' id='word_1_20' title='bbox 623 512 682 587; x_wconf 85' lang='grc' dir='ltr'><strong><em>τοὶς</em></strong></span> <span class='ocrx_word' id='word_1_21' title='bbox 706 513 791 589; x_wconf 80' lang='grc' dir='ltr'><strong><em>ἰδίας</em></strong></span> <span class='ocrx_word' id='word_1_22' title='bbox 822 512 1082 597; x_wconf 85' lang='grc' dir='ltr'><strong><em>πρυοαρόττουσι</em></strong></span> <span class='ocrx_word' id='word_1_23' title='bbox 1101 510 1255 599; x_wconf 76' lang='grc' dir='ltr'><strong><em>κεφαλάς,</em></strong></span> 
     </span>
     <span class='ocr_line' id='line_1_4' title="bbox 154 602 1252 697; baseline 0.004 -26"><span class='ocrx_word' id='word_1_24' title='bbox 154 604 328 694; x_wconf 68' lang='grc' dir='ltr'><strong><em>η”κηφῆνες</em></strong></span> <span class='ocrx_word' id='word_1_25' title='bbox 348 612 596 695; x_wconf 80' lang='grc' dir='ltr'><strong><em>περιβομβοόσιν</em></strong></span> <span class='ocrx_word' id='word_1_26' title='bbox 613 602 733 696; x_wconf 67' lang='grc' dir='ltr'><strong><em>ἄνδρας</em></strong></span> <span class='ocrx_word' id='word_1_27' title='bbox 752 611 1020 696; x_wconf 68' lang='grc' dir='ltr'><strong><em>μιμοντολίτορας.</em></strong></span> <span class='ocrx_word' id='word_1_28' title='bbox 1063 609 1093 677; x_wconf 77' lang='grc' dir='ltr'><strong>οἱ</strong></span> <span class='ocrx_word' id='word_1_29' title='bbox 1113 615 1172 691; x_wconf 76' lang='grc' dir='ltr'><strong>μὲν</strong></span> <span class='ocrx_word' id='word_1_30' title='bbox 1191 609 1252 697; x_wconf 75' lang='grc' dir='ltr'><strong>γὰρ</strong></span> 
     </span>
     <span class='ocr_line' id='line_1_5' title="bbox 153 706 1254 799; baseline 0.003 -27"><span class='ocrx_word' id='word_1_31' title='bbox 153 710 218 793; x_wconf 75' lang='grc' dir='ltr'><strong><em>τὴν.</em></strong></span> <span class='ocrx_word' id='word_1_32' title='bbox 231 706 335 793; x_wconf 74' lang='grc' dir='ltr'><strong><em>α’ρχὴν</em></strong></span> <span class='ocrx_word' id='word_1_33' title='bbox 348 710 579 793; x_wconf 75' lang='grc' dir='ltr'><strong><em>καταλαβόντες</em></strong></span> <span class='ocrx_word' id='word_1_34' title='bbox 602 716 644 799; x_wconf 76' lang='grc' dir='ltr'><strong><em>τῷ</em></strong></span> <span class='ocrx_word' id='word_1_35' title='bbox 664 716 794 792; x_wconf 81' lang='grc' dir='ltr'><strong><em>βασιλεῖ</em></strong></span> <span class='ocrx_word' id='word_1_36' title='bbox 805 714 1027 797; x_wconf 77' lang='grc' dir='ltr'><strong><em>κατεφάνησαν</em></strong></span> <span class='ocrx_word' id='word_1_37' title='bbox 1040 710 1099 795; x_wconf 79' lang='grc' dir='ltr'><strong><em>την</em></strong></span> <span class='ocrx_word' id='word_1_38' title='bbox 1119 715 1153 776; x_wconf 77' lang='grc' dir='ltr'><strong>ἐν</strong></span> <span class='ocrx_word' id='word_1_39' title='bbox 1164 716 1254 791; x_wconf 68' lang='grc' dir='ltr'><strong><em>Βλα-</em></strong></span> 
     </span>
    </p>

    <p class='ocr_par' dir='ltr' id='par_1_3' title="bbox 122 810 1254 1296">
     <span class='ocr_line' id='line_1_6' title="bbox 122 810 1254 897; baseline -0.001 -23"><span class='ocrx_word' id='word_1_40' title='bbox 122 822 143 874; x_wconf 86' lang='grc'><strong>5</strong></span> <span class='ocrx_word' id='word_1_41' title='bbox 153 814 283 891; x_wconf 82' lang='grc' dir='ltr'><strong><em>χέρναις</em></strong></span> <span class='ocrx_word' id='word_1_42' title='bbox 303 810 593 893; x_wconf 57' lang='grc' dir='ltr'><strong><em>προκαταλαβόντα</em></strong></span> <span class='ocrx_word' id='word_1_43' title='bbox 615 810 801 895; x_wconf 84' lang='grc' dir='ltr'><strong><em>όκρόπολιν,</em></strong></span> <span class='ocrx_word' id='word_1_44' title='bbox 824 816 880 876; x_wconf 89' lang='grc' dir='ltr'><strong>καί</strong></span> <span class='ocrx_word' id='word_1_45' title='bbox 896 835 983 887; x_wconf 85' lang='grc' dir='ltr'><strong><em>τινας</em></strong></span> <span class='ocrx_word' id='word_1_46' title='bbox 1000 810 1254 897; x_wconf 82' lang='grc' dir='ltr'><strong><em>όκροβολισμοός</em></strong></span> 
     </span>
     <span class='ocr_line' id='line_1_7' title="bbox 153 908 1254 998; baseline 0.002 -25"><span class='ocrx_word' id='word_1_47' title='bbox 153 910 210 973; x_wconf 83' lang='grc' dir='ltr'><strong>καί</strong></span> <span class='ocrx_word' id='word_1_48' title='bbox 228 908 408 991; x_wconf 86' lang='grc' dir='ltr'><strong><em>προοβολός</em></strong></span> <span class='ocrx_word' id='word_1_49' title='bbox 431 908 465 973; x_wconf 76' lang='grc' dir='ltr'><strong>ἐκ</strong></span> <span class='ocrx_word' id='word_1_50' title='bbox 484 917 548 975; x_wconf 74' lang='grc' dir='ltr'><strong><em>τῶν</em></strong></span> <span class='ocrx_word' id='word_1_51' title='bbox 569 912 668 991; x_wconf 83' lang='grc' dir='ltr'><strong><em>τόξων</em></strong></span> <span class='ocrx_word' id='word_1_52' title='bbox 683 912 738 977; x_wconf 83' lang='grc' dir='ltr'><strong><em>κατ’</em></strong></span> <span class='ocrx_word' id='word_1_53' title='bbox 755 909 956 998; x_wconf 81' lang='grc' dir='ltr'><strong><em>πετροβόλων</em></strong></span> <span class='ocrx_word' id='word_1_54' title='bbox 979 912 1121 998; x_wconf 79' lang='grc' dir='ltr'><strong><em>όργόνων</em></strong></span> <span class='ocrx_word' id='word_1_55' title='bbox 1143 908 1254 996; x_wconf 67' lang='lat' dir='ltr'><strong>etproi-</strong></span> 
     </span>
     <span class='ocr_line' id='line_1_8' title="bbox 151 1004 1253 1095; baseline 0.003 -23"><span class='ocrx_word' id='word_1_56' title='bbox 151 1010 260 1090; x_wconf 83' lang='grc' dir='ltr'><strong><em>σαντο,</em></strong></span> <span class='ocrx_word' id='word_1_57' title='bbox 283 1007 424 1094; x_wconf 81' lang='grc' dir='ltr'><strong><em>ἔπραξαν</em></strong></span> <span class='ocrx_word' id='word_1_58' title='bbox 446 1013 481 1075; x_wconf 83' lang='grc' dir='ltr'><strong>δὲ</strong></span> <span class='ocrx_word' id='word_1_59' title='bbox 499 1012 596 1075; x_wconf 70' lang='grc' dir='ltr'><strong><em>οὐδὲν</em></strong></span> <span class='ocrx_word' id='word_1_60' title='bbox 612 1004 635 1095; x_wconf 67' lang='lat' dir='ltr'><strong>r&#39;}</strong></span> <span class='ocrx_word' id='word_1_61' title='bbox 650 1006 724 1078; x_wconf 81' lang='grc' dir='ltr'><strong><em>ὅσον</em></strong></span> <span class='ocrx_word' id='word_1_62' title='bbox 747 1012 896 1092; x_wconf 76' lang='grc' dir='ltr'><strong><em>ἐπίδειξίν</em></strong></span> <span class='ocrx_word' id='word_1_63' title='bbox 912 1036 983 1078; x_wconf 87' lang='grc' dir='ltr'><strong><em>τινα</em></strong></span> <span class='ocrx_word' id='word_1_64' title='bbox 1001 1016 1057 1095; x_wconf 80' lang='grc' dir='ltr'><strong>τῆς</strong></span> <span class='ocrx_word' id='word_1_65' title='bbox 1079 1014 1253 1095; x_wconf 84' lang='grc' dir='ltr'><strong><em>α’νταροίας</em></strong></span> 
     </span>
     <span class='ocr_line' id='line_1_9' title="bbox 151 1110 1254 1196; baseline 0.004 -25"><span class='ocrx_word' id='word_1_66' title='bbox 151 1118 359 1192; x_wconf 76' lang='grc' dir='ltr'><strong><em>προενεγκεῖν.</em></strong></span> <span class='ocrx_word' id='word_1_67' title='bbox 382 1142 385 1148; x_wconf 62' lang='grc'><strong>’</strong></span> <span class='ocrx_word' id='word_1_68' title='bbox 411 1112 640 1195; x_wconf 82' lang='grc' dir='ltr'><strong><em>όπισθόρμητσι</em></strong></span> <span class='ocrx_word' id='word_1_69' title='bbox 683 1116 717 1176; x_wconf 84' lang='grc' dir='ltr'><strong>δὲ</strong></span> <span class='ocrx_word' id='word_1_70' title='bbox 759 1110 917 1196; x_wconf 71' lang='grc' dir='ltr'><strong><em>γεγονότες</em></strong></span> <span class='ocrx_word' id='word_1_71' title='bbox 950 1115 1254 1196; x_wconf 77' lang='grc' dir='ltr'><strong><em>τραυματισθέντων</em></strong></span> 
     </span>
     <span class='ocr_line' id='line_1_10' title="bbox 150 1206 1250 1296; baseline 0.002 -25"><span class='ocrx_word' id='word_1_72' title='bbox 150 1209 209 1273; x_wconf 81' lang='grc' dir='ltr'><strong>καί</strong></span> <span class='ocrx_word' id='word_1_73' title='bbox 226 1213 319 1272; x_wconf 72' lang='grc' dir='ltr'><strong><em>τινοῖν</em></strong></span> <span class='ocrx_word' id='word_1_74' title='bbox 350 1214 383 1289; x_wconf 75' lang='grc' dir='ltr'><strong>ἐξ</strong></span> <span class='ocrx_word' id='word_1_75' title='bbox 406 1211 534 1292; x_wconf 71' lang='grc' dir='ltr'><strong><em>αὐτῶν,</em></strong></span> <span class='ocrx_word' id='word_1_76' title='bbox 551 1214 623 1275; x_wconf 87' lang='grc' dir='ltr'><strong><em>’καί</em></strong></span> <span class='ocrx_word' id='word_1_77' title='bbox 643 1222 707 1289; x_wconf 81' lang='grc' dir='ltr'><strong><em>τοῖς</em></strong></span> <span class='ocrx_word' id='word_1_78' title='bbox 732 1206 840 1288; x_wconf 82' lang='grc' dir='ltr'><strong><em>όίλλοις</em></strong></span> <span class='ocrx_word' id='word_1_79' title='bbox 870 1214 991 1296; x_wconf 76' lang='grc' dir='ltr'><strong><em>τείχεσι</em></strong></span> <span class='ocrx_word' id='word_1_80' title='bbox 1013 1212 1250 1295; x_wconf 78' lang='grc' dir='ltr'><strong><em>πλησιάσαντες,</em></strong></span> 
     </span>
    </p>

    <p class='ocr_par' dir='ltr' id='par_1_4' title="bbox 102 1304 1254 1796">
     <span class='ocr_line' id='line_1_11' title="bbox 102 1304 1253 1396; baseline 0.004 -24"><span class='ocrx_word' id='word_1_81' title='bbox 102 1320 141 1374; x_wconf 84' lang='lat'><strong>10</strong></span> <span class='ocrx_word' id='word_1_82' title='bbox 152 1307 339 1392; x_wconf 77' lang='grc' dir='ltr'><strong><em>δβριστικός</em></strong></span> <span class='ocrx_word' id='word_1_83' title='bbox 370 1309 481 1396; x_wconf 87' lang='grc' dir='ltr'><strong><em>φωνός</em></strong></span> <span class='ocrx_word' id='word_1_84' title='bbox 515 1304 538 1395; x_wconf 76' lang='grc' dir='ltr'><em>ἢ</em></span> <span class='ocrx_word' id='word_1_85' title='bbox 564 1312 731 1395; x_wconf 80' lang='grc' dir='ltr'><strong><em>παροινίας</em></strong></span> <span class='ocrx_word' id='word_1_86' title='bbox 766 1310 855 1395; x_wconf 85' lang='grc' dir='ltr'><strong><em>παρό</em></strong></span> <span class='ocrx_word' id='word_1_87' title='bbox 883 1319 946 1379; x_wconf 78' lang='grc' dir='ltr'><strong><em>τῶν</em></strong></span> <span class='ocrx_word' id='word_1_88' title='bbox 970 1314 1106 1378; x_wconf 76' lang='grc' dir='ltr'><strong><em>πολιτῶν</em></strong></span> <span class='ocrx_word' id='word_1_89' title='bbox 1135 1311 1253 1395; x_wconf 86' lang='grc' dir='ltr'><strong><em>η’νωτί-</em></strong></span> 
     </span>
     <span class='ocr_line' id='line_1_12' title="bbox 150 1405 1254 1498; baseline 0.001 -25"><span class='ocrx_word' id='word_1_90' title='bbox 150 1430 255 1490; x_wconf 83' lang='grc' dir='ltr'><strong><em>σαντο,</em></strong></span> <span class='ocrx_word' id='word_1_91' title='bbox 277 1414 334 1473; x_wconf 90' lang='grc' dir='ltr'><strong>καί</strong></span> <span class='ocrx_word' id='word_1_92' title='bbox 352 1409 503 1488; x_wconf 75' lang='grc' dir='ltr'><strong><em>ἀκοντίοις</em></strong></span> <span class='ocrx_word' id='word_1_93' title='bbox 525 1416 581 1476; x_wconf 86' lang='grc' dir='ltr'><strong>καί</strong></span> <span class='ocrx_word' id='word_1_94' title='bbox 599 1416 702 1487; x_wconf 89' lang='grc' dir='ltr'><strong><em>λίθοις</em></strong></span> <span class='ocrx_word' id='word_1_95' title='bbox 716 1405 972 1498; x_wconf 79' lang='grc' dir='ltr'><strong><em>οἷπεσοβήθησαν,</em></strong></span> <span class='ocrx_word' id='word_1_96' title='bbox 993 1410 1049 1475; x_wconf 81' lang='grc' dir='ltr'><strong>καί</strong></span> <span class='ocrx_word' id='word_1_97' title='bbox 1069 1414 1179 1493; x_wconf 85' lang='grc' dir='ltr'><strong><em>μίμοις</em></strong></span> <span class='ocrx_word' id='word_1_98' title='bbox 1200 1434 1254 1493; x_wconf 80' lang='lat' dir='ltr'><strong>ya-</strong></span> 
     </span>
     <span class='ocr_line' id='line_1_13' title="bbox 151 1500 1253 1598; baseline 0.004 -27"><span class='ocrx_word' id='word_1_99' title='bbox 151 1512 245 1572; x_wconf 87' lang='grc' dir='ltr'><strong><em>λοίων</em></strong></span> <span class='ocrx_word' id='word_1_100' title='bbox 276 1509 584 1596; x_wconf 79' lang='grc' dir='ltr'><strong><em>καθυπεβλὴθησαν,</em></strong></span> <span class='ocrx_word' id='word_1_101' title='bbox 619 1512 676 1577; x_wconf 81' lang='grc' dir='ltr'><strong>καί</strong></span> <span class='ocrx_word' id='word_1_102' title='bbox 709 1516 767 1598; x_wconf 78' lang='grc' dir='ltr'><strong>τῆς</strong></span> <span class='ocrx_word' id='word_1_103' title='bbox 796 1500 1019 1598; x_wconf 73' lang='grc' dir='ltr'><strong><em>ἀποκηρύξεως</em></strong></span> <span class='ocrx_word' id='word_1_104' title='bbox 1054 1508 1087 1575; x_wconf 71' lang='grc' dir='ltr'><strong>ἐν</strong></span> <span class='ocrx_word' id='word_1_105' title='bbox 1124 1508 1253 1586; x_wconf 78' lang='grc' dir='ltr'><strong><em>πολλοῖς</em></strong></span> 
     </span>
     <span class='ocr_line' id='line_1_14' title="bbox 151 1608 1253 1698; baseline 0.005 -27"><span class='ocrx_word' id='word_1_106' title='bbox 151 1608 286 1692; x_wconf 74' lang='grc' dir='ltr'><strong><em>ἡμέραις</em></strong></span> <span class='ocrx_word' id='word_1_107' title='bbox 306 1608 368 1692; x_wconf 87' lang='grc' dir='ltr'><strong>πρό</strong></span> <span class='ocrx_word' id='word_1_108' title='bbox 402 1614 459 1695; x_wconf 83' lang='grc' dir='ltr'><strong><em>τῆς</em></strong></span> <span class='ocrx_word' id='word_1_109' title='bbox 495 1612 615 1687; x_wconf 86' lang='grc' dir='ltr'><strong><em>πόλεως</em></strong></span> <span class='ocrx_word' id='word_1_110' title='bbox 649 1611 999 1696; x_wconf 77' lang='grc' dir='ltr'><strong><em>στρατοπεδευσάμενοι</em></strong></span> <span class='ocrx_word' id='word_1_111' title='bbox 1033 1615 1253 1698; x_wconf 82' lang='grc' dir='ltr'><strong><em>πληροφορίαν</em></strong></span> 
     </span>
     <span class='ocr_line' id='line_1_15' title="bbox 153 1703 1252 1796; baseline 0.001 -23"><span class='ocrx_word' id='word_1_112' title='bbox 153 1711 308 1785; x_wconf 76' lang='grc' dir='ltr'><strong><em>ἐδέξαντο.</em></strong></span> <span class='ocrx_word' id='word_1_113' title='bbox 352 1703 420 1792; x_wconf 79' lang='grc' dir='ltr'><strong><em>εἶχε</em></strong></span> <span class='ocrx_word' id='word_1_114' title='bbox 439 1710 500 1795; x_wconf 77' lang='grc' dir='ltr'><strong>γόρ</strong></span> <span class='ocrx_word' id='word_1_115' title='bbox 526 1706 669 1788; x_wconf 75' lang='grc' dir='ltr'><strong><em>ἅπαντας</em></strong></span> <span class='ocrx_word' id='word_1_116' title='bbox 697 1712 778 1796; x_wconf 78' lang='grc' dir='ltr'><strong><em>ἔρως</em></strong></span> <span class='ocrx_word' id='word_1_117' title='bbox 809 1712 964 1796; x_wconf 74' lang='grc' dir='ltr'><strong><em>ε’πιμανὴς</em></strong></span> <span class='ocrx_word' id='word_1_118' title='bbox 993 1716 1051 1777; x_wconf 80' lang='grc' dir='ltr'><strong><em>τοῦ</em></strong></span> <span class='ocrx_word' id='word_1_119' title='bbox 1073 1707 1252 1777; x_wconf 82' lang='grc' dir='ltr'><strong><em>Βοτανειοί-</em></strong></span> 
     </span>
    </p>

    <p class='ocr_par' dir='ltr' id='par_1_5' title="bbox 105 1809 1253 1994">
     <span class='ocr_line' id='line_1_16' title="bbox 105 1809 1253 1898; baseline 0.003 -27"><span class='ocrx_word' id='word_1_120' title='bbox 105 1821 142 1874; x_wconf 84' lang='grc'><strong>15</strong></span> <span class='ocrx_word' id='word_1_121' title='bbox 151 1832 220 1893; x_wconf 82' lang='grc' dir='ltr'><strong><em>του,</em></strong></span> <span class='ocrx_word' id='word_1_122' title='bbox 239 1815 295 1873; x_wconf 78' lang='grc' dir='ltr'><strong><em>κατ’</em></strong></span> <span class='ocrx_word' id='word_1_123' title='bbox 313 1809 371 1894; x_wconf 73' lang='grc' dir='ltr'><strong><em>τὴν</em></strong></span> <span class='ocrx_word' id='word_1_124' title='bbox 392 1813 511 1875; x_wconf 81' lang='grc' dir='ltr'><strong><em>ἐκείνου</em></strong></span> <span class='ocrx_word' id='word_1_125' title='bbox 540 1816 702 1894; x_wconf 84' lang='grc' dir='ltr'><strong><em>βασίλειον</em></strong></span> <span class='ocrx_word' id='word_1_126' title='bbox 720 1812 891 1897; x_wconf 76' lang='grc' dir='ltr'><strong><em>ἐπιδημίαν</em></strong></span> <span class='ocrx_word' id='word_1_127' title='bbox 924 1810 965 1888; x_wconf 83' lang='grc' dir='ltr'><strong>τός</strong></span> <span class='ocrx_word' id='word_1_128' title='bbox 985 1817 1158 1898; x_wconf 76' lang='grc' dir='ltr'><strong><em>ἐπιδημίαν</em></strong></span> <span class='ocrx_word' id='word_1_129' title='bbox 1175 1813 1253 1875; x_wconf 79' lang='grc' dir='ltr'><strong><em>θεοῦ</em></strong></span> 
     </span>
     <span class='ocr_line' id='line_1_17' title="bbox 150 1913 391 1994; baseline 0.008 -21"><span class='ocrx_word' id='word_1_130' title='bbox 150 1913 391 1994; x_wconf 76' lang='grc' dir='ltr'><strong><em>προσεδέχοντο.</em></strong></span> 
     </span>
    </p>

    <p class='ocr_par' dir='ltr' id='par_1_6' title="bbox 150 2003 1255 2300">
     <span class='ocr_line' id='line_1_18' title="bbox 239 2003 1253 2099; baseline 0.001 -23"><span class='ocrx_word' id='word_1_131' title='bbox 239 2014 368 2096; x_wconf 82' lang='grc' dir='ltr'><strong><em>Μηδὲν</em></strong></span> <span class='ocrx_word' id='word_1_132' title='bbox 397 2014 434 2076; x_wconf 76' lang='grc' dir='ltr'><strong>δὲ</strong></span> <span class='ocrx_word' id='word_1_133' title='bbox 464 2015 528 2079; x_wconf 84' lang='grc' dir='ltr'><strong><em>τιόν</em></strong></span> <span class='ocrx_word' id='word_1_134' title='bbox 550 2003 593 2078; x_wconf 76' lang='grc' dir='ltr'><strong>ὧν</strong></span> <span class='ocrx_word' id='word_1_135' title='bbox 612 2007 744 2097; x_wconf 78' lang='grc' dir='ltr'><strong><em>ἤλπισεν</em></strong></span> <span class='ocrx_word' id='word_1_136' title='bbox 776 2014 872 2079; x_wconf 75' lang='lat' dir='ltr'><strong>iaci</strong></span> <span class='ocrx_word' id='word_1_137' title='bbox 893 2015 1072 2099; x_wconf 89' lang='grc' dir='ltr'><strong><em>Βρυεννίου</em></strong></span> <span class='ocrx_word' id='word_1_138' title='bbox 1094 2011 1253 2078; x_wconf 82' lang='grc' dir='ltr'><strong><em>ου’τόδελ-</em></strong></span> 
     </span>
     <span class='ocr_line' id='line_1_19' title="bbox 151 2107 1251 2199; baseline 0.001 -25"><span class='ocrx_word' id='word_1_139' title='bbox 151 2134 212 2197; x_wconf 92' lang='grc' dir='ltr'><strong><em>φος</em></strong></span> <span class='ocrx_word' id='word_1_140' title='bbox 229 2107 380 2197; x_wconf 84' lang='grc' dir='ltr'><strong><em>εόρηκιός,</em></strong></span> <span class='ocrx_word' id='word_1_141' title='bbox 402 2115 456 2177; x_wconf 81' lang='grc' dir='ltr'><strong>καί</strong></span> <span class='ocrx_word' id='word_1_142' title='bbox 475 2113 532 2196; x_wconf 72' lang='grc' dir='ltr'><strong><em>την</em></strong></span> <span class='ocrx_word' id='word_1_143' title='bbox 553 2117 599 2188; x_wconf 87' lang='grc' dir='ltr'><strong>είς</strong></span> <span class='ocrx_word' id='word_1_144' title='bbox 620 2113 677 2199; x_wconf 69' lang='grc' dir='ltr'><strong><em>τὴν</em></strong></span> <span class='ocrx_word' id='word_1_145' title='bbox 697 2114 933 2197; x_wconf 78' lang='grc' dir='ltr'><strong><em>βασιλεύουσαν</em></strong></span> <span class='ocrx_word' id='word_1_146' title='bbox 948 2113 1072 2180; x_wconf 84' lang='grc' dir='ltr'><strong><em>εἴσοδον</em></strong></span> <span class='ocrx_word' id='word_1_147' title='bbox 1084 2112 1251 2195; x_wconf 75' lang='grc' dir='ltr'><strong><em>α’πογνοός,</em></strong></span> 
     </span>
     <span class='ocr_line' id='line_1_20' title="bbox 150 2210 1255 2300; baseline 0 -25"><span class='ocrx_word' id='word_1_148' title='bbox 150 2210 365 2297; x_wconf 76' lang='grc' dir='ltr'><strong><em>διεπεραιώθη</em></strong></span> <span class='ocrx_word' id='word_1_149' title='bbox 396 2214 456 2298; x_wconf 80' lang='grc' dir='ltr'><strong><em>τὴν</em></strong></span> <span class='ocrx_word' id='word_1_150' title='bbox 482 2215 540 2277; x_wconf 77' lang='grc' dir='ltr'><strong><em>τοῦ</em></strong></span> <span class='ocrx_word' id='word_1_151' title='bbox 570 2210 662 2296; x_wconf 79' lang='grc' dir='ltr'><strong><em>όγίοο</em></strong></span> <span class='ocrx_word' id='word_1_152' title='bbox 694 2214 955 2297; x_wconf 82' lang='grc' dir='ltr'><strong><em>Παντελεὴμονος</em></strong></span> <span class='ocrx_word' id='word_1_153' title='bbox 984 2216 1146 2300; x_wconf 73' lang='grc' dir='ltr'><strong><em>γέφυραν·</em></strong></span> <span class='ocrx_word' id='word_1_154' title='bbox 1200 2210 1255 2275; x_wconf 86' lang='grc' dir='ltr'><strong>καί</strong></span> 
     </span>
    </p>

    <p class='ocr_par' dir='ltr' id='par_1_7' title="bbox 104 2311 1384 2705">
     <span class='ocr_line' id='line_1_21' title="bbox 104 2311 1252 2399; baseline -0.003 -21"><span class='ocrx_word' id='word_1_155' title='bbox 104 2316 285 2393; x_wconf 64' lang='grc' dir='ltr'><strong><em>θθθὲμενος</em></strong></span> <span class='ocrx_word' id='word_1_156' title='bbox 309 2314 342 2377; x_wconf 79' lang='grc' dir='ltr'><strong>ἒν</strong></span> <span class='ocrx_word' id='word_1_157' title='bbox 363 2324 428 2389; x_wconf 79' lang='grc' dir='ltr'><strong><em>τοῖς</em></strong></span> <span class='ocrx_word' id='word_1_158' title='bbox 452 2315 509 2378; x_wconf 81' lang='grc' dir='ltr'><strong><em>τόῦ</em></strong></span> <span class='ocrx_word' id='word_1_159' title='bbox 530 2316 647 2379; x_wconf 80' lang='grc' dir='ltr'><strong><em>Στενοό</em></strong></span> <span class='ocrx_word' id='word_1_160' title='bbox 671 2318 784 2399; x_wconf 80' lang='grc' dir='ltr'><strong><em>μέρεσι</em></strong></span> <span class='ocrx_word' id='word_1_161' title='bbox 813 2311 870 2398; x_wconf 79' lang='grc' dir='ltr'><strong><em>τ·η“υ</em></strong></span> <span class='ocrx_word' id='word_1_162' title='bbox 899 2312 1105 2397; x_wconf 74' lang='grc' dir='ltr'><strong><em>παρεμβολήν</em></strong></span> <span class='ocrx_word' id='word_1_163' title='bbox 1125 2314 1252 2396; x_wconf 32' lang='grc' dir='ltr'><strong><em>,παρῆλ-</em></strong></span> 
     </span>
     <span class='ocr_line' id='line_1_22' title="bbox 148 2410 1253 2502; baseline -0.001 -26"><span class='ocrx_word' id='word_1_164' title='bbox 148 2417 208 2477; x_wconf 83' lang='grc' dir='ltr'><strong>θεν</strong></span> <span class='ocrx_word' id='word_1_165' title='bbox 229 2418 480 2495; x_wconf 79' lang='grc' dir='ltr'><strong><em>συντεταγμένος</em></strong></span> <span class='ocrx_word' id='word_1_166' title='bbox 508 2410 551 2489; x_wconf 81' lang='grc' dir='ltr'><strong>ιός</strong></span> <span class='ocrx_word' id='word_1_167' title='bbox 579 2418 623 2502; x_wconf 74' lang='grc' dir='ltr'><strong><em>τῷ</em></strong></span> <span class='ocrx_word' id='word_1_168' title='bbox 646 2419 776 2497; x_wconf 78' lang='grc' dir='ltr'><strong><em>βασιλεῖ</em></strong></span> <span class='ocrx_word' id='word_1_169' title='bbox 803 2418 858 2480; x_wconf 83' lang='grc' dir='ltr'><strong>καί</strong></span> <span class='ocrx_word' id='word_1_170' title='bbox 877 2424 942 2489; x_wconf 82' lang='grc' dir='ltr'><strong><em>τοῖς</em></strong></span> <span class='ocrx_word' id='word_1_171' title='bbox 969 2419 1087 2487; x_wconf 82' lang='grc' dir='ltr'><strong><em>λοιποῖς</em></strong></span> <span class='ocrx_word' id='word_1_172' title='bbox 1109 2415 1253 2485; x_wconf 83' lang='grc' dir='ltr'><strong><em>πολίταις</em></strong></span> 
     </span>
     <span class='ocr_line' id='line_1_23' title="bbox 150 2508 1252 2606; baseline -0.002 -29"><span class='ocrx_word' id='word_1_173' title='bbox 150 2510 186 2577; x_wconf 72' lang='lat' dir='ltr'><strong>si</strong></span> <span class='ocrx_word' id='word_1_174' title='bbox 208 2516 267 2575; x_wconf 77' lang='grc' dir='ltr'><strong><em>τοιῖ</em></strong></span> <span class='ocrx_word' id='word_1_175' title='bbox 286 2519 470 2600; x_wconf 81' lang='grc' dir='ltr'><strong><em>προφανοῦς</em></strong></span> <span class='ocrx_word' id='word_1_176' title='bbox 487 2513 730 2599; x_wconf 87' lang='grc' dir='ltr'><strong><em>διοπτικοότερον</em></strong></span> <span class='ocrx_word' id='word_1_177' title='bbox 750 2511 977 2602; x_wconf 79' lang='grc' dir='ltr'><strong><em>φανησόμενος,</em></strong></span> <span class='ocrx_word' id='word_1_178' title='bbox 999 2516 1054 2579; x_wconf 85' lang='grc' dir='ltr'><strong>καί</strong></span> <span class='ocrx_word' id='word_1_179' title='bbox 1073 2510 1128 2577; x_wconf 86' lang='grc' dir='ltr'><strong><em>τόν</em></strong></span> <span class='ocrx_word' id='word_1_180' title='bbox 1149 2508 1252 2606; x_wconf 62' lang='lat' dir='ltr'><strong>orire·</strong></span> 
     </span>
     <span class='ocr_line' id='line_1_24' title="bbox 151 2612 1384 2705; baseline -0.002 -29"><span class='ocrx_word' id='word_1_181' title='bbox 151 2614 268 2699; x_wconf 85' lang='grc' dir='ltr'><strong><em>δελφον</em></strong></span> <span class='ocrx_word' id='word_1_182' title='bbox 299 2614 474 2701; x_wconf 78' lang='grc' dir='ltr'><strong><em>εδφημίαις</em></strong></span> <span class='ocrx_word' id='word_1_183' title='bbox 504 2615 586 2697; x_wconf 25' lang='grc' dir='ltr'><strong><em>,κατό</em></strong></span> <span class='ocrx_word' id='word_1_184' title='bbox 623 2612 782 2702; x_wconf 73' lang='grc' dir='ltr'><strong><em>διαδοχὴν</em></strong></span> <span class='ocrx_word' id='word_1_185' title='bbox 804 2612 946 2705; x_wconf 36' lang='grc' dir='ltr'><strong><em>,ἑκάστου</em></strong></span> <span class='ocrx_word' id='word_1_186' title='bbox 977 2617 1074 2699; x_wconf 86' lang='grc' dir='ltr'><strong><em>λόχου</em></strong></span> <span class='ocrx_word' id='word_1_187' title='bbox 1096 2616 1250 2699; x_wconf 87' lang='grc' dir='ltr'><strong><em>ε’τίμησεν.</em></strong></span> <span class='ocrx_word' id='word_1_188' title='bbox 1262 2620 1281 2674; x_wconf 86' lang='lat' dir='ltr'><strong>i.</strong></span> <span class='ocrx_word' id='word_1_189' title='bbox 1300 2620 1352 2677; x_wconf 82' lang='lat'><strong>222</strong></span> <span class='ocrx_word' id='word_1_190' title='bbox 1360 2635 1384 2673; x_wconf 88' lang='lat' dir='ltr'><strong>r.</strong></span> 
     </span>
    </p>
   </div>
   <div class='ocr_carea' id='block_1_3' title="bbox 146 2909 1342 3827">
    <p class='ocr_par' dir='ltr' id='par_1_8' title="bbox 148 2909 1342 3475">
     <span class='ocr_line' id='line_1_25' title="bbox 150 2909 1342 2981; baseline 0.002 -18"><span class='ocrx_word' id='word_1_191' title='bbox 150 2916 235 2963; x_wconf 81' lang='lat' dir='ltr'><strong>ventu</strong></span> <span class='ocrx_word' id='word_1_192' title='bbox 251 2910 386 2963; x_wconf 87' lang='lat' dir='ltr'><strong>exercitus</strong></span> <span class='ocrx_word' id='word_1_193' title='bbox 399 2911 578 2981; x_wconf 76' lang='lat' dir='ltr'><strong>obstupefacti</strong></span> <span class='ocrx_word' id='word_1_194' title='bbox 594 2921 669 2965; x_wconf 86' lang='lat' dir='ltr'><strong>suut:</strong></span> <span class='ocrx_word' id='word_1_195' title='bbox 689 2915 738 2965; x_wconf 90' lang='lat' dir='ltr'><strong>scd</strong></span> <span class='ocrx_word' id='word_1_196' title='bbox 756 2914 794 2965; x_wconf 87' lang='lat' dir='ltr'><strong>sic</strong></span> <span class='ocrx_word' id='word_1_197' title='bbox 807 2912 957 2964; x_wconf 74' lang='lat' dir='ltr'><strong>sentiebant</strong></span> <span class='ocrx_word' id='word_1_198' title='bbox 974 2911 1007 2961; x_wconf 91' lang='lat' dir='ltr'><strong>de</strong></span> <span class='ocrx_word' id='word_1_199' title='bbox 1027 2922 1070 2973; x_wconf 88' lang='lat' dir='ltr'><strong>ao,</strong></span> <span class='ocrx_word' id='word_1_200' title='bbox 1089 2914 1120 2961; x_wconf 88' lang='lat' dir='ltr'><strong>ut</strong></span> <span class='ocrx_word' id='word_1_201' title='bbox 1137 2909 1161 2961; x_wconf 88' lang='lat' dir='ltr'><strong>si</strong></span> <span class='ocrx_word' id='word_1_202' title='bbox 1178 2910 1251 2961; x_wconf 87' lang='lat' dir='ltr'><strong>arie.</strong></span> <span class='ocrx_word' id='word_1_203' title='bbox 1340 2957 1342 2965; x_wconf 93' lang='lat'>.</span> 
     </span>
     <span class='ocr_line' id='line_1_26' title="bbox 149 2978 1342 3052; baseline -0.001 -20"><span class='ocrx_word' id='word_1_204' title='bbox 149 2989 192 3033; x_wconf 89' lang='lat' dir='ltr'><strong>tes</strong></span> <span class='ocrx_word' id='word_1_205' title='bbox 211 2979 257 3032; x_wconf 82' lang='lat' dir='ltr'><strong>uel</strong></span> <span class='ocrx_word' id='word_1_206' title='bbox 284 2980 363 3032; x_wconf 89' lang='lat' dir='ltr'><strong>bou&#39;m</strong></span> <span class='ocrx_word' id='word_1_207' title='bbox 389 2998 488 3052; x_wconf 73' lang='lat' dir='ltr'><strong>greges</strong></span> <span class='ocrx_word' id='word_1_208' title='bbox 517 2986 550 3036; x_wconf 93' lang='lat' dir='ltr'><strong>ad</strong></span> <span class='ocrx_word' id='word_1_209' title='bbox 577 2982 663 3035; x_wconf 70' lang='lat' dir='ltr'><strong>miles</strong></span> <span class='ocrx_word' id='word_1_210' title='bbox 683 2983 729 3034; x_wconf 88' lang='lat' dir='ltr'><strong>vel</strong></span> <span class='ocrx_word' id='word_1_211' title='bbox 757 2996 846 3032; x_wconf 90' lang='lat' dir='ltr'><strong>muros</strong></span> <span class='ocrx_word' id='word_1_212' title='bbox 866 2980 1045 3033; x_wconf 77' lang='lat' dir='ltr'><strong>Semiramidis</strong></span> <span class='ocrx_word' id='word_1_213' title='bbox 1064 2994 1112 3030; x_wconf 88' lang='lat' dir='ltr'><strong>sua</strong></span> <span class='ocrx_word' id='word_1_214' title='bbox 1130 2978 1253 3047; x_wconf 84' lang='lat' dir='ltr'><strong>infligant</strong></span> <span class='ocrx_word' id='word_1_215' title='bbox 1338 2984 1342 2989; x_wconf 83' lang='grc'><strong>“</strong></span> 
     </span>
     <span class='ocr_line' id='line_1_27' title="bbox 151 3047 1252 3120; baseline 0 -19"><span class='ocrx_word' id='word_1_216' title='bbox 151 3053 248 3119; x_wconf 89' lang='lat' dir='ltr'><strong>capita,</strong></span> <span class='ocrx_word' id='word_1_217' title='bbox 269 3052 314 3104; x_wconf 86' lang='lat' dir='ltr'><strong>vel</strong></span> <span class='ocrx_word' id='word_1_218' title='bbox 336 3054 391 3105; x_wconf 87' lang='lat' dir='ltr'><strong>luci</strong></span> <span class='ocrx_word' id='word_1_219' title='bbox 411 3056 631 3119; x_wconf 81' lang='lat' dir='ltr'><strong>circumstrepant</strong></span> <span class='ocrx_word' id='word_1_220' title='bbox 649 3047 723 3103; x_wconf 85' lang='lat' dir='ltr'><strong>viros</strong></span> <span class='ocrx_word' id='word_1_221' title='bbox 743 3054 879 3120; x_wconf 85' lang='lat' dir='ltr'><strong>gigantum</strong></span> <span class='ocrx_word' id='word_1_222' title='bbox 900 3052 1078 3101; x_wconf 84' lang='lat' dir='ltr'><strong>coniectores.</strong></span> <span class='ocrx_word' id='word_1_223' title='bbox 1117 3051 1162 3115; x_wconf 90' lang='lat' dir='ltr'><strong>qui</strong></span> <span class='ocrx_word' id='word_1_224' title='bbox 1182 3052 1252 3101; x_wconf 88' lang='lat' dir='ltr'><strong>euim</strong></span> 
     </span>
     <span class='ocr_line' id='line_1_28' title="bbox 149 3120 1252 3190; baseline -0.002 -17"><span class='ocrx_word' id='word_1_225' title='bbox 149 3124 289 3190; x_wconf 84' lang='lat' dir='ltr'><strong>imperium</strong></span> <span class='ocrx_word' id='word_1_226' title='bbox 308 3132 470 3190; x_wconf 81' lang='lat' dir='ltr'><strong>acceperant</strong></span> <span class='ocrx_word' id='word_1_227' title='bbox 495 3124 554 3188; x_wconf 83' lang='lat' dir='ltr'><strong>regi</strong></span> <span class='ocrx_word' id='word_1_228' title='bbox 574 3132 762 3189; x_wconf 87' lang='lat' dir='ltr'><strong>apparuerunt,</strong></span> <span class='ocrx_word' id='word_1_229' title='bbox 782 3130 920 3189; x_wconf 82' lang='lat' dir='ltr'><strong>postquam</strong></span> <span class='ocrx_word' id='word_1_230' title='bbox 938 3120 1146 3174; x_wconf 84' lang='lat' dir='ltr'><strong>Blachernarum</strong></span> <span class='ocrx_word' id='word_1_231' title='bbox 1164 3136 1252 3171; x_wconf 84' lang='lat' dir='ltr'><strong>arcem</strong></span> 
     </span>
     <span class='ocr_line' id='line_1_29' title="bbox 150 3191 1251 3261; baseline 0 -17"><span class='ocrx_word' id='word_1_232' title='bbox 150 3201 228 3245; x_wconf 88' lang='lat' dir='ltr'><strong>antea</strong></span> <span class='ocrx_word' id='word_1_233' title='bbox 249 3202 397 3261; x_wconf 89' lang='lat' dir='ltr'><strong>ceperunt,</strong></span> <span class='ocrx_word' id='word_1_234' title='bbox 426 3201 452 3242; x_wconf 89' lang='lat' dir='ltr'><strong>et</strong></span> <span class='ocrx_word' id='word_1_235' title='bbox 479 3191 553 3242; x_wconf 81' lang='lat' dir='ltr'><strong>levia</strong></span> <span class='ocrx_word' id='word_1_236' title='bbox 571 3193 675 3259; x_wconf 85' lang='lat' dir='ltr'><strong>proelia</strong></span> <span class='ocrx_word' id='word_1_237' title='bbox 696 3201 723 3244; x_wconf 89' lang='lat' dir='ltr'><strong>et</strong></span> <span class='ocrx_word' id='word_1_238' title='bbox 747 3195 861 3261; x_wconf 90' lang='lat' dir='ltr'><strong>impetus</strong></span> <span class='ocrx_word' id='word_1_239' title='bbox 881 3192 994 3245; x_wconf 83' lang='lat' dir='ltr'><strong>arcubus</strong></span> <span class='ocrx_word' id='word_1_240' title='bbox 1017 3200 1044 3243; x_wconf 89' lang='lat' dir='ltr'><strong>ct</strong></span> <span class='ocrx_word' id='word_1_241' title='bbox 1070 3192 1251 3245; x_wconf 84' lang='lat' dir='ltr'><strong>instrumentis</strong></span> 
     </span>
     <span class='ocr_line' id='line_1_30' title="bbox 149 3264 1251 3333; baseline 0.001 -19"><span class='ocrx_word' id='word_1_242' title='bbox 149 3265 315 3317; x_wconf 90' lang='lat' dir='ltr'><strong>iaculatoriis</strong></span> <span class='ocrx_word' id='word_1_243' title='bbox 340 3271 543 3314; x_wconf 85' lang='lat' dir='ltr'><strong>conseruerunt.</strong></span> <span class='ocrx_word' id='word_1_244' title='bbox 595 3272 708 3333; x_wconf 74' lang='lat' dir='ltr'><strong>egerunt</strong></span> <span class='ocrx_word' id='word_1_245' title='bbox 725 3274 813 3316; x_wconf 86' lang='lat' dir='ltr'><strong>autem</strong></span> <span class='ocrx_word' id='word_1_246' title='bbox 837 3264 905 3315; x_wconf 91' lang='lat' dir='ltr'><strong>nihil</strong></span> <span class='ocrx_word' id='word_1_247' title='bbox 924 3265 978 3316; x_wconf 89' lang='lat' dir='ltr'><strong>nisi</strong></span> <span class='ocrx_word' id='word_1_248' title='bbox 996 3272 1025 3315; x_wconf 90' lang='lat' dir='ltr'><strong>nt</strong></span> <span class='ocrx_word' id='word_1_249' title='bbox 1044 3264 1251 3316; x_wconf 82' lang='lat' dir='ltr'><strong>ostentationem</strong></span> 
     </span>
     <span class='ocr_line' id='line_1_31' title="bbox 149 3333 1251 3401; baseline -0.001 -15"><span class='ocrx_word' id='word_1_250' title='bbox 149 3337 289 3387; x_wconf 86' lang='lat' dir='ltr'><strong>seditionis</strong></span> <span class='ocrx_word' id='word_1_251' title='bbox 314 3333 476 3399; x_wconf 80' lang='lat' dir='ltr'><strong>proferrent.</strong></span> <span class='ocrx_word' id='word_1_252' title='bbox 520 3336 663 3387; x_wconf 85' lang='lat' dir='ltr'><strong>redeuntes</strong></span> <span class='ocrx_word' id='word_1_253' title='bbox 692 3343 798 3401; x_wconf 86' lang='lat' dir='ltr'><strong>autam,</strong></span> <span class='ocrx_word' id='word_1_254' title='bbox 826 3351 884 3386; x_wconf 90' lang='lat' dir='ltr'><strong>cum</strong></span> <span class='ocrx_word' id='word_1_255' title='bbox 910 3337 989 3386; x_wconf 90' lang='lat' dir='ltr'><strong>etiam</strong></span> <span class='ocrx_word' id='word_1_256' title='bbox 1013 3334 1138 3386; x_wconf 90' lang='lat' dir='ltr'><strong>nonnulli</strong></span> <span class='ocrx_word' id='word_1_257' title='bbox 1166 3350 1199 3385; x_wconf 87' lang='lat' dir='ltr'><strong>ex</strong></span> <span class='ocrx_word' id='word_1_258' title='bbox 1216 3336 1251 3386; x_wconf 88' lang='lat' dir='ltr'><strong>iis</strong></span> 
     </span>
     <span class='ocr_line' id='line_1_32' title="bbox 148 3403 1251 3475; baseline -0.001 -18"><span class='ocrx_word' id='word_1_259' title='bbox 148 3406 283 3457; x_wconf 87' lang='lat' dir='ltr'><strong>vulnerati</strong></span> <span class='ocrx_word' id='word_1_260' title='bbox 304 3411 403 3467; x_wconf 88' lang='lat' dir='ltr'><strong>essent,</strong></span> <span class='ocrx_word' id='word_1_261' title='bbox 424 3411 450 3460; x_wconf 83' lang='lat' dir='ltr'><strong>ei</strong></span> <span class='ocrx_word' id='word_1_262' title='bbox 468 3403 580 3472; x_wconf 90' lang='lat' dir='ltr'><strong>reliquis</strong></span> <span class='ocrx_word' id='word_1_263' title='bbox 597 3407 736 3459; x_wconf 86' lang='lat' dir='ltr'><strong>moenibus</strong></span> <span class='ocrx_word' id='word_1_264' title='bbox 756 3408 1000 3475; x_wconf 84' lang='lat' dir='ltr'><strong>appropinquantes</strong></span> <span class='ocrx_word' id='word_1_265' title='bbox 1020 3404 1148 3472; x_wconf 88' lang='lat' dir='ltr'><strong>superbas</strong></span> <span class='ocrx_word' id='word_1_266' title='bbox 1167 3418 1251 3456; x_wconf 83' lang='lat' dir='ltr'><strong>voees</strong></span> 
     </span>
    </p>

    <p class='ocr_par' dir='ltr' id='par_1_9' title="bbox 149 3474 1251 3544">
     <span class='ocr_line' id='line_1_33' title="bbox 149 3474 1251 3544; baseline -0.001 -17"><span class='ocrx_word' id='word_1_267' title='bbox 149 3476 196 3527; x_wconf 82' lang='lat' dir='ltr'><strong>vel</strong></span> <span class='ocrx_word' id='word_1_268' title='bbox 214 3476 326 3526; x_wconf 88' lang='lat' dir='ltr'><strong>iniurias</strong></span> <span class='ocrx_word' id='word_1_269' title='bbox 339 3490 373 3525; x_wconf 90' lang='lat' dir='ltr'><strong>ex</strong></span> <span class='ocrx_word' id='word_1_270' title='bbox 388 3475 492 3527; x_wconf 87' lang='lat' dir='ltr'><strong>civibus</strong></span> <span class='ocrx_word' id='word_1_271' title='bbox 513 3477 680 3541; x_wconf 75' lang='lat' dir='ltr'><strong>audiverunt,</strong></span> <span class='ocrx_word' id='word_1_272' title='bbox 696 3487 723 3529; x_wconf 89' lang='lat' dir='ltr'><strong>et</strong></span> <span class='ocrx_word' id='word_1_273' title='bbox 737 3478 832 3530; x_wconf 91' lang='lat' dir='ltr'><strong>iaculis</strong></span> <span class='ocrx_word' id='word_1_274' title='bbox 851 3477 1038 3544; x_wconf 85' lang='lat' dir='ltr'><strong>lapidibusque</strong></span> <span class='ocrx_word' id='word_1_275' title='bbox 1058 3474 1130 3541; x_wconf 87' lang='lat' dir='ltr'><strong>pulsi</strong></span> <span class='ocrx_word' id='word_1_276' title='bbox 1149 3482 1211 3525; x_wconf 91' lang='lat' dir='ltr'><strong>sunt</strong></span> <span class='ocrx_word' id='word_1_277' title='bbox 1224 3483 1251 3526; x_wconf 89' lang='lat' dir='ltr'><strong>et</strong></span> 
     </span>
    </p>

    <p class='ocr_par' dir='ltr' id='par_1_10' title="bbox 148 3545 1250 3759">
     <span class='ocr_line' id='line_1_34' title="bbox 148 3545 1250 3615; baseline 0 -20"><span class='ocrx_word' id='word_1_278' title='bbox 148 3561 198 3612; x_wconf 90' lang='lat' dir='ltr'><strong>per</strong></span> <span class='ocrx_word' id='word_1_279' title='bbox 216 3545 360 3598; x_wconf 82' lang='lat' dir='ltr'><strong>histriones</strong></span> <span class='ocrx_word' id='word_1_280' title='bbox 378 3546 551 3599; x_wconf 84' lang='lat' dir='ltr'><strong>ridiculorum</strong></span> <span class='ocrx_word' id='word_1_281' title='bbox 563 3549 699 3615; x_wconf 85' lang='lat' dir='ltr'><strong>depressi:</strong></span> <span class='ocrx_word' id='word_1_282' title='bbox 721 3558 747 3600; x_wconf 90' lang='lat' dir='ltr'><strong>et</strong></span> <span class='ocrx_word' id='word_1_283' title='bbox 767 3548 902 3615; x_wconf 89' lang='lat' dir='ltr'><strong>repulsae,</strong></span> <span class='ocrx_word' id='word_1_284' title='bbox 922 3549 982 3600; x_wconf 90' lang='lat' dir='ltr'><strong>dum</strong></span> <span class='ocrx_word' id='word_1_285' title='bbox 996 3546 1093 3596; x_wconf 89' lang='lat' dir='ltr'><strong>multos</strong></span> <span class='ocrx_word' id='word_1_286' title='bbox 1112 3545 1169 3595; x_wconf 88' lang='lat' dir='ltr'><strong>dies</strong></span> <span class='ocrx_word' id='word_1_287' title='bbox 1188 3552 1250 3596; x_wconf 87' lang='lat' dir='ltr'><strong>aute</strong></span> 
     </span>
     <span class='ocr_line' id='line_1_35' title="bbox 148 3616 1249 3686; baseline 0.001 -20"><span class='ocrx_word' id='word_1_288' title='bbox 148 3616 241 3667; x_wconf 91' lang='lat' dir='ltr'><strong>urbem</strong></span> <span class='ocrx_word' id='word_1_289' title='bbox 261 3623 346 3668; x_wconf 87' lang='lat' dir='ltr'><strong>castra</strong></span> <span class='ocrx_word' id='word_1_290' title='bbox 364 3624 473 3681; x_wconf 84' lang='lat' dir='ltr'><strong>teuent,</strong></span> <span class='ocrx_word' id='word_1_291' title='bbox 499 3627 598 3671; x_wconf 85' lang='lat' dir='ltr'><strong>certam</strong></span> <span class='ocrx_word' id='word_1_292' title='bbox 625 3620 702 3671; x_wconf 88' lang='lat' dir='ltr'><strong>iidem</strong></span> <span class='ocrx_word' id='word_1_293' title='bbox 723 3628 893 3686; x_wconf 87' lang='lat' dir='ltr'><strong>acceperunt.</strong></span> <span class='ocrx_word' id='word_1_294' title='bbox 935 3617 1044 3668; x_wconf 87' lang='lat' dir='ltr'><strong>tenebat</strong></span> <span class='ocrx_word' id='word_1_295' title='bbox 1069 3616 1249 3680; x_wconf 85' lang='lat' dir='ltr'><strong>enimomnes</strong></span> 
     </span>
     <span class='ocr_line' id='line_1_36' title="bbox 148 3687 1248 3759; baseline -0.003 -22"><span class='ocrx_word' id='word_1_296' title='bbox 148 3688 244 3753; x_wconf 89' lang='lat' dir='ltr'><strong>cupido</strong></span> <span class='ocrx_word' id='word_1_297' title='bbox 264 3688 365 3740; x_wconf 80' lang='lat' dir='ltr'><strong>furiosa</strong></span> <span class='ocrx_word' id='word_1_298' title='bbox 383 3689 549 3755; x_wconf 86' lang='lat' dir='ltr'><strong>Botaniatae,</strong></span> <span class='ocrx_word' id='word_1_299' title='bbox 571 3699 596 3742; x_wconf 87' lang='lat' dir='ltr'><strong>et</strong></span> <span class='ocrx_word' id='word_1_300' title='bbox 614 3690 688 3742; x_wconf 91' lang='lat' dir='ltr'><strong>illius</strong></span> <span class='ocrx_word' id='word_1_301' title='bbox 708 3694 813 3759; x_wconf 85' lang='lat' dir='ltr'><strong>regium</strong></span> <span class='ocrx_word' id='word_1_302' title='bbox 834 3692 976 3741; x_wconf 85' lang='lat' dir='ltr'><strong>adventum</strong></span> <span class='ocrx_word' id='word_1_303' title='bbox 1002 3695 1125 3754; x_wconf 88' lang='lat' dir='ltr'><strong>tanquam</strong></span> <span class='ocrx_word' id='word_1_304' title='bbox 1145 3687 1248 3740; x_wconf 86' lang='lat' dir='ltr'><strong>adven.</strong></span> 
     </span>
    </p>

    <p class='ocr_par' dir='ltr' id='par_1_11' title="bbox 146 3754 914 3827">
     <span class='ocr_line' id='line_1_37' title="bbox 146 3754 914 3827; baseline 0.01 -19"><span class='ocrx_word' id='word_1_305' title='bbox 146 3767 202 3808; x_wconf 90' lang='lat' dir='ltr'><strong>tum</strong></span> <span class='ocrx_word' id='word_1_306' title='bbox 224 3759 267 3809; x_wconf 89' lang='lat' dir='ltr'><strong>dei</strong></span> <span class='ocrx_word' id='word_1_307' title='bbox 288 3760 464 3827; x_wconf 86' lang='lat' dir='ltr'><strong>excipiebant.</strong></span> <span class='ocrx_word' id='word_1_308' title='bbox 816 3754 829 3762; x_wconf 48' lang='lat'><strong>⁹</strong></span> <span class='ocrx_word' id='word_1_309' title='bbox 911 3771 914 3774; x_wconf 84' lang='lat'>&#39;</span> 
     </span>
    </p>
   </div>
   <div class='ocr_carea' id='block_1_4' title="bbox 146 3845 1387 4204">
    <p class='ocr_par' dir='ltr' id='par_1_12' title="bbox 146 3845 1387 4204">
     <span class='ocr_line' id='line_1_38' title="bbox 200 3845 1387 3923; baseline -0.005 -26"><span class='ocrx_word' id='word_1_310' title='bbox 200 3910 204 3923; x_wconf 40' lang='lat'><em>,</em></span> <span class='ocrx_word' id='word_1_311' title='bbox 246 3845 387 3915; x_wconf 90' lang='lat' dir='ltr'><strong>Postquam</strong></span> <span class='ocrx_word' id='word_1_312' title='bbox 407 3856 494 3899; x_wconf 88' lang='lat' dir='ltr'><strong>autem</strong></span> <span class='ocrx_word' id='word_1_313' title='bbox 513 3850 581 3901; x_wconf 91' lang='lat' dir='ltr'><strong>nihil</strong></span> <span class='ocrx_word' id='word_1_314' title='bbox 602 3865 707 3914; x_wconf 77' lang='lat' dir='ltr'><strong>eorum,</strong></span> <span class='ocrx_word' id='word_1_315' title='bbox 729 3866 797 3918; x_wconf 85' lang='lat' dir='ltr'><strong>quae</strong></span> <span class='ocrx_word' id='word_1_316' title='bbox 826 3855 991 3917; x_wconf 84' lang='lat' dir='ltr'><strong>speraverat,</strong></span> <span class='ocrx_word' id='word_1_317' title='bbox 1018 3847 1099 3899; x_wconf 85' lang='lat' dir='ltr'><strong>frater</strong></span> <span class='ocrx_word' id='word_1_318' title='bbox 1117 3846 1246 3911; x_wconf 79' lang='lat' dir='ltr'><strong>Bryennii</strong></span> <span class='ocrx_word' id='word_1_319' title='bbox 1382 3883 1387 3891; x_wconf 94' lang='lat'>.</span> 
     </span>
     <span class='ocr_line' id='line_1_39' title="bbox 146 3916 1291 3988; baseline -0.002 -20"><span class='ocrx_word' id='word_1_320' title='bbox 146 3918 252 3970; x_wconf 87' lang='lat' dir='ltr'><strong>invenit</strong></span> <span class='ocrx_word' id='word_1_321' title='bbox 271 3928 297 3969; x_wconf 93' lang='lat' dir='ltr'><strong>et</strong></span> <span class='ocrx_word' id='word_1_322' title='bbox 316 3920 413 3973; x_wconf 86' lang='lat' dir='ltr'><strong>aditum</strong></span> <span class='ocrx_word' id='word_1_323' title='bbox 433 3920 460 3970; x_wconf 92' lang='lat' dir='ltr'><strong>in</strong></span> <span class='ocrx_word' id='word_1_324' title='bbox 479 3921 570 3972; x_wconf 87' lang='lat' dir='ltr'><strong>urbem</strong></span> <span class='ocrx_word' id='word_1_325' title='bbox 585 3924 748 3988; x_wconf 84' lang='lat' dir='ltr'><strong>desperavit,</strong></span> <span class='ocrx_word' id='word_1_326' title='bbox 768 3922 873 3973; x_wconf 88' lang='lat' dir='ltr'><strong>transiit</strong></span> <span class='ocrx_word' id='word_1_327' title='bbox 891 3921 976 3971; x_wconf 89' lang='lat' dir='ltr'><strong>sancti</strong></span> <span class='ocrx_word' id='word_1_328' title='bbox 995 3917 1247 3970; x_wconf 88' lang='lat' dir='ltr'><strong>omnimisericordis</strong></span> <span class='ocrx_word' id='word_1_329' title='bbox 1288 3916 1291 3929; x_wconf 80' lang='lat'><strong><em>‘</em></strong></span> 
     </span>
     <span class='ocr_line' id='line_1_40' title="bbox 146 3991 1245 4062; baseline -0.001 -23"><span class='ocrx_word' id='word_1_330' title='bbox 146 3996 264 4055; x_wconf 81' lang='lat' dir='ltr'><strong>pontem,</strong></span> <span class='ocrx_word' id='word_1_331' title='bbox 285 3999 311 4042; x_wconf 89' lang='lat' dir='ltr'><strong>ct</strong></span> <span class='ocrx_word' id='word_1_332' title='bbox 329 3992 423 4056; x_wconf 87' lang='lat' dir='ltr'><strong>positis</strong></span> <span class='ocrx_word' id='word_1_333' title='bbox 442 3993 470 4043; x_wconf 89' lang='lat' dir='ltr'><strong>in</strong></span> <span class='ocrx_word' id='word_1_334' title='bbox 490 3996 671 4060; x_wconf 82' lang='lat' dir='ltr'><strong>angustiarum</strong></span> <span class='ocrx_word' id='word_1_335' title='bbox 689 3993 808 4062; x_wconf 86' lang='lat' dir='ltr'><strong>partibus</strong></span> <span class='ocrx_word' id='word_1_336' title='bbox 828 3994 923 4045; x_wconf 84' lang='lat' dir='ltr'><strong>castris</strong></span> <span class='ocrx_word' id='word_1_337' title='bbox 942 3991 1082 4059; x_wconf 85' lang='lat' dir='ltr'><strong>praeteriit</strong></span> <span class='ocrx_word' id='word_1_338' title='bbox 1100 3992 1245 4039; x_wconf 90' lang='lat' dir='ltr'><strong>instructus</strong></span> 
     </span>
     <span class='ocr_line' id='line_1_41' title="bbox 147 4059 1246 4131; baseline -0.001 -22"><span class='ocrx_word' id='word_1_339' title='bbox 147 4068 181 4114; x_wconf 86' lang='lat' dir='ltr'><strong>ut</strong></span> <span class='ocrx_word' id='word_1_340' title='bbox 199 4063 259 4128; x_wconf 85' lang='lat' dir='ltr'><strong>regi</strong></span> <span class='ocrx_word' id='word_1_341' title='bbox 283 4070 311 4112; x_wconf 90' lang='lat' dir='ltr'><strong>et</strong></span> <span class='ocrx_word' id='word_1_342' title='bbox 335 4064 433 4115; x_wconf 89' lang='lat' dir='ltr'><strong>ceteris</strong></span> <span class='ocrx_word' id='word_1_343' title='bbox 462 4064 567 4116; x_wconf 79' lang='lat' dir='ltr'><strong>civibus</strong></span> <span class='ocrx_word' id='word_1_344' title='bbox 598 4081 632 4116; x_wconf 83' lang='lat' dir='ltr'><strong>ex</strong></span> <span class='ocrx_word' id='word_1_345' title='bbox 657 4072 749 4131; x_wconf 91' lang='lat' dir='ltr'><strong>aperto</strong></span> <span class='ocrx_word' id='word_1_346' title='bbox 781 4063 877 4117; x_wconf 82' lang='lat' dir='ltr'><strong>clarius</strong></span> <span class='ocrx_word' id='word_1_347' title='bbox 896 4077 1071 4123; x_wconf 85' lang='lat' dir='ltr'><strong>occursurus,</strong></span> <span class='ocrx_word' id='word_1_348' title='bbox 1093 4067 1119 4109; x_wconf 88' lang='lat' dir='ltr'><strong>et</strong></span> <span class='ocrx_word' id='word_1_349' title='bbox 1139 4059 1246 4110; x_wconf 85' lang='lat' dir='ltr'><strong>fratrem</strong></span> 
     </span>
     <span class='ocr_line' id='line_1_42' title="bbox 146 4129 1247 4204; baseline 0 -21"><span class='ocrx_word' id='word_1_350' title='bbox 146 4129 395 4204; x_wconf 36' lang='lat' dir='ltr'><strong>laudibuslquoque</strong></span> <span class='ocrx_word' id='word_1_351' title='bbox 414 4135 506 4188; x_wconf 85' lang='lat' dir='ltr'><strong>ordino</strong></span> <span class='ocrx_word' id='word_1_352' title='bbox 525 4152 555 4190; x_wconf 90' lang='lat' dir='ltr'><strong>se</strong></span> <span class='ocrx_word' id='word_1_353' title='bbox 574 4136 726 4204; x_wconf 87' lang='lat' dir='ltr'><strong>excipiente</strong></span> <span class='ocrx_word' id='word_1_354' title='bbox 748 4136 868 4189; x_wconf 79' lang='lat' dir='ltr'><strong>ornavit:</strong></span> <span class='ocrx_word' id='word_1_355' title='bbox 895 4138 1042 4204; x_wconf 81' lang='lat' dir='ltr'><strong>quodcum</strong></span> <span class='ocrx_word' id='word_1_356' title='bbox 1061 4134 1124 4185; x_wconf 77' lang='lat' dir='ltr'><strong>atra</strong></span> <span class='ocrx_word' id='word_1_357' title='bbox 1144 4130 1247 4184; x_wconf 80' lang='lat' dir='ltr'><strong>feriens</strong></span> 
     </span>
    </p>
   </div>
   <div class='ocr_carea' id='block_1_5' title="bbox 0 0 1442 4734">
    <p class='ocr_par' dir='ltr' id='par_1_13' title="bbox 0 0 1442 4734">
     <span class='ocr_line' id='line_1_43' title="bbox 0 0 1442 4734; baseline 0 3"><span class='ocrx_word' id='word_1_358' title='bbox 0 0 1442 4734; x_wconf 95' lang='lat' dir='ltr'><strong> </strong></span> 
     </span>
    </p>
   </div>
  </div>
 </body>
</html>
