<?xml version="1.0" encoding="UTF-8"?>
<!DOCTYPE html PUBLIC "-//W3C//DTD XHTML 1.0 Transitional//EN"
    "http://www.w3.org/TR/xhtml1/DTD/xhtml1-transitional.dtd">
<html xmlns="http://www.w3.org/1999/xhtml" xml:lang="en" lang="en">
 <head>
  <title>
</title>
<meta http-equiv="Content-Type" content="text/html;charset=utf-8" />
  <meta name='ocr-system' content='tesseract 3.04.00' />
  <meta name='ocr-capabilities' content='ocr_page ocr_carea ocr_par ocr_line ocrx_word'/>
</head>
<body>
  <div class='ocr_page' id='page_1' title='image "./corpusscriptoru05theogoog/corpusscriptoru05theogoog_0296.png"; bbox 0 0 2875 4734; ppageno 0'>
   <div class='ocr_carea' id='block_1_1' title="bbox 183 250 1021 382">
    <p class='ocr_par' dir='ltr' id='par_1_1' title="bbox 183 250 1021 382">
     <span class='ocr_line' id='line_1_1' title="bbox 183 250 1021 382; baseline -0.008 -42"><span class='ocrx_word' id='word_1_1' title='bbox 183 250 294 352; x_wconf 75' lang='grc' dir='ltr'><em>οῖιε·</em></span> <span class='ocrx_word' id='word_1_2' title='bbox 373 340 387 382; x_wconf 61' lang='grc'><em>,</em></span> <span class='ocrx_word' id='word_1_3' title='bbox 516 269 734 338; x_wconf 72' lang='lat' dir='ltr'><strong>mononis</strong></span> <span class='ocrx_word' id='word_1_4' title='bbox 763 268 1021 335; x_wconf 70' lang='lat' dir='ltr'><strong>umidioris</strong></span> 
     </span>
    </p>
   </div>
   <div class='ocr_carea' id='block_1_2' title="bbox 132 433 1362 2728">
    <p class='ocr_par' dir='ltr' id='par_1_2' title="bbox 210 433 1320 826">
     <span class='ocr_line' id='line_1_2' title="bbox 214 433 1319 532; baseline -0.003 -25"><span class='ocrx_word' id='word_1_5' title='bbox 214 444 343 523; x_wconf 74' lang='lat' dir='ltr'><strong>aedibs,</strong></span> <span class='ocrx_word' id='word_1_6' title='bbox 366 442 424 525; x_wconf 89' lang='grc' dir='ltr'><strong>τήν</strong></span> <span class='ocrx_word' id='word_1_7' title='bbox 450 439 587 522; x_wconf 79' lang='grc' dir='ltr'><strong><em>πρόοδον</em></strong></span> <span class='ocrx_word' id='word_1_8' title='bbox 608 441 710 505; x_wconf 66' lang='lat' dir='ltr'><strong>atros</strong></span> <span class='ocrx_word' id='word_1_9' title='bbox 729 440 942 532; x_wconf 77' lang='grc' dir='ltr'><em>ἐκδεχόμενον.</em></span> <span class='ocrx_word' id='word_1_10' title='bbox 997 434 1039 513; x_wconf 66' lang='grc' dir='ltr'><strong>οἷς</strong></span> <span class='ocrx_word' id='word_1_11' title='bbox 1061 440 1092 500; x_wconf 80' lang='grc' dir='ltr'><strong>δ’</strong></span> <span class='ocrx_word' id='word_1_12' title='bbox 1115 433 1319 525; x_wconf 76' lang='grc' dir='ltr'><em>ἀνεφάνησαν</em></span> 
     </span>
     <span class='ocr_line' id='line_1_3' title="bbox 212 523 1319 632; baseline -0.002 -26"><span class='ocrx_word' id='word_1_13' title='bbox 212 523 250 606; x_wconf 78' lang='grc' dir='ltr'><strong>τά</strong></span> <span class='ocrx_word' id='word_1_14' title='bbox 273 548 392 623; x_wconf 76' lang='grc' dir='ltr'><strong>Ισημεῖα</strong></span> <span class='ocrx_word' id='word_1_15' title='bbox 423 542 479 603; x_wconf 89' lang='grc' dir='ltr'><em>καί</em></span> <span class='ocrx_word' id='word_1_16' title='bbox 505 538 731 622; x_wconf 77' lang='grc' dir='ltr'><em>προσεχώρουν</em></span> <span class='ocrx_word' id='word_1_17' title='bbox 755 537 788 603; x_wconf 85' lang='grc' dir='ltr'><em>αἱ</em></span> <span class='ocrx_word' id='word_1_18' title='bbox 810 535 1002 632; x_wconf 78' lang='grc' dir='ltr'><em>παρατάξεις</em></span> <span class='ocrx_word' id='word_1_19' title='bbox 1032 540 1155 618; x_wconf 73' lang='grc' dir='ltr'><em>αὐτοῦ,</em></span> <span class='ocrx_word' id='word_1_20' title='bbox 1182 542 1319 621; x_wconf 81' lang='grc' dir='ltr'><em>βαρεῖαν</em></span> 
     </span>
     <span class='ocr_line' id='line_1_4' title="bbox 214 636 1319 723; baseline -0.006 -18"><span class='ocrx_word' id='word_1_21' title='bbox 214 644 469 723; x_wconf 82' lang='grc' dir='ltr'><em>α’παγγίλλουσαι</em></span> <span class='ocrx_word' id='word_1_22' title='bbox 490 639 544 723; x_wconf 89' lang='grc' dir='ltr'><strong>τήν</strong></span> <span class='ocrx_word' id='word_1_23' title='bbox 569 642 669 703; x_wconf 83' lang='grc' dir='ltr'><em>αιίτοῦ</em></span> <span class='ocrx_word' id='word_1_24' title='bbox 690 640 900 723; x_wconf 81' lang='grc' dir='ltr'><em>ε’πιφοίτησιν,</em></span> <span class='ocrx_word' id='word_1_25' title='bbox 925 636 981 702; x_wconf 87' lang='grc' dir='ltr'><em>καί</em></span> <span class='ocrx_word' id='word_1_26' title='bbox 1000 640 1038 704; x_wconf 86' lang='grc' dir='ltr'><strong>τά</strong></span> <span class='ocrx_word' id='word_1_27' title='bbox 1062 642 1180 721; x_wconf 82' lang='grc' dir='ltr'><em>κέρατα</em></span> <span class='ocrx_word' id='word_1_28' title='bbox 1195 663 1319 703; x_wconf 86' lang='grc' dir='ltr'><em>παντα.</em></span> 
     </span>
     <span class='ocr_line' id='line_1_5' title="bbox 210 738 1320 826; baseline 0.002 -24"><span class='ocrx_word' id='word_1_29' title='bbox 210 743 311 825; x_wconf 84' lang='grc' dir='ltr'><em>χόθεν</em></span> <span class='ocrx_word' id='word_1_30' title='bbox 338 741 478 826; x_wconf 76' lang='grc' dir='ltr'><em>φοβερόν,</em></span> <span class='ocrx_word' id='word_1_31' title='bbox 499 764 530 802; x_wconf 90' lang='grc' dir='ltr'><strong>τι</strong></span> <span class='ocrx_word' id='word_1_32' title='bbox 559 742 613 802; x_wconf 90' lang='grc' dir='ltr'><em>καί</em></span> <span class='ocrx_word' id='word_1_33' title='bbox 641 738 890 823; x_wconf 84' lang='grc' dir='ltr'><em>καταπληκτικὸν</em></span> <span class='ocrx_word' id='word_1_34' title='bbox 920 741 1147 823; x_wconf 78' lang='grc' dir='ltr'><em>ἐπεσήμαινον,</em></span> <span class='ocrx_word' id='word_1_35' title='bbox 1178 741 1320 816; x_wconf 81' lang='grc' dir='ltr'><em>κοίκεῖνος</em></span> 
     </span>
    </p>

    <p class='ocr_par' dir='ltr' id='par_1_3' title="bbox 157 834 1344 1024">
     <span class='ocr_line' id='line_1_6' title="bbox 157 834 1344 925; baseline -0.003 -20"><span class='ocrx_word' id='word_1_36' title='bbox 157 909 159 914; x_wconf 59' lang='grc'><em>,</em></span> <span class='ocrx_word' id='word_1_37' title='bbox 212 845 246 905; x_wconf 76' lang='grc' dir='ltr'><strong>ἐν</strong></span> <span class='ocrx_word' id='word_1_38' title='bbox 271 834 477 923; x_wconf 79' lang='grc' dir='ltr'><em>παρασήμοις</em></span> <span class='ocrx_word' id='word_1_39' title='bbox 499 842 585 922; x_wconf 86' lang='grc' dir='ltr'><em>παρὰ</em></span> <span class='ocrx_word' id='word_1_40' title='bbox 608 844 762 904; x_wconf 79' lang='grc' dir='ltr'><em>πλείστων</em></span> <span class='ocrx_word' id='word_1_41' title='bbox 786 841 1062 925; x_wconf 77' lang='grc' dir='ltr'><em>δορυφορούμενος</em></span> <span class='ocrx_word' id='word_1_42' title='bbox 1081 836 1344 919; x_wconf 78' lang='grc' dir='ltr'><em>’κατελάμβανε,5</em></span> 
     </span>
     <span class='ocr_line' id='line_1_7' title="bbox 212 936 1317 1024; baseline -0.002 -19"><span class='ocrx_word' id='word_1_43' title='bbox 212 939 416 1016; x_wconf 80' lang='grc' dir='ltr'><em>διατάξαντες</em></span> <span class='ocrx_word' id='word_1_44' title='bbox 439 944 475 1005; x_wconf 81' lang='grc' dir='ltr'><strong>δὲ</strong></span> <span class='ocrx_word' id='word_1_45' title='bbox 496 936 633 1014; x_wconf 77' lang='grc' dir='ltr'><em>ἓαυτοάς</em></span> <span class='ocrx_word' id='word_1_46' title='bbox 654 939 824 1024; x_wconf 82' lang='grc' dir='ltr'><em>στοιχηδὸν</em></span> <span class='ocrx_word' id='word_1_47' title='bbox 850 937 880 1002; x_wconf 83' lang='grc' dir='ltr'><strong>οὶ</strong></span> <span class='ocrx_word' id='word_1_48' title='bbox 901 941 981 1023; x_wconf 87' lang='grc' dir='ltr'><em>πρὸς</em></span> <span class='ocrx_word' id='word_1_49' title='bbox 1000 942 1082 1003; x_wconf 85' lang='grc' dir='ltr'><em>θίαν</em></span> <span class='ocrx_word' id='word_1_50' title='bbox 1101 938 1232 1017; x_wconf 76' lang='grc' dir='ltr'><em>ἐξιόντες</em></span> <span class='ocrx_word' id='word_1_51' title='bbox 1256 963 1317 1003; x_wconf 88' lang='grc' dir='ltr'><strong>πο-</strong></span> 
     </span>
    </p>

    <p class='ocr_par' dir='ltr' id='par_1_4' title="bbox 132 1034 1318 1325">
     <span class='ocr_line' id='line_1_8' title="bbox 132 1034 1316 1123; baseline -0.002 -19"><span class='ocrx_word' id='word_1_52' title='bbox 132 1079 134 1082; x_wconf 95' lang='lat'>·</span> <span class='ocrx_word' id='word_1_53' title='bbox 211 1046 319 1123; x_wconf 71' lang='grc' dir='ltr'><em>λῖται,</em></span> <span class='ocrx_word' id='word_1_54' title='bbox 349 1041 380 1104; x_wconf 83' lang='grc' dir='ltr'><strong>οἵ</strong></span> <span class='ocrx_word' id='word_1_55' title='bbox 397 1064 430 1105; x_wconf 86' lang='grc' dir='ltr'><strong>τε</strong></span> <span class='ocrx_word' id='word_1_56' title='bbox 454 1043 651 1122; x_wconf 39' lang='grc' dir='ltr'><em>,στρατιῶται</em></span> <span class='ocrx_word' id='word_1_57' title='bbox 680 1041 739 1113; x_wconf 81' lang='grc' dir='ltr'><strong>τὰς</strong></span> <span class='ocrx_word' id='word_1_58' title='bbox 772 1034 909 1117; x_wconf 81' lang='grc' dir='ltr'><em>σ’σπίδας</em></span> <span class='ocrx_word' id='word_1_59' title='bbox 938 1044 1149 1123; x_wconf 86' lang='grc' dir='ltr'><em>προτείνοντες</em></span> <span class='ocrx_word' id='word_1_60' title='bbox 1185 1041 1240 1102; x_wconf 85' lang='grc' dir='ltr'><em>καί</em></span> <span class='ocrx_word' id='word_1_61' title='bbox 1259 1036 1316 1113; x_wconf 87' lang='grc' dir='ltr'><strong>τάς</strong></span> 
     </span>
     <span class='ocr_line' id='line_1_9' title="bbox 214 1136 1318 1223; baseline -0.003 -20"><span class='ocrx_word' id='word_1_62' title='bbox 214 1138 334 1221; x_wconf 86' lang='grc' dir='ltr'><em>αἰχμάς</em></span> <span class='ocrx_word' id='word_1_63' title='bbox 361 1143 423 1205; x_wconf 68' lang='grc' dir='ltr'><em>τοῖν</em></span> <span class='ocrx_word' id='word_1_64' title='bbox 455 1136 560 1203; x_wconf 79' lang='grc' dir='ltr'><em>ὅπλων</em></span> <span class='ocrx_word' id='word_1_65' title='bbox 581 1137 854 1221; x_wconf 78' lang='grc' dir='ltr'><em>ἒπισυναίροντες,</em></span> <span class='ocrx_word' id='word_1_66' title='bbox 873 1139 936 1223; x_wconf 88' lang='grc' dir='ltr'><em>η’χή</em></span> <span class='ocrx_word' id='word_1_67' title='bbox 959 1162 992 1203; x_wconf 89' lang='grc' dir='ltr'><strong>τε</strong></span> <span class='ocrx_word' id='word_1_68' title='bbox 1022 1141 1084 1203; x_wconf 75' lang='grc' dir='ltr'><strong>τῶν</strong></span> <span class='ocrx_word' id='word_1_69' title='bbox 1104 1144 1241 1220; x_wconf 81' lang='grc' dir='ltr'><em>βυκίυων</em></span> <span class='ocrx_word' id='word_1_70' title='bbox 1263 1138 1318 1201; x_wconf 91' lang='grc' dir='ltr'><em>καί</em></span> 
     </span>
     <span class='ocr_line' id='line_1_10' title="bbox 212 1226 1316 1325; baseline -0.001 -22"><span class='ocrx_word' id='word_1_71' title='bbox 212 1242 276 1303; x_wconf 73' lang='grc' dir='ltr'><em>τοῖν</em></span> <span class='ocrx_word' id='word_1_72' title='bbox 297 1226 477 1321; x_wconf 82' lang='grc' dir='ltr'><em>σαλπίγγων</em></span> <span class='ocrx_word' id='word_1_73' title='bbox 499 1242 615 1323; x_wconf 81' lang='grc' dir='ltr'><em>ἐγίνετο</em></span> <span class='ocrx_word' id='word_1_74' title='bbox 631 1238 687 1303; x_wconf 85' lang='grc' dir='ltr'><em>καί</em></span> <span class='ocrx_word' id='word_1_75' title='bbox 705 1238 739 1303; x_wconf 84' lang='grc' dir='ltr'><strong>τὸ</strong></span> <span class='ocrx_word' id='word_1_76' title='bbox 764 1242 819 1322; x_wconf 85' lang='grc' dir='ltr'><strong>τῆς</strong></span> <span class='ocrx_word' id='word_1_77' title='bbox 839 1241 1000 1325; x_wconf 72' lang='grc' dir='ltr'><em>εὐφημίας</em></span> <span class='ocrx_word' id='word_1_78' title='bbox 1021 1234 1107 1323; x_wconf 83' lang='grc' dir='ltr'><em>ήρθη</em></span> <span class='ocrx_word' id='word_1_79' title='bbox 1130 1236 1217 1321; x_wconf 82' lang='grc' dir='ltr'><em>παρά</em></span> <span class='ocrx_word' id='word_1_80' title='bbox 1235 1236 1316 1302; x_wconf 88' lang='grc' dir='ltr'><em>πάν-</em></span> 
     </span>
    </p>

    <p class='ocr_par' dir='ltr' id='par_1_5' title="bbox 172 1336 1362 2227">
     <span class='ocr_line' id='line_1_11' title="bbox 172 1336 1362 1424; baseline 0.001 -19"><span class='ocrx_word' id='word_1_81' title='bbox 172 1396 177 1405; x_wconf 84' lang='grc'>.</span> <span class='ocrx_word' id='word_1_82' title='bbox 214 1362 276 1403; x_wconf 90' lang='grc' dir='ltr'><strong>των</strong></span> <span class='ocrx_word' id='word_1_83' title='bbox 301 1336 485 1422; x_wconf 79' lang='grc' dir='ltr'><em>περίοπτον,</em></span> <span class='ocrx_word' id='word_1_84' title='bbox 510 1336 624 1417; x_wconf 78' lang='grc' dir='ltr'><em>ἔδοξαν</em></span> <span class='ocrx_word' id='word_1_85' title='bbox 655 1337 685 1417; x_wconf 83' lang='grc' dir='ltr'><strong>οἱ</strong></span> <span class='ocrx_word' id='word_1_86' title='bbox 705 1344 833 1413; x_wconf 83' lang='grc' dir='ltr'><em>πλείους</em></span> <span class='ocrx_word' id='word_1_87' title='bbox 853 1336 910 1422; x_wconf 87' lang='grc' dir='ltr'><strong>τήν</strong></span> <span class='ocrx_word' id='word_1_88' title='bbox 934 1342 1115 1424; x_wconf 84' lang='grc' dir='ltr'><em>παρουσίαν</em></span> <span class='ocrx_word' id='word_1_89' title='bbox 1135 1339 1235 1403; x_wconf 68' lang='grc' dir='ltr'><em>αὐτοῦ</em></span> <span class='ocrx_word' id='word_1_90' title='bbox 1254 1344 1317 1417; x_wconf 80' lang='grc' dir='ltr'><em>βα·</em></span> <span class='ocrx_word' id='word_1_91' title='bbox 1329 1357 1362 1410; x_wconf 87' lang='grc'><strong>10</strong></span> 
     </span>
     <span class='ocr_line' id='line_1_12' title="bbox 212 1437 1318 1520; baseline -0.003 -18"><span class='ocrx_word' id='word_1_92' title='bbox 212 1442 326 1512; x_wconf 83' lang='grc' dir='ltr'><em>σιλίιος</em></span> <span class='ocrx_word' id='word_1_93' title='bbox 354 1437 505 1520; x_wconf 90' lang='grc' dir='ltr'><em>μεγίστου</em></span> <span class='ocrx_word' id='word_1_94' title='bbox 544 1439 600 1503; x_wconf 85' lang='grc' dir='ltr'><em>καί</em></span> <span class='ocrx_word' id='word_1_95' title='bbox 631 1437 853 1505; x_wconf 77' lang='grc' dir='ltr'><em>δυνατωτάτου</em></span> <span class='ocrx_word' id='word_1_96' title='bbox 891 1439 1126 1520; x_wconf 82' lang='grc' dir='ltr'><em>καθίστασθαι·</em></span> <span class='ocrx_word' id='word_1_97' title='bbox 1176 1440 1318 1512; x_wconf 83' lang='grc' dir='ltr'><em>κάκεῑνος</em></span> 
     </span>
     <span class='ocr_line' id='line_1_13' title="bbox 211 1536 1317 1627; baseline 0 -27"><span class='ocrx_word' id='word_1_98' title='bbox 211 1537 362 1622; x_wconf 67' lang='grc' dir='ltr'><em>ὑπεράνω</em></span> <span class='ocrx_word' id='word_1_99' title='bbox 376 1536 498 1614; x_wconf 87' lang='grc' dir='ltr'><em>,παντδς</em></span> <span class='ocrx_word' id='word_1_100' title='bbox 528 1538 622 1621; x_wconf 86' lang='grc' dir='ltr'><em>λόγου</em></span> <span class='ocrx_word' id='word_1_101' title='bbox 645 1537 758 1603; x_wconf 72' lang='grc' dir='ltr'><em>ἑαυτὸν</em></span> <span class='ocrx_word' id='word_1_102' title='bbox 784 1541 1011 1622; x_wconf 77' lang='grc' dir='ltr'><em>λογισάμενος,</em></span> <span class='ocrx_word' id='word_1_103' title='bbox 1046 1536 1161 1620; x_wconf 82' lang='grc' dir='ltr'><em>μεστάς</em></span> <span class='ocrx_word' id='word_1_104' title='bbox 1181 1540 1317 1627; x_wconf 78' lang='grc' dir='ltr'><em>ἐλπίδων</em></span> 
     </span>
     <span class='ocr_line' id='line_1_14' title="bbox 213 1634 1315 1722; baseline -0.001 -21"><span class='ocrx_word' id='word_1_105' title='bbox 213 1634 269 1701; x_wconf 88' lang='grc' dir='ltr'><em>καί</em></span> <span class='ocrx_word' id='word_1_106' title='bbox 287 1636 477 1720; x_wconf 82' lang='grc' dir='ltr'><em>ου’χήματος</em></span> <span class='ocrx_word' id='word_1_107' title='bbox 508 1640 554 1711; x_wconf 82' lang='grc' dir='ltr'><strong>εἰς</strong></span> <span class='ocrx_word' id='word_1_108' title='bbox 573 1636 631 1719; x_wconf 88' lang='grc' dir='ltr'><strong>τήν</strong></span> <span class='ocrx_word' id='word_1_109' title='bbox 653 1640 858 1721; x_wconf 84' lang='grc' dir='ltr'><em>ε’νεγκαμένην</em></span> <span class='ocrx_word' id='word_1_110' title='bbox 889 1636 984 1703; x_wconf 74' lang='grc' dir='ltr'><em>αὐτὸν</em></span> <span class='ocrx_word' id='word_1_111' title='bbox 1008 1637 1192 1722; x_wconf 77' lang='grc' dir='ltr'><em>εἰσελήλυθε</em></span> <span class='ocrx_word' id='word_1_112' title='bbox 1213 1634 1315 1701; x_wconf 84' lang='grc' dir='ltr'><em>πόλιν.</em></span> 
     </span>
     <span class='ocr_line' id='line_1_15' title="bbox 211 1731 1316 1822; baseline 0.001 -24"><span class='ocrx_word' id='word_1_113' title='bbox 211 1731 295 1819; x_wconf 80' lang='grc' dir='ltr'><em>ἦσαν</em></span> <span class='ocrx_word' id='word_1_114' title='bbox 318 1738 495 1819; x_wconf 70' lang='grc' dir='ltr'><em>δὲταῦτα,</em></span> <span class='ocrx_word' id='word_1_115' title='bbox 523 1734 566 1812; x_wconf 75' lang='grc' dir='ltr'><strong>ὥς</strong></span> <span class='ocrx_word' id='word_1_116' title='bbox 591 1734 725 1821; x_wconf 75' lang='grc' dir='ltr'><em>ὕστερον</em></span> <span class='ocrx_word' id='word_1_117' title='bbox 744 1735 779 1800; x_wconf 84' lang='grc' dir='ltr'><strong>τὸ</strong></span> <span class='ocrx_word' id='word_1_118' title='bbox 810 1742 940 1821; x_wconf 79' lang='grc' dir='ltr'><em>πρᾶγμα</em></span> <span class='ocrx_word' id='word_1_119' title='bbox 968 1738 1021 1805; x_wconf 83' lang='grc' dir='ltr'><strong>τὸν</strong></span> <span class='ocrx_word' id='word_1_120' title='bbox 1044 1736 1316 1822; x_wconf 78' lang='grc' dir='ltr'><em>ἔλεγχουδέδωκε,</em></span> 
     </span>
     <span class='ocr_line' id='line_1_16' title="bbox 212 1830 1360 1926; baseline 0.005 -29"><span class='ocrx_word' id='word_1_121' title='bbox 212 1832 358 1919; x_wconf 79' lang='grc' dir='ltr'><em>πιθήκων</em></span> <span class='ocrx_word' id='word_1_122' title='bbox 385 1830 571 1920; x_wconf 83' lang='grc' dir='ltr'><em>ήγεράνων</em></span> <span class='ocrx_word' id='word_1_123' title='bbox 603 1835 774 1922; x_wconf 77' lang='grc' dir='ltr'><em>ὁρμήματά</em></span> <span class='ocrx_word' id='word_1_124' title='bbox 803 1842 857 1903; x_wconf 88' lang='grc' dir='ltr'><em>καί</em></span> <span class='ocrx_word' id='word_1_125' title='bbox 880 1841 1112 1921; x_wconf 77' lang='grc' dir='ltr'><em>νεανιεύματα·</em></span> <span class='ocrx_word' id='word_1_126' title='bbox 1156 1836 1233 1903; x_wconf 77' lang='grc' dir='ltr'><em>ἔνθα</em></span> <span class='ocrx_word' id='word_1_127' title='bbox 1254 1836 1360 1926; x_wconf 69' lang='lat' dir='ltr'><strong>ydp15</strong></span> 
     </span>
     <span class='ocr_line' id='line_1_17' title="bbox 212 1936 1317 2025; baseline 0.001 -25"><span class='ocrx_word' id='word_1_128' title='bbox 212 1936 290 2013; x_wconf 89' lang='grc' dir='ltr'><em>θεδς</em></span> <span class='ocrx_word' id='word_1_129' title='bbox 306 1937 350 1998; x_wconf 75' lang='grc' dir='ltr'><strong>ὀὗ</strong></span> <span class='ocrx_word' id='word_1_130' title='bbox 373 1942 563 2003; x_wconf 83' lang='grc' dir='ltr'><em>συνευδοκεῖ</em></span> <span class='ocrx_word' id='word_1_131' title='bbox 580 1940 636 2003; x_wconf 85' lang='grc' dir='ltr'><em>καί</em></span> <span class='ocrx_word' id='word_1_132' title='bbox 654 1941 850 2025; x_wconf 78' lang='grc' dir='ltr'><em>ψηφίζεται,</em></span> <span class='ocrx_word' id='word_1_133' title='bbox 873 1943 927 2005; x_wconf 85' lang='grc' dir='ltr'><em>καί</em></span> <span class='ocrx_word' id='word_1_134' title='bbox 945 1945 1060 2025; x_wconf 77' lang='grc' dir='ltr'><em>πρᾶξις</em></span> <span class='ocrx_word' id='word_1_135' title='bbox 1083 1942 1243 2025; x_wconf 76' lang='grc' dir='ltr'><em>εὖθυτάτη</em></span> <span class='ocrx_word' id='word_1_136' title='bbox 1261 1940 1317 2002; x_wconf 90' lang='grc' dir='ltr'><em>καί</em></span> 
     </span>
     <span class='ocr_line' id='line_1_18' title="bbox 211 2025 1313 2129; baseline 0.006 -31"><span class='ocrx_word' id='word_1_137' title='bbox 211 2041 368 2121; x_wconf 86' lang='grc' dir='ltr'><em>θεοφιλής</em></span> <span class='ocrx_word' id='word_1_138' title='bbox 391 2035 517 2102; x_wconf 89' lang='grc' dir='ltr'><em>διάνοια</em></span> <span class='ocrx_word' id='word_1_139' title='bbox 533 2044 590 2122; x_wconf 87' lang='grc' dir='ltr'><strong>τήν</strong></span> <span class='ocrx_word' id='word_1_140' title='bbox 611 2025 739 2103; x_wconf 75' lang='grc' dir='ltr'><em>ἄνωθεν</em></span> <span class='ocrx_word' id='word_1_141' title='bbox 759 2042 816 2103; x_wconf 82' lang='grc' dir='ltr'><strong>οάκ</strong></span> <span class='ocrx_word' id='word_1_142' title='bbox 832 2044 1189 2129; x_wconf 78' lang='grc' dir='ltr'><em>ε’κκαλεῖταιβοήθειαν,</em></span> <span class='ocrx_word' id='word_1_143' title='bbox 1212 2044 1313 2127; x_wconf 79' lang='grc' dir='ltr'><em>φροῦ-</em></span> 
     </span>
     <span class='ocr_line' id='line_1_19' title="bbox 215 2131 1172 2227; baseline 0.008 -28"><span class='ocrx_word' id='word_1_144' title='bbox 215 2138 271 2200; x_wconf 90' lang='grc' dir='ltr'><strong>δον</strong></span> <span class='ocrx_word' id='word_1_145' title='bbox 296 2131 381 2201; x_wconf 83' lang='grc' dir='ltr'><em>άπαν</em></span> <span class='ocrx_word' id='word_1_146' title='bbox 402 2142 457 2203; x_wconf 89' lang='grc' dir='ltr'><em>καί</em></span> <span class='ocrx_word' id='word_1_147' title='bbox 481 2139 615 2217; x_wconf 81' lang='grc' dir='ltr'><em>α’σθενὲς</em></span> <span class='ocrx_word' id='word_1_148' title='bbox 642 2138 678 2204; x_wconf 87' lang='grc' dir='ltr'><strong>τό</strong></span> <span class='ocrx_word' id='word_1_149' title='bbox 701 2143 776 2223; x_wconf 89' lang='grc' dir='ltr'><em>παρ’</em></span> <span class='ocrx_word' id='word_1_150' title='bbox 801 2142 980 2226; x_wconf 76' lang='grc' dir='ltr'><em>ἀνθρώπων</em></span> <span class='ocrx_word' id='word_1_151' title='bbox 1000 2145 1172 2227; x_wconf 86' lang='grc' dir='ltr'><em>γενόμενον.</em></span> 
     </span>
    </p>

    <p class='ocr_par' dir='ltr' id='par_1_6' title="bbox 211 2240 1359 2530">
     <span class='ocr_line' id='line_1_20' title="bbox 312 2240 1312 2330; baseline 0.008 -29"><span class='ocrx_word' id='word_1_152' title='bbox 312 2242 359 2301; x_wconf 86' lang='grc' dir='ltr'><strong>Ἐν</strong></span> <span class='ocrx_word' id='word_1_153' title='bbox 381 2241 416 2301; x_wconf 80' lang='grc' dir='ltr'><strong>δὲ</strong></span> <span class='ocrx_word' id='word_1_154' title='bbox 436 2242 477 2327; x_wconf 77' lang='grc' dir='ltr'><strong>τῇ</strong></span> <span class='ocrx_word' id='word_1_155' title='bbox 495 2240 674 2330; x_wconf 77' lang='grc' dir='ltr'><em>Ῥαιδεστῷ,</em></span> <span class='ocrx_word' id='word_1_156' title='bbox 698 2240 758 2326; x_wconf 86' lang='grc' dir='ltr'><strong>πρδ</strong></span> <span class='ocrx_word' id='word_1_157' title='bbox 783 2246 841 2305; x_wconf 80' lang='grc' dir='ltr'><strong>τοῦ</strong></span> <span class='ocrx_word' id='word_1_158' title='bbox 856 2242 912 2307; x_wconf 82' lang='grc' dir='ltr'><strong>τὸν</strong></span> <span class='ocrx_word' id='word_1_159' title='bbox 929 2247 1103 2327; x_wconf 83' lang='grc' dir='ltr'><em>Βρυέννιον</em></span> <span class='ocrx_word' id='word_1_160' title='bbox 1122 2249 1312 2325; x_wconf 78' lang='grc' dir='ltr'><em>καταλαβεῖν</em></span> 
     </span>
     <span class='ocr_line' id='line_1_21' title="bbox 211 2335 1359 2427; baseline 0.006 -27"><span class='ocrx_word' id='word_1_161' title='bbox 211 2340 257 2412; x_wconf 85' lang='grc' dir='ltr'><strong>εἰς</strong></span> <span class='ocrx_word' id='word_1_162' title='bbox 284 2335 564 2421; x_wconf 85' lang='grc' dir='ltr'><em>Ἀδριανοάπολιν,</em></span> <span class='ocrx_word' id='word_1_163' title='bbox 596 2339 849 2425; x_wconf 79' lang='grc' dir='ltr'><em>ἐπικρατησάσης</em></span> <span class='ocrx_word' id='word_1_164' title='bbox 878 2345 934 2427; x_wconf 86' lang='grc' dir='ltr'><strong>τής</strong></span> <span class='ocrx_word' id='word_1_165' title='bbox 962 2343 1156 2427; x_wconf 80' lang='grc' dir='ltr'><em>Βατατζίυης</em></span> <span class='ocrx_word' id='word_1_166' title='bbox 1189 2346 1359 2427; x_wconf 56' lang='lat' dir='ltr'><strong>(idme-20</strong></span> 
     </span>
     <span class='ocr_line' id='line_1_22' title="bbox 211 2433 1333 2530; baseline 0.006 -30"><span class='ocrx_word' id='word_1_167' title='bbox 211 2433 306 2501; x_wconf 82' lang='grc' dir='ltr'><em>νάουν</em></span> <span class='ocrx_word' id='word_1_168' title='bbox 338 2441 398 2521; x_wconf 89' lang='grc' dir='ltr'><strong>γάρ</strong></span> <span class='ocrx_word' id='word_1_169' title='bbox 421 2462 504 2513; x_wconf 88' lang='grc' dir='ltr'><em>τινες</em></span> <span class='ocrx_word' id='word_1_170' title='bbox 530 2440 610 2523; x_wconf 83' lang='grc' dir='ltr'><em>πρὸς</em></span> <span class='ocrx_word' id='word_1_171' title='bbox 628 2440 685 2522; x_wconf 90' lang='grc' dir='ltr'><strong>τήν</strong></span> <span class='ocrx_word' id='word_1_172' title='bbox 705 2443 805 2505; x_wconf 81' lang='grc' dir='ltr'><em>αιίτοῦ</em></span> <span class='ocrx_word' id='word_1_173' title='bbox 825 2446 1037 2530; x_wconf 74' lang='grc' dir='ltr'><em>ἐπιχείρησιν)</em></span> <span class='ocrx_word' id='word_1_174' title='bbox 1071 2442 1272 2528; x_wconf 87' lang='grc' dir='ltr'><em>α’νηγορεάθη</em></span> <span class='ocrx_word' id='word_1_175' title='bbox 1295 2444 1333 2528; x_wconf 80' lang='grc' dir='ltr'><em>δ</em></span> 
     </span>
    </p>

    <p class='ocr_par' dir='ltr' id='par_1_7' title="bbox 137 2535 1313 2728">
     <span class='ocr_line' id='line_1_23' title="bbox 210 2535 1313 2627; baseline 0.006 -26"><span class='ocrx_word' id='word_1_176' title='bbox 210 2541 394 2620; x_wconf 77' lang='grc' dir='ltr'><em>Βρυίννιος.</em></span> <span class='ocrx_word' id='word_1_177' title='bbox 435 2543 492 2603; x_wconf 87' lang='grc' dir='ltr'><em>καί</em></span> <span class='ocrx_word' id='word_1_178' title='bbox 510 2543 637 2622; x_wconf 78' lang='grc' dir='ltr'><em>πρῶτον</em></span> <span class='ocrx_word' id='word_1_179' title='bbox 656 2538 748 2623; x_wconf 82' lang='grc' dir='ltr'><em>ἔργον</em></span> <span class='ocrx_word' id='word_1_180' title='bbox 777 2550 843 2617; x_wconf 87' lang='grc' dir='ltr'><em>τοῖς</em></span> <span class='ocrx_word' id='word_1_181' title='bbox 862 2546 1028 2627; x_wconf 77' lang='grc' dir='ltr'><em>ἐγχωρίοις</em></span> <span class='ocrx_word' id='word_1_182' title='bbox 1046 2535 1171 2626; x_wconf 70' lang='grc' dir='ltr'><em>’ἐγένετο</em></span> <span class='ocrx_word' id='word_1_183' title='bbox 1194 2541 1226 2608; x_wconf 66' lang='lat' dir='ltr'><strong>ro*</strong></span> <span class='ocrx_word' id='word_1_184' title='bbox 1250 2569 1313 2608; x_wconf 87' lang='grc' dir='ltr'><em>κα-</em></span> 
     </span>
     <span class='ocr_line' id='line_1_24' title="bbox 137 2622 1311 2728; baseline 0.01 -31"><span class='ocrx_word' id='word_1_185' title='bbox 137 2622 144 2630; x_wconf 56' lang='grc'><em>’</em></span> <span class='ocrx_word' id='word_1_186' title='bbox 210 2640 317 2701; x_wconf 80' lang='grc' dir='ltr'><em>θελείν</em></span> <span class='ocrx_word' id='word_1_187' title='bbox 347 2639 402 2702; x_wconf 88' lang='grc' dir='ltr'><em>καί</em></span> <span class='ocrx_word' id='word_1_188' title='bbox 421 2645 613 2721; x_wconf 76' lang='grc' dir='ltr'><em>καταβαλεῖν</em></span> <span class='ocrx_word' id='word_1_189' title='bbox 646 2644 691 2717; x_wconf 86' lang='grc' dir='ltr'><strong>εἰς</strong></span> <span class='ocrx_word' id='word_1_190' title='bbox 708 2645 767 2727; x_wconf 79' lang='grc' dir='ltr'><strong>γῆν</strong></span> <span class='ocrx_word' id='word_1_191' title='bbox 794 2632 827 2708; x_wconf 73' lang='grc' dir='ltr'><strong>τίλ</strong></span> <span class='ocrx_word' id='word_1_192' title='bbox 854 2640 959 2708; x_wconf 87' lang='grc' dir='ltr'><em>κοινδν</em></span> <span class='ocrx_word' id='word_1_193' title='bbox 989 2642 1136 2728; x_wconf 82' lang='grc' dir='ltr'><em>α’τδπημα</em></span> <span class='ocrx_word' id='word_1_194' title='bbox 1160 2645 1215 2709; x_wconf 82' lang='grc' dir='ltr'><em>καί</em></span> <span class='ocrx_word' id='word_1_195' title='bbox 1236 2646 1311 2709; x_wconf 82' lang='grc' dir='ltr'><em>άδί-</em></span> 
     </span>
    </p>
   </div>
   <div class='ocr_carea' id='block_1_3' title="bbox 282 2780 475 2867">
    <p class='ocr_par' dir='ltr' id='par_1_8' title="bbox 282 2780 475 2867">
     <span class='ocr_line' id='line_1_25' title="bbox 282 2780 475 2867; baseline 0.005 -5"><span class='ocrx_word' id='word_1_196' title='bbox 282 2780 475 2867; x_wconf 67' lang='lat' dir='ltr'><strong>semo</strong></span> 
     </span>
    </p>
   </div>
   <div class='ocr_carea' id='block_1_4' title="bbox 210 2977 1310 3121">
    <p class='ocr_par' dir='ltr' id='par_1_9' title="bbox 210 2977 1310 3121">
     <span class='ocr_line' id='line_1_26' title="bbox 210 2977 1310 3049; baseline 0.006 -20"><span class='ocrx_word' id='word_1_197' title='bbox 210 2978 289 3045; x_wconf 78' lang='lat' dir='ltr'><strong>bigna</strong></span> <span class='ocrx_word' id='word_1_198' title='bbox 308 2984 335 3028; x_wconf 90' lang='lat' dir='ltr'><strong>et</strong></span> <span class='ocrx_word' id='word_1_199' title='bbox 349 2977 512 3028; x_wconf 76' lang='lat' dir='ltr'>accedebant</span> <span class='ocrx_word' id='word_1_200' title='bbox 529 2979 636 3031; x_wconf 83' lang='lat' dir='ltr'>ordines</span> <span class='ocrx_word' id='word_1_201' title='bbox 655 2980 711 3032; x_wconf 89' lang='lat' dir='ltr'><strong>cius</strong></span> <span class='ocrx_word' id='word_1_202' title='bbox 732 2996 841 3049; x_wconf 81' lang='lat' dir='ltr'><strong>gravem</strong></span> <span class='ocrx_word' id='word_1_203' title='bbox 861 2984 1013 3036; x_wconf 78' lang='lat' dir='ltr'><strong>nuntiantes</strong></span> <span class='ocrx_word' id='word_1_204' title='bbox 1036 2986 1177 3037; x_wconf 87' lang='lat' dir='ltr'><strong>adventum</strong></span> <span class='ocrx_word' id='word_1_205' title='bbox 1201 2995 1227 3038; x_wconf 92' lang='lat' dir='ltr'><strong>et</strong></span> <span class='ocrx_word' id='word_1_206' title='bbox 1245 3004 1310 3041; x_wconf 91' lang='lat' dir='ltr'><strong>cor.</strong></span> 
     </span>
     <span class='ocr_line' id='line_1_27' title="bbox 210 3048 1309 3121; baseline 0.009 -21"><span class='ocrx_word' id='word_1_207' title='bbox 210 3064 264 3100; x_wconf 85' lang='lat' dir='ltr'><strong>nua</strong></span> <span class='ocrx_word' id='word_1_208' title='bbox 277 3048 394 3115; x_wconf 84' lang='lat' dir='ltr'><strong>undique</strong></span> <span class='ocrx_word' id='word_1_209' title='bbox 415 3049 614 3101; x_wconf 84' lang='lat' dir='ltr'><strong>formidolosum</strong></span> <span class='ocrx_word' id='word_1_210' title='bbox 638 3066 732 3103; x_wconf 88' lang='lat' dir='ltr'><strong>sonum</strong></span> <span class='ocrx_word' id='word_1_211' title='bbox 754 3061 780 3104; x_wconf 93' lang='lat' dir='ltr'><strong>et</strong></span> <span class='ocrx_word' id='word_1_212' title='bbox 804 3054 950 3106; x_wconf 75' lang='lat' dir='ltr'>terribilem</span> <span class='ocrx_word' id='word_1_213' title='bbox 969 3057 1111 3121; x_wconf 87' lang='lat' dir='ltr'><strong>canebant,</strong></span> <span class='ocrx_word' id='word_1_214' title='bbox 1134 3065 1160 3108; x_wconf 89' lang='lat' dir='ltr'><strong>et</strong></span> <span class='ocrx_word' id='word_1_215' title='bbox 1180 3058 1229 3110; x_wconf 89' lang='lat' dir='ltr'><strong>ille</strong></span> <span class='ocrx_word' id='word_1_216' title='bbox 1250 3076 1309 3111; x_wconf 88' lang='lat' dir='ltr'><strong>cum</strong></span> 
     </span>
    </p>
   </div>
   <div class='ocr_carea' id='block_1_5' title="bbox 121 3119 1308 3195">
    <p class='ocr_par' dir='ltr' id='par_1_10' title="bbox 121 3119 1308 3195">
     <span class='ocr_line' id='line_1_28' title="bbox 121 3119 1308 3195; baseline 0.006 -25"><span class='ocrx_word' id='word_1_217' title='bbox 121 3122 131 3135; x_wconf 77' lang='lat'>¹</span> <span class='ocrx_word' id='word_1_218' title='bbox 209 3119 360 3187; x_wconf 74' lang='lat' dir='ltr'><strong>insignibus</strong></span> <span class='ocrx_word' id='word_1_219' title='bbox 380 3135 396 3170; x_wconf 89' lang='lat' dir='ltr'><strong>a</strong></span> <span class='ocrx_word' id='word_1_220' title='bbox 414 3119 535 3185; x_wconf 89' lang='lat' dir='ltr'><strong>plurimis</strong></span> <span class='ocrx_word' id='word_1_221' title='bbox 554 3123 732 3174; x_wconf 86' lang='lat' dir='ltr'><strong>circumdatus</strong></span> <span class='ocrx_word' id='word_1_222' title='bbox 750 3126 874 3189; x_wconf 89' lang='lat' dir='ltr'><strong>advenit,</strong></span> <span class='ocrx_word' id='word_1_223' title='bbox 900 3134 927 3176; x_wconf 89' lang='lat' dir='ltr'><strong>et</strong></span> <span class='ocrx_word' id='word_1_224' title='bbox 951 3142 980 3178; x_wconf 90' lang='lat' dir='ltr'><strong>se</strong></span> <span class='ocrx_word' id='word_1_225' title='bbox 1008 3127 1184 3195; x_wconf 81' lang='lat' dir='ltr'><strong>disponebant</strong></span> <span class='ocrx_word' id='word_1_226' title='bbox 1209 3145 1308 3181; x_wconf 89' lang='lat' dir='ltr'><strong>secun.</strong></span> 
     </span>
    </p>
   </div>
   <div class='ocr_carea' id='block_1_6' title="bbox 206 3189 1310 3901">
    <p class='ocr_par' dir='ltr' id='par_1_11' title="bbox 206 3189 1310 3901">
     <span class='ocr_line' id='line_1_29' title="bbox 210 3189 1308 3267; baseline 0.005 -25"><span class='ocrx_word' id='word_1_227' title='bbox 210 3189 271 3242; x_wconf 88' lang='lat' dir='ltr'><strong>dum</strong></span> <span class='ocrx_word' id='word_1_228' title='bbox 290 3190 397 3242; x_wconf 84' lang='lat' dir='ltr'><strong>ordines</strong></span> <span class='ocrx_word' id='word_1_229' title='bbox 421 3192 465 3257; x_wconf 92' lang='lat' dir='ltr'><strong>qui</strong></span> <span class='ocrx_word' id='word_1_230' title='bbox 490 3194 523 3243; x_wconf 93' lang='lat' dir='ltr'><strong>ad</strong></span> <span class='ocrx_word' id='word_1_231' title='bbox 542 3194 712 3259; x_wconf 89' lang='lat' dir='ltr'><strong>spectandum</strong></span> <span class='ocrx_word' id='word_1_232' title='bbox 739 3198 953 3255; x_wconf 31' lang='lat' dir='ltr'><strong>exierantlcives</strong></span> <span class='ocrx_word' id='word_1_233' title='bbox 979 3206 1005 3249; x_wconf 88' lang='lat' dir='ltr'><strong>et</strong></span> <span class='ocrx_word' id='word_1_234' title='bbox 1031 3199 1129 3251; x_wconf 83' lang='lat' dir='ltr'><strong>milites</strong></span> <span class='ocrx_word' id='word_1_235' title='bbox 1149 3206 1223 3252; x_wconf 88' lang='lat' dir='ltr'><strong>scuta</strong></span> <span class='ocrx_word' id='word_1_236' title='bbox 1241 3216 1308 3267; x_wconf 94' lang='lat' dir='ltr'><strong>pro.</strong></span> 
     </span>
     <span class='ocr_line' id='line_1_30' title="bbox 208 3260 1309 3339; baseline 0.012 -29"><span class='ocrx_word' id='word_1_237' title='bbox 208 3260 355 3311; x_wconf 85' lang='lat' dir='ltr'><strong>tendebant</strong></span> <span class='ocrx_word' id='word_1_238' title='bbox 391 3268 418 3309; x_wconf 89' lang='lat' dir='ltr'><strong>et</strong></span> <span class='ocrx_word' id='word_1_239' title='bbox 448 3263 570 3328; x_wconf 87' lang='lat' dir='ltr'><strong>cuspides</strong></span> <span class='ocrx_word' id='word_1_240' title='bbox 605 3279 737 3316; x_wconf 88' lang='lat' dir='ltr'><strong>armorum</strong></span> <span class='ocrx_word' id='word_1_241' title='bbox 761 3265 906 3330; x_wconf 87' lang='lat' dir='ltr'><strong>tollebant,</strong></span> <span class='ocrx_word' id='word_1_242' title='bbox 939 3276 970 3337; x_wconf 76' lang='lat' dir='ltr'><strong>et</strong></span> <span class='ocrx_word' id='word_1_243' title='bbox 996 3269 1107 3339; x_wconf 85' lang='lat' dir='ltr'><strong>clangor</strong></span> <span class='ocrx_word' id='word_1_244' title='bbox 1137 3271 1309 3323; x_wconf 87' lang='lat' dir='ltr'><strong>buccinarum</strong></span> 
     </span>
     <span class='ocr_line' id='line_1_31' title="bbox 211 3329 1309 3397; baseline 0.014 -18"><span class='ocrx_word' id='word_1_245' title='bbox 211 3338 240 3379; x_wconf 88' lang='lat' dir='ltr'><strong>et</strong></span> <span class='ocrx_word' id='word_1_246' title='bbox 257 3330 379 3380; x_wconf 87' lang='lat' dir='ltr'><strong>tubarum</strong></span> <span class='ocrx_word' id='word_1_247' title='bbox 398 3329 547 3397; x_wconf 70' lang='lat' dir='ltr'><strong>oriebatur,</strong></span> <span class='ocrx_word' id='word_1_248' title='bbox 568 3343 595 3387; x_wconf 92' lang='lat' dir='ltr'><strong>ct</strong></span> <span class='ocrx_word' id='word_1_249' title='bbox 619 3336 787 3388; x_wconf 78' lang='lat' dir='ltr'><strong>salutationis</strong></span> <span class='ocrx_word' id='word_1_250' title='bbox 811 3338 911 3389; x_wconf 86' lang='lat' dir='ltr'><strong>clamor</strong></span> <span class='ocrx_word' id='word_1_251' title='bbox 936 3339 1055 3393; x_wconf 87' lang='lat' dir='ltr'><strong>sublatus</strong></span> <span class='ocrx_word' id='word_1_252' title='bbox 1076 3351 1117 3394; x_wconf 87' lang='lat' dir='ltr'><strong>est</strong></span> <span class='ocrx_word' id='word_1_253' title='bbox 1136 3342 1167 3391; x_wconf 90' lang='lat' dir='ltr'><strong>ab</strong></span> <span class='ocrx_word' id='word_1_254' title='bbox 1186 3343 1309 3395; x_wconf 91' lang='lat' dir='ltr'><strong>omnibus</strong></span> 
     </span>
     <span class='ocr_line' id='line_1_32' title="bbox 211 3400 1310 3477; baseline 0.011 -26"><span class='ocrx_word' id='word_1_255' title='bbox 211 3400 309 3465; x_wconf 78' lang='lat' dir='ltr'><strong>clarus,</strong></span> <span class='ocrx_word' id='word_1_256' title='bbox 329 3409 453 3467; x_wconf 88' lang='lat' dir='ltr'><strong>putarunt</strong></span> <span class='ocrx_word' id='word_1_257' title='bbox 471 3403 577 3469; x_wconf 89' lang='lat' dir='ltr'><strong>plurimi</strong></span> <span class='ocrx_word' id='word_1_258' title='bbox 596 3408 773 3473; x_wconf 87' lang='lat' dir='ltr'><strong>praesentiam</strong></span> <span class='ocrx_word' id='word_1_259' title='bbox 794 3409 850 3459; x_wconf 89' lang='lat' dir='ltr'><strong>eius</strong></span> <span class='ocrx_word' id='word_1_260' title='bbox 869 3410 941 3476; x_wconf 84' lang='lat' dir='ltr'><strong>regis</strong></span> <span class='ocrx_word' id='word_1_261' title='bbox 959 3413 1065 3463; x_wconf 88' lang='lat' dir='ltr'><strong>maximi</strong></span> <span class='ocrx_word' id='word_1_262' title='bbox 1086 3422 1112 3464; x_wconf 87' lang='lat' dir='ltr'><strong>et</strong></span> <span class='ocrx_word' id='word_1_263' title='bbox 1129 3414 1310 3477; x_wconf 88' lang='lat' dir='ltr'><strong>potentissimi</strong></span> 
     </span>
     <span class='ocr_line' id='line_1_33' title="bbox 210 3473 1308 3550; baseline 0.011 -27"><span class='ocrx_word' id='word_1_264' title='bbox 210 3473 319 3525; x_wconf 88' lang='lat' dir='ltr'><strong>adesse:</strong></span> <span class='ocrx_word' id='word_1_265' title='bbox 351 3481 430 3539; x_wconf 88' lang='lat' dir='ltr'><strong>atque</strong></span> <span class='ocrx_word' id='word_1_266' title='bbox 455 3474 504 3524; x_wconf 90' lang='lat' dir='ltr'><strong>ille</strong></span> <span class='ocrx_word' id='word_1_267' title='bbox 522 3491 602 3542; x_wconf 90' lang='lat' dir='ltr'><strong>snpra</strong></span> <span class='ocrx_word' id='word_1_268' title='bbox 621 3492 725 3527; x_wconf 91' lang='lat' dir='ltr'><strong>omnem</strong></span> <span class='ocrx_word' id='word_1_269' title='bbox 745 3494 894 3531; x_wconf 90' lang='lat' dir='ltr'><strong>sermonem</strong></span> <span class='ocrx_word' id='word_1_270' title='bbox 918 3495 947 3530; x_wconf 92' lang='lat' dir='ltr'><strong>se</strong></span> <span class='ocrx_word' id='word_1_271' title='bbox 966 3484 1124 3548; x_wconf 86' lang='lat' dir='ltr'><strong>aestimans,</strong></span> <span class='ocrx_word' id='word_1_272' title='bbox 1143 3482 1238 3550; x_wconf 91' lang='lat' dir='ltr'><strong>plenus</strong></span> <span class='ocrx_word' id='word_1_273' title='bbox 1258 3499 1308 3549; x_wconf 88' lang='lat' dir='ltr'><strong>spe</strong></span> 
     </span>
     <span class='ocr_line' id='line_1_34' title="bbox 211 3542 1308 3619; baseline 0.011 -26"><span class='ocrx_word' id='word_1_274' title='bbox 211 3551 239 3593; x_wconf 92' lang='lat' dir='ltr'><strong>et</strong></span> <span class='ocrx_word' id='word_1_275' title='bbox 258 3542 385 3609; x_wconf 88' lang='lat' dir='ltr'><strong>superbia</strong></span> <span class='ocrx_word' id='word_1_276' title='bbox 413 3546 441 3594; x_wconf 94' lang='lat' dir='ltr'><strong>in</strong></span> <span class='ocrx_word' id='word_1_277' title='bbox 459 3546 551 3596; x_wconf 89' lang='lat' dir='ltr'><strong>urbem</strong></span> <span class='ocrx_word' id='word_1_278' title='bbox 569 3562 637 3614; x_wconf 91' lang='lat' dir='ltr'><strong>quae</strong></span> <span class='ocrx_word' id='word_1_279' title='bbox 668 3549 853 3613; x_wconf 82' lang='lat' dir='ltr'><strong>eumtulerat,</strong></span> <span class='ocrx_word' id='word_1_280' title='bbox 884 3552 1019 3619; x_wconf 86' lang='lat' dir='ltr'><strong>ingressus</strong></span> <span class='ocrx_word' id='word_1_281' title='bbox 1040 3563 1088 3607; x_wconf 89' lang='lat' dir='ltr'><strong>est.</strong></span> <span class='ocrx_word' id='word_1_282' title='bbox 1128 3562 1202 3606; x_wconf 88' lang='lat' dir='ltr'><strong>erant</strong></span> <span class='ocrx_word' id='word_1_283' title='bbox 1219 3563 1308 3607; x_wconf 89' lang='lat' dir='ltr'><strong>autem</strong></span> 
     </span>
     <span class='ocr_line' id='line_1_35' title="bbox 209 3614 1306 3692; baseline 0.008 -28"><span class='ocrx_word' id='word_1_284' title='bbox 209 3614 287 3678; x_wconf 87' lang='lat' dir='ltr'><strong>haec,</strong></span> <span class='ocrx_word' id='word_1_285' title='bbox 307 3622 335 3665; x_wconf 88' lang='lat' dir='ltr'><strong>nt</strong></span> <span class='ocrx_word' id='word_1_286' title='bbox 353 3623 448 3680; x_wconf 88' lang='lat' dir='ltr'><strong>postea</strong></span> <span class='ocrx_word' id='word_1_287' title='bbox 466 3631 509 3668; x_wconf 88' lang='lat' dir='ltr'><strong>res</strong></span> <span class='ocrx_word' id='word_1_288' title='bbox 530 3618 588 3683; x_wconf 88' lang='lat' dir='ltr'><strong>ipsa</strong></span> <span class='ocrx_word' id='word_1_289' title='bbox 607 3618 792 3672; x_wconf 87' lang='lat' dir='ltr'><strong>documentum</strong></span> <span class='ocrx_word' id='word_1_290' title='bbox 811 3622 897 3685; x_wconf 87' lang='lat' dir='ltr'><strong>dedit,</strong></span> <span class='ocrx_word' id='word_1_291' title='bbox 918 3625 1053 3675; x_wconf 89' lang='lat' dir='ltr'><strong>simiorum</strong></span> <span class='ocrx_word' id='word_1_292' title='bbox 1083 3625 1128 3676; x_wconf 90' lang='lat' dir='ltr'><strong>vel</strong></span> <span class='ocrx_word' id='word_1_293' title='bbox 1147 3641 1242 3692; x_wconf 83' lang='lat' dir='ltr'><strong>gruum</strong></span> <span class='ocrx_word' id='word_1_294' title='bbox 1261 3627 1306 3676; x_wconf 89' lang='lat' dir='ltr'><strong>in.</strong></span> 
     </span>
     <span class='ocr_line' id='line_1_36' title="bbox 210 3687 1306 3763; baseline 0.011 -30"><span class='ocrx_word' id='word_1_295' title='bbox 210 3693 287 3749; x_wconf 91' lang='lat' dir='ltr'><strong>cepta</strong></span> <span class='ocrx_word' id='word_1_296' title='bbox 309 3694 336 3735; x_wconf 91' lang='lat' dir='ltr'><strong>et</strong></span> <span class='ocrx_word' id='word_1_297' title='bbox 354 3687 486 3737; x_wconf 86' lang='lat' dir='ltr'><strong>iuvenilia</strong></span> <span class='ocrx_word' id='word_1_298' title='bbox 506 3687 583 3739; x_wconf 87' lang='lat' dir='ltr'><strong>facta.</strong></span> <span class='ocrx_word' id='word_1_299' title='bbox 622 3689 666 3739; x_wconf 89' lang='lat' dir='ltr'><strong>ubi</strong></span> <span class='ocrx_word' id='word_1_300' title='bbox 687 3692 756 3741; x_wconf 90' lang='lat' dir='ltr'><strong>enim</strong></span> <span class='ocrx_word' id='word_1_301' title='bbox 775 3693 839 3744; x_wconf 89' lang='lat' dir='ltr'><strong>deus</strong></span> <span class='ocrx_word' id='word_1_302' title='bbox 866 3708 919 3744; x_wconf 93' lang='lat' dir='ltr'><strong>non</strong></span> <span class='ocrx_word' id='word_1_303' title='bbox 941 3698 1085 3747; x_wconf 87' lang='lat' dir='ltr'><strong>assentitur</strong></span> <span class='ocrx_word' id='word_1_304' title='bbox 1106 3705 1132 3747; x_wconf 89' lang='lat' dir='ltr'><strong>et</strong></span> <span class='ocrx_word' id='word_1_305' title='bbox 1149 3696 1306 3763; x_wconf 78' lang='lat' dir='ltr'><strong>suffragatur</strong></span> 
     </span>
     <span class='ocr_line' id='line_1_37' title="bbox 209 3757 1305 3847; baseline 0.01 -44"><span class='ocrx_word' id='word_1_306' title='bbox 209 3761 237 3803; x_wconf 87' lang='lat' dir='ltr'><strong>et</strong></span> <span class='ocrx_word' id='word_1_307' title='bbox 253 3770 298 3805; x_wconf 87' lang='lat' dir='ltr'><strong>res</strong></span> <span class='ocrx_word' id='word_1_308' title='bbox 315 3757 422 3807; x_wconf 88' lang='lat' dir='ltr'><strong>sincera</strong></span> <span class='ocrx_word' id='word_1_309' title='bbox 441 3766 468 3809; x_wconf 92' lang='lat' dir='ltr'><strong>et</strong></span> <span class='ocrx_word' id='word_1_310' title='bbox 486 3757 536 3808; x_wconf 92' lang='lat' dir='ltr'><strong>deo</strong></span> <span class='ocrx_word' id='word_1_311' title='bbox 555 3767 657 3826; x_wconf 83' lang='lat' dir='ltr'><strong>gratum</strong></span> <span class='ocrx_word' id='word_1_312' title='bbox 683 3762 829 3814; x_wconf 88' lang='lat' dir='ltr'><strong>consilium</strong></span> <span class='ocrx_word' id='word_1_313' title='bbox 850 3780 965 3831; x_wconf 86' lang='lat' dir='ltr'><strong>superne</strong></span> <span class='ocrx_word' id='word_1_314' title='bbox 984 3782 1038 3818; x_wconf 92' lang='lat' dir='ltr'><strong>non</strong></span> <span class='ocrx_word' id='word_1_315' title='bbox 1067 3769 1210 3847; x_wconf 73' lang='lat' dir='ltr'><strong>impetpant</strong></span> <span class='ocrx_word' id='word_1_316' title='bbox 1228 3768 1305 3817; x_wconf 87' lang='lat' dir='ltr'><strong>anri.</strong></span> 
     </span>
     <span class='ocr_line' id='line_1_38' title="bbox 206 3822 1153 3901; baseline 0.015 -26"><span class='ocrx_word' id='word_1_317' title='bbox 206 3822 289 3890; x_wconf 89' lang='lat' dir='ltr'><strong>lium,</strong></span> <span class='ocrx_word' id='word_1_318' title='bbox 309 3828 399 3878; x_wconf 89' lang='lat' dir='ltr'><strong>inania</strong></span> <span class='ocrx_word' id='word_1_319' title='bbox 419 3830 506 3880; x_wconf 91' lang='lat' dir='ltr'><strong>omnia</strong></span> <span class='ocrx_word' id='word_1_320' title='bbox 526 3838 553 3880; x_wconf 90' lang='lat' dir='ltr'><strong>et</strong></span> <span class='ocrx_word' id='word_1_321' title='bbox 570 3832 673 3882; x_wconf 85' lang='lat' dir='ltr'><strong>infirma</strong></span> <span class='ocrx_word' id='word_1_322' title='bbox 692 3841 754 3884; x_wconf 90' lang='lat' dir='ltr'><strong>sunt</strong></span> <span class='ocrx_word' id='word_1_323' title='bbox 772 3850 841 3901; x_wconf 89' lang='lat' dir='ltr'><strong>qnae</strong></span> <span class='ocrx_word' id='word_1_324' title='bbox 857 3835 889 3886; x_wconf 94' lang='lat' dir='ltr'><strong>ab</strong></span> <span class='ocrx_word' id='word_1_325' title='bbox 909 3836 1058 3890; x_wconf 90' lang='lat' dir='ltr'><strong>hominibus</strong></span> <span class='ocrx_word' id='word_1_326' title='bbox 1079 3839 1153 3890; x_wconf 82' lang='lat' dir='ltr'><strong>liunt.</strong></span> 
     </span>
    </p>
   </div>
   <div class='ocr_carea' id='block_1_7' title="bbox 206 3923 1306 4216">
    <p class='ocr_par' dir='ltr' id='par_1_12' title="bbox 206 3923 1306 4216">
     <span class='ocr_line' id='line_1_39' title="bbox 306 3923 1306 4001; baseline 0.01 -26"><span class='ocrx_word' id='word_1_327' title='bbox 306 3923 430 3976; x_wconf 86' lang='lat' dir='ltr'><strong>llaedesti</strong></span> <span class='ocrx_word' id='word_1_328' title='bbox 452 3923 626 3991; x_wconf 84' lang='lat' dir='ltr'><strong>autemeam,</strong></span> <span class='ocrx_word' id='word_1_329' title='bbox 646 3937 786 3997; x_wconf 89' lang='lat' dir='ltr'><strong>antequam</strong></span> <span class='ocrx_word' id='word_1_330' title='bbox 806 3931 956 3998; x_wconf 79' lang='lat' dir='ltr'><strong>Bryennius</strong></span> <span class='ocrx_word' id='word_1_331' title='bbox 973 3935 1168 4001; x_wconf 84' lang='lat' dir='ltr'><strong>Adrianopolin</strong></span> <span class='ocrx_word' id='word_1_332' title='bbox 1188 3936 1306 3997; x_wconf 89' lang='lat' dir='ltr'><strong>intravit,</strong></span> 
     </span>
     <span class='ocr_line' id='line_1_40' title="bbox 206 3994 1306 4076; baseline 0.013 -33"><span class='ocrx_word' id='word_1_333' title='bbox 206 3994 350 4059; x_wconf 86' lang='lat' dir='ltr'><strong>imperaret</strong></span> <span class='ocrx_word' id='word_1_334' title='bbox 367 3994 508 4046; x_wconf 82' lang='lat' dir='ltr'><strong>Batatnina</strong></span> <span class='ocrx_word' id='word_1_335' title='bbox 528 3998 734 4063; x_wconf 87' lang='lat' dir='ltr'><strong>(dissentiebant</strong></span> <span class='ocrx_word' id='word_1_336' title='bbox 753 4003 822 4052; x_wconf 89' lang='lat' dir='ltr'><strong>enim</strong></span> <span class='ocrx_word' id='word_1_337' title='bbox 841 4003 965 4057; x_wconf 89' lang='lat' dir='ltr'><strong>nonnulli</strong></span> <span class='ocrx_word' id='word_1_338' title='bbox 986 4006 1019 4056; x_wconf 90' lang='lat' dir='ltr'><strong>de</strong></span> <span class='ocrx_word' id='word_1_339' title='bbox 1040 4008 1097 4057; x_wconf 89' lang='lat' dir='ltr'><strong>eius</strong></span> <span class='ocrx_word' id='word_1_340' title='bbox 1116 4007 1239 4076; x_wconf 84' lang='lat' dir='ltr'><strong>incepto)</strong></span> <span class='ocrx_word' id='word_1_341' title='bbox 1258 4022 1306 4057; x_wconf 89' lang='lat' dir='ltr'><strong>re-</strong></span> 
     </span>
     <span class='ocr_line' id='line_1_41' title="bbox 206 4064 1305 4141; baseline 0.011 -26"><span class='ocrx_word' id='word_1_342' title='bbox 206 4066 342 4122; x_wconf 81' lang='lat' dir='ltr'><strong>nuntiatus</strong></span> <span class='ocrx_word' id='word_1_343' title='bbox 364 4073 404 4118; x_wconf 88' lang='lat' dir='ltr'><strong>est</strong></span> <span class='ocrx_word' id='word_1_344' title='bbox 422 4064 572 4129; x_wconf 75' lang='lat' dir='ltr'><strong>Bryennius</strong></span> <span class='ocrx_word' id='word_1_345' title='bbox 593 4078 619 4119; x_wconf 89' lang='lat' dir='ltr'><strong>et</strong></span> <span class='ocrx_word' id='word_1_346' title='bbox 637 4074 749 4136; x_wconf 89' lang='lat' dir='ltr'><strong>primum</strong></span> <span class='ocrx_word' id='word_1_347' title='bbox 769 4073 864 4125; x_wconf 88' lang='lat' dir='ltr'><strong>factum</strong></span> <span class='ocrx_word' id='word_1_348' title='bbox 884 4075 981 4127; x_wconf 90' lang='lat' dir='ltr'><strong>incolis</strong></span> <span class='ocrx_word' id='word_1_349' title='bbox 1003 4077 1062 4141; x_wconf 85' lang='lat' dir='ltr'><strong>fuit,</strong></span> <span class='ocrx_word' id='word_1_350' title='bbox 1085 4075 1258 4127; x_wconf 82' lang='lat' dir='ltr'><strong>attollerent</strong></span> <span class='ocrx_word' id='word_1_351' title='bbox 1278 4084 1305 4127; x_wconf 90' lang='lat' dir='ltr'><strong>et</strong></span> 
     </span>
     <span class='ocr_line' id='line_1_42' title="bbox 208 4134 1305 4216; baseline 0.013 -31"><span class='ocrx_word' id='word_1_352' title='bbox 208 4134 356 4188; x_wconf 82' lang='lat' dir='ltr'><strong>delicerent</strong></span> <span class='ocrx_word' id='word_1_353' title='bbox 381 4135 517 4203; x_wconf 89' lang='lat' dir='ltr'><strong>publicum</strong></span> <span class='ocrx_word' id='word_1_354' title='bbox 537 4136 625 4193; x_wconf 88' lang='lat' dir='ltr'><strong>scelus</strong></span> <span class='ocrx_word' id='word_1_355' title='bbox 644 4151 671 4193; x_wconf 89' lang='lat' dir='ltr'><strong>et</strong></span> <span class='ocrx_word' id='word_1_356' title='bbox 695 4144 818 4196; x_wconf 91' lang='lat' dir='ltr'><strong>iniuriam</strong></span> <span class='ocrx_word' id='word_1_357' title='bbox 838 4153 863 4196; x_wconf 89' lang='lat' dir='ltr'><strong>et</strong></span> <span class='ocrx_word' id='word_1_358' title='bbox 882 4144 1038 4216; x_wconf 76' lang='lat' dir='ltr'><strong>logothetae</strong></span> <span class='ocrx_word' id='word_1_359' title='bbox 1064 4148 1139 4201; x_wconf 88' lang='lat' dir='ltr'><strong>triste</strong></span> <span class='ocrx_word' id='word_1_360' title='bbox 1159 4150 1305 4216; x_wconf 85' lang='lat' dir='ltr'><strong>cogitatum</strong></span> 
     </span>
    </p>
   </div>
   <div class='ocr_carea' id='block_1_8' title="bbox 0 0 1442 4734">
    <p class='ocr_par' dir='ltr' id='par_1_13' title="bbox 0 0 1442 4734">
     <span class='ocr_line' id='line_1_43' title="bbox 0 0 1442 4734; baseline 0 2"><span class='ocrx_word' id='word_1_361' title='bbox 0 0 1442 4734; x_wconf 95' lang='lat' dir='ltr'><strong> </strong></span> 
     </span>
    </p>
   </div>
  </div>
 </body>
</html>
