2875 4734
222 341 269 414 76
509 343 729 414 utenbutts
760 341 1021 413 sudatoria

281 507 436 594 Ἐπάθησε
452 509 486 573 δὲ
498 511 559 573 τῶν
572 501 676 572 άλλων
691 507 838 574 ἁπάντων
859 503 1040 588 δβασιλεάς
1061 502 1204 572 ἐπέκεινα
1221 506 1280 592 τήν
1290 532 1329 574 τε

220 617 283 678 τῶν
295 613 455 696 δημοσίων
465 608 640 695 χρημάτων
655 593 829 693 ἐπαύξησιν
843 611 897 673 καί
908 610 969 673 τῶν
981 608 1149 673 ἰδιωτικῶν
1160 610 1257 674 δικῶν
1268 608 1330 693 τήν
1429 602 1430 675 l

221 713 375 795 άκράασιν
389 709 445 794 καὶ
456 707 579 785 τούτοις
591 708 648 794 την
661 709 793 791 μείζονα
806 708 962 794 φροντίδα
978 711 1145 796 κατεκδνου
1162 710 1218 792 τῆς
1228 713 1330 790 βασι.
1385 697 1389 706 ’

220 814 318 888 λείας,
339 812 407 876 ,τῶν
429 804 534 875 άλλων
552 804 647 894 ἧττον
665 814 837 892 βασιλικῶν
854 808 1062 892 ἀντεχόμενος
1074 813 1330 892 ,στρατιωτικῶν

220 914 306 999 φημὶ
318 914 374 974 καί
386 912 602 997 στρατηγικῶν
623 908 899 993 πλεονεκτημάτων
917 911 973 972 καί
986 907 1041 991 τῆς
1063 909 1212 974 δντεῦθεν
1231 907 1356 998 midaii
1430 932 1431 973 t

218 1013 299 1092 Ιξιόις,
322 1019 388 1086 τοῖς
409 1012 584 1095 εἰρημένοις
605 1015 774 1083 πολιτικοῖς
790 1011 969 1091 εὐδοκιμεῖν
988 1005 1247 1091 προαιρούμενος.
1271 1009 1328 1072 διά

220 1110 259 1197 δη
273 1113 441 1179 ταῦτακαὶ
453 1118 695 1196 συκοφαντικοῖς
717 1111 879 1194 ε’πηρειάις
894 1112 949 1174 καί
961 1117 1163 1194 σοφιστικαῖς
1178 1108 1329 1190 μεθάδοις

221 1211 277 1277 καί
301 1211 468 1277 δικανικῶν
490 1208 722 1295 προβλημάτων
744 1211 832 1296 ἐσμηλ
862 1210 918 1272 καί
937 1209 1124 1289 σεκρετικῶν
1143 1209 1330 1292 ζητημάτων

222 1314 406 1386 ἐπιπλοκαῖς
419 1308 455 1376 τὸ
469 1306 635 1391 Ῥωμαϊκά
634 1306 649 1374 ν
663 1307 833 1390 ἐκλονεῖτο,
845 1313 899 1373 καί
918 1305 1003 1390 κοινῆ
1019 1309 1133 1391 μελέτη
1146 1316 1212 1383 τοῖς
1225 1300 1329 1370 άπασι

221 1411 258 1476 τά
277 1411 480 1494 κατορθῶσαι
497 1409 551 1488 ιτά
572 1412 700 1474 τοιαῦτα
725 1411 854 1492 ἐγίνετο,
883 1407 926 1483 ῶς
949 1409 1003 1472 καί
1026 1407 1145 1481 αάτοὺς
1165 1401 1325 1492 στρατιά·
1338 1412 1370 1466 10
1429 1472 1434 1502 χ

223 1536 277 1586 τας
300 1516 489 1593 μεταβαλεῖν
523 1513 577 1574 καί
595 1514 794 1590 μεταμαθεῖν
826 1504 863 1572 τά
890 1507 971 1589 πρδς
991 1507 1050 1590 τὴν
1067 1505 1186 1572 τούτων
1206 1508 1325 1590 γνῶσιν

223 1611 415 1697 παράγοντα.
470 1610 602 1675 καὶτοῦ
622 1609 781 1689 βασιλέως
804 1609 993 1693 εάπροσίτου
1018 1610 1073 1672 καί
1093 1605 1326 1691 μετριάφρονσς

224 1705 313 1785 ὄντος
353 1712 408 1773 καί
441 1702 534 1794 ἧττον
562 1712 637 1794 περὶ
665 1706 700 1773 τά
727 1712 820 1790 σῶμα
855 1713 1040 1775 κολαστικοῦ
1061 1711 1115 1772 καί
1135 1703 1176 1771 τά
1198 1709 1272 1790 περὶ
1289 1704 1326 1772 τά

86 1809 477 1900 timerettimcret»
508 1812 673 1885 δοκοῦντος
701 1809 745 1885 ῶς
773 1813 913 1891 μάλιστα
944 1807 1147 1896 φιλοπτῶχου
1178 1829 1211 1872 τε
1241 1810 1325 1888 πέρα

222 1914 277 1977 τοῦ
297 1912 419 1987 δέοντος
452 1913 507 1976 καί
533 1912 755 1997 φιλομονάχου
785 1915 1035 1995 καθισταμένου,
1061 1907 1117 1972 καί
1138 1908 1367 1991 deuotoque-15

127 2023 132 2029 ’
225 2035 282 2078 νου
304 2012 378 2094 περὶ
398 2009 438 2077 τά
461 2009 545 2097 ἱερά,
566 2013 586 2096 ἦ
607 2008 686 2096 πρὸς
700 2012 738 2075 τά
756 2016 911 2093 λεχθέντα
924 2012 1015 2093 ἕτερα
1030 2007 1190 2095 κεφάλαια
1211 2000 1324 2073 εάνοια

222 2111 279 2196 τήν
311 2115 374 2177 τῶν
401 2112 551 2178 τοιοάτων
580 2113 830 2196 προτερημάτων
862 2105 1021 2195 ἤμβλυνεν
1050 2112 1247 2191 ἐπιμέλειαν,
1270 2110 1328 2172 καί

197 2229 199 2236 “
223 2209 303 2278 κατά
319 2216 405 2299 σφάς
426 2211 527 2289 αάτάς
550 2213 644 2298 άρετη
669 2215 724 2277 καί
743 2213 837 2277 κακιά
858 2216 934 2297 περὶ
952 2210 988 2275 τδ
1013 2209 1090 2275 αάτδ
1117 2209 1325 2290 δποκείμενσν

222 2315 396 2397 μονονουχὶ
416 2316 613 2393 ἐστασίαζον.
639 2316 728 2380 ἔνι’κα
748 2315 783 2377 δὲ
805 2312 891 2395 παρά
916 2310 1032 2388 πολλάς
1054 2310 1185 2395 ψήφους
1203 2304 1238 2372 τά
1263 2309 1326 2372 δυ-

222 2416 355 2501 anasse,
372 2407 435 2502 δσιρ
455 2420 510 2484 καῖ
528 2420 646 2481 πλειόνι
660 2416 769 2499 μερίδι
787 2413 965 2500 ε’φηπλωτο.
987 2413 1021 2478 τά
1038 2409 1098 2495 γάρ
1121 2411 1249 2491 εὐσεβὲς
1270 2411 1368 2476 nolti)

221 2515 255 2580 τά
280 2511 481 2601 φιλόπτωχον
503 2510 570 2597 άμα
592 2515 647 2580 καί
667 2513 885 2598 φιλομάναχον
900 2513 1002 2580 καὶτὸ
1021 2511 1065 2597 μη
1091 2508 1171 2595 πρδς
1192 2514 1323 2576 κάλαοιν
1435 2520 1436 2523 ’

224 2614 265 2676 δι’
288 2612 420 2694 αἵματος
452 2618 599 2699 ἕτοιμον,
628 2619 683 2679 καί
702 2612 781 2680 αδτδ
822 2613 858 2679 τδ
879 2613 1081 2698 εάπράσιτον,
1102 2615 1240 2680 ἐπαίνων
1264 2613 1325 2692 μὲν

225 2713 330 2790 οὐδεὶς
354 2706 393 2797 ἦν
414 2713 430 2780 ὃ
448 2713 492 2800 μη
520 2717 627 2798 α’ξιῶν,
649 2713 731 2800 πλὴν
754 2713 835 2780 άλλά
870 2719 913 2802 τῷ
936 2713 1041 2797 ἔχοντι
1062 2713 1146 2802 μόνην
1167 2711 1224 2797 την
1244 2705 1323 2796 ὄνη-

296 2847 322 2904 4.
343 2868 432 2918 ηττων
452 2850 482 2906 (λ

322 2969 434 3039 cupivit
461 2978 549 3024 autem
573 2977 680 3040 praeter
704 2980 795 3024 cetera
819 2971 907 3023 omnia
924 2986 973 3023 rex
996 2981 1025 3024 et
1046 2970 1211 3041 publicarum
1234 2983 1324 3022 reram

225 3042 396 3096 acessionem
415 3045 449 3095 et
460 3045 621 3111 privatarum
637 3045 774 3098 actionum
787 3044 963 3098 auditionem
983 3053 1010 3095 et
1028 3045 1070 3096 bis
1088 3044 1215 3094 maiorem
1234 3056 1323 3093 curum

225 3107 399 3168 exhauriebat
416 3114 532 3183 imperii,
551 3115 612 3168 aliis
631 3117 749 3184 negotiis
773 3116 857 3183 regiis
875 3116 961 3166 minus
987 3116 1101 3177 deditus,
1120 3113 1246 3165 militaria
1262 3113 1323 3163 dieo

226 3187 442 3252 etimperatoria
464 3187 608 3250 commoda,
630 3196 656 3238 et
675 3188 787 3254 proinde
804 3187 933 3253 capienda
948 3186 1036 3253 gloria
1054 3186 1263 3237 commemoratis
1283 3185 1325 3234 oi.

217 3249 325 3309 ‘vilibus
342 3256 423 3307 rebus
447 3265 476 3306 ut
501 3256 599 3308 nobilis
623 3258 701 3309 lieret
725 3259 809 3325 magis
830 3265 933 3324 optans.
979 3266 1122 3324 propterea
1140 3257 1222 3324 igitur
1242 3270 1324 3320 syco-

225 3327 358 3394 phantiois
378 3327 456 3377 minis
476 3336 503 3377 et
521 3327 697 3393 sophistarum
716 3329 800 3380 instar
819 3329 896 3380 iactis
914 3330 1034 3380 artificiis
1053 3336 1080 3378 et
1098 3327 1184 3378 litium
1202 3326 1325 3377 multitu-

226 3398 288 3449 dine
307 3406 333 3448 et
352 3405 516 3448 secretorum
534 3399 721 3466 quaestionum
748 3399 973 3466 implicationibus
994 3400 1112 3451 Graecus
1130 3396 1246 3463 populus
1263 3397 1325 3463 agi.

225 3469 330 3521 tabatur
356 3474 382 3517 et
411 3483 549 3520 commune
579 3470 694 3520 studium
720 3470 841 3522 omnibus
867 3471 1018 3538 corrigendi
1043 3469 1106 3520 talia
1133 3468 1279 3531 oriebatur,
1296 3475 1327 3516 ut

227 3542 305 3592 etiam
325 3541 398 3606 ipsos
416 3539 515 3592 milites
534 3551 562 3594 ut
576 3548 709 3592 mutarent
730 3549 758 3592 et
779 3540 863 3592 aliter
881 3542 1015 3593 discerent
1033 3541 1127 3592 burum
1145 3540 1325 3608 cognitionem

226 3613 366 3665 adducunt.
386 3609 420 3663 Et
438 3627 549 3666 cumrex
565 3611 653 3664 facilis
668 3619 740 3662 esset
753 3619 780 3662 et
789 3614 923 3664 modestus
942 3622 968 3664 et
985 3614 1070 3663 minus
1082 3626 1179 3678 eorpus
1194 3611 1327 3677 castigans

226 3693 252 3734 et
271 3697 335 3750 erga
350 3682 441 3734 divina
454 3683 514 3750 pius
525 3685 660 3736 videretur
674 3698 752 3750 quam
761 3684 875 3734 maxime
886 3693 913 3734 et
923 3699 1067 3751 pauperum
1085 3698 1174 3733 amans
1183 3696 1263 3748 supra
1275 3695 1327 3730 ua-

226 3755 376 3804 oessitatem
398 3763 425 3804 et
445 3755 633 3807 monachorum
653 3762 725 3806 esset
743 3763 770 3805 et
794 3756 899 3807 timidus
922 3757 994 3806 circa
1022 3770 1116 3817 saera,
1134 3751 1327 3804 benevolentia

225 3826 252 3875 iu
272 3827 485 3876 commemoratis
510 3826 570 3878 aliis
588 3827 755 3894 gravissimis
784 3825 863 3877 rebus
889 3827 947 3878 visa
971 3826 1063 3877 talium
1090 3825 1219 3876 virtutum
1238 3836 1327 3872 curam

227 3891 394 3957 debilitabat,
414 3902 441 3944 et
459 3910 486 3945 m
502 3911 534 3946 ms
553 3913 618 3964 rpsrs
637 3898 722 3962 virtus
742 3905 775 3948 et·
788 3899 882 3948 vitium
895 3900 967 3949 circa
984 3898 1055 3947 idem
1073 3895 1220 3946 subiectum
1239 3907 1327 3960 paene

191 3968 196 3976 '
227 3965 356 4018 seditiosu
376 3972 459 4015 erant.
498 3967 649 4032 reportabat
662 3976 750 4018 autem
769 3969 909 4019 victoriam
929 3966 1019 4019 multis
1041 3967 1181 4018 sententiis
1200 3964 1327 4031 indigna.

226 4039 274 4099 tio,
296 4048 349 4102 quo
370 4036 448 4085 etiam
467 4037 567 4086 maiore
585 4047 659 4101 parte
684 4038 822 4106 divulgata
841 4047 905 4090 erat.
953 4040 1022 4104 quod
1044 4039 1113 4088 enim
1133 4039 1192 4103 pius
1219 4043 1277 4086 erat
1301 4042 1328 4084 et

227 4121 373 4172 pauperum
392 4105 471 4158 simul
492 4115 518 4156 et
537 4107 724 4160 monachorum
737 4125 826 4161 amans
841 4109 973 4177 nequead
994 4108 1175 4174 castigandum
1196 4108 1327 4173 sanguine

229 4185 366 4243 promptus
387 4185 413 4227 et
431 4175 546 4228 affabilis
566 4186 646 4242 esset,
676 4179 743 4229 baec
767 4196 845 4231 nemo
867 4189 940 4244 erat,
961 4182 1025 4248 quin
1045 4178 1166 4230 laudibus
1184 4178 1327 4245 dignaret3

229 4246 275 4299 sed
292 4246 358 4300 baec
378 4249 403 4299 ei
422 4249 491 4312 soli,
522 4249 566 4317 qui
595 4265 625 4300 ea
654 4248 778 4314 haberet,
807 4252 950 4304 utilitatem
977 4252 1073 4303 afferre
1097 4248 1271 4310 iudicabant,
1301 4253 1328 4297 et
