2875 4734
124 283 228 402 risi
425 331 643 400 menimis
674 329 935 399 amruomn

120 503 343 592 στρατόπεδον.
384 499 485 588 ἐφάνη
519 505 554 568 δέ
588 501 643 568 καί
672 506 768 568 τοῦτο
786 511 852 578 τοῖς
879 496 1221 588 στρατοπεδευομένοις

121 604 179 670 ου’κ
202 595 334 670 εὔθετον
352 609 471 686 θέαμα.
990 591 994 593 ’

218 705 365 773 Aeeteos
386 700 443 770 odo
468 708 591 793 ἡμέραν
620 711 653 786 ἐξ
682 707 803 790 ἡμέρας
826 706 882 788 την
910 707 1115 790 προκειμένην
1135 699 1221 782 ὁδόν,

120 812 269 890 κατέλαβε
303 804 359 891 τη“ν
388 806 562 873 Θεοδοσίου
594 804 716 888 πόλιν,’“
734 807 789 872 ε’πί
806 810 866 888 μὲν
885 807 927 893 τῷ
949 802 1009 888 πρὸ
1036 804 1093 867 τοῦ
1115 802 1220 892 χρόνῳ

118 913 401 996 παρομεληθιῖσαν
433 912 488 972 κατ’
516 904 662 993 οἷοίκητον
689 913 856 993 γενομένην
883 903 937 971 διοὶ
958 903 991 970 sd
1015 907 1049 969 έν
1068 905 1107 990 τῇ
1127 910 1244 967 πολι-5

118 1001 535 1096 verp1013²Aptqntqortv
557 1003 636 1099 odon
659 1014 714 1074 καί
742 1013 774 1088 ἐν
798 1011 883 1096 καλῷ
903 1010 957 1090 τῆς
989 1009 1109 1082 θέσεως
1134 1000 1218 1085 δρω-
1257 1003 1260 1010 ’

117 1111 197 1198 μένη
219 1113 417 1190 μεταθέσθαι
450 1109 524 1187 τούς
555 1111 746 1196 α’νθροέπους
768 1108 825 1194 την
847 1107 1061 1192 οἴκησιν,κοί
1082 1103 1219 1188 μεγάλην

118 1212 344 1293 ἐγκαταστῆσαι
371 1211 550 1294 χοιρόπολιν
582 1211 638 1275 καί
658 1215 815 1275 παντοίων
844 1210 966 1290 ω’νέοιν,
989 1203 1049 1272 ὅσα
1072 1199 1234 1291 Περσική·

119 1310 229 1377 τεκαὶ
246 1307 357 1393 Ἰνδική
377 1310 432 1374 καί
458 1311 476 1392 ἦ
495 1311 586 1396 torna)
610 1311 702 1376 Ἀσία
725 1315 836 1396 φέρει,
860 1312 979 1393 πλῆθος
1000 1307 1059 1371 oda
1079 1305 1218 1384 ευάριθ-

117 1435 215 1495 μητον
237 1415 410 1496 φέρουσαν,
431 1409 492 1496 πρὸ
517 1414 630 1495 όλίγοιν
646 1415 681 1477 δέ
702 1412 826 1494 χρόνων
840 1411 1144 1493 α’νοικοδομηθεῖσαν
1164 1409 1220 1470 κατ’
1229 1414 1261 1466 10

119 1515 413 1595 κατοχυροιθεϊσαν,
434 1511 490 1596 την
516 1515 689 1577 Θεοδοσίου
719 1510 809 1575 πόλιν
830 1511 921 1593 λέγω,
942 1509 1057 1596 τάφρην
1077 1507 1132 1572 καί
1151 1511 1219 1572 τεί-

116 1633 190 1692 χεσι
215 1609 269 1674 διὸ
292 1608 348 1692 τὴν
370 1613 432 1676 τῶν
461 1608 609 1694 Τούρκτον
631 1614 664 1675 έκ
686 1615 745 1675 τοῦ
764 1603 952 1676 α’νελπίστου
976 1611 1156 1692 γειτνίασιν,
1177 1608 1218 1672 δι’

117 1699 163 1772 ὧν
184 1711 217 1786 έξ
237 1712 411 1794 ἐπιδρομῆς
433 1706 452 1793 ἡ
474 1697 617 1774 πολιτεία
636 1715 693 1775 τοῦ
707 1705 826 1796 ’Ἀριζη
851 1710 1038 1795 παμπληθεῖ
1055 1709 1111 1791 τήν
1131 1715 1217 1793 σφα.
1251 1728 1269 1750 s

89 1885 91 1898 Ι
117 1806 176 1892 γῆν
200 1809 410 1892 προϋπέμεινε
432 1809 562 1894 κοίτην
585 1799 739 1876 dimotos
773 1817 873 1876 ἐκεῖσε
894 1813 998 1876 τοίνυν
1018 1811 1180 1892 ἐπιμείνας
1203 1807 1219 1871 δ

60 1967 66 1989 ,
116 1907 270 2005 βασιλεὺς
299 1908 355 1973 οὐκ
384 1909 491 1994 ὀλίγας
524 1910 645 1995 ἡμέρας
678 1911 944 1997 διεκηρυκεδσατο
972 1913 1051 1975 πᾶσι
1083 1911 1216 1994 διμήνου
1228 1920 1260 1972 15

117 2017 254 2096 τροφαῖς
273 2011 519 2098 έφοδιασθῆναι,
539 2011 582 2087 αἱς
604 2010 659 2076 dccl
691 2012 801 2098 χιδρας
834 2011 984 2096 ἀοικήτου
1006 2010 1218 2076 κοίκαταπε-
1301 2017 1305 2023 ’

117 2115 296 2196 πατημένης
322 2120 385 2186 τοῖς
408 2109 514 2177 ε”θνεσι
546 2114 796 2198 διαπορεύεσθαι
823 2119 988 2195 μέλλουσα
1038 2115 1160 2177 πάντων
1181 2114 1217 2176 δέ
1246 2131 1253 2136 “

116 2202 153 2274 τὸ
176 2214 360 2295 προσαχθέν
380 2213 421 2275 δι’
444 2213 624 2295 ἐπιμελείας
645 2218 886 2297 ποιησαμένων,
909 2217 1137 2298 προαπέστειλε
1157 2214 1216 2295 μέν

117 2308 133 2375 ὃ
155 2311 307 2393 βασιλεδς
325 2311 358 2376 έκ
380 2317 439 2379 τοῦ
458 2317 695 2400 μισθοφορικοῧ
714 2312 843 2389 Σκύθας
863 2318 909 2390 εἰς
929 2317 987 2379 τοῦ
1008 2318 1115 2380 Χλίατ
1136 2335 1217 2397 προ-

115 2413 214 2498 νομην
236 2437 268 2479 τε
289 2415 343 2478 καί
365 2407 600 2495 διασκύλευσιν,
621 2418 712 2478 τοῦτο
743 2417 798 2478 καί
821 2414 974 2499 πρότερον
996 2409 1216 2497 ποιησάμενος,
1225 2423 1260 2479 20
1319 2489 1322 2494 ,

116 2515 320 2579 ε’παπέστειλε
335 2516 370 2578 δέ
387 2513 442 2579 καί
448 2513 633 2597 Γερμανοὺς
652 2513 729 2592 τους
751 2518 936 2598 λεγομένους
950 2515 1116 2599 Φρδγγους
1137 2513 1218 2596 μετά

116 2639 199 2691 τινος
219 2615 395 2700 ἡγουμένου
413 2616 542 2696 τούτων,
565 2611 683 2696 ἀνδρὸς
704 2617 877 2691 εδσθενοῦς
893 2613 974 2681 κατὰ
990 2624 1103 2698 χεῖρα·
1121 2614 1217 2694 Ῥου-

115 2719 217 2792 σέλιος
240 2712 339 2805 τοδτφ
361 2713 396 2779 τὸ
421 2707 531 2798 ὄνομα.
563 2719 679 2792 ἐκεῖνος
700 2719 736 2783 δὲ
757 2714 837 2800 μετὰ
858 2717 913 2800 τῆς
933 2717 1045 2800 λοιπῆς
1066 2717 1216 2802 στρατιᾶς

118 2994 275 3063 curopalato
298 2995 444 3056 comneno.
484 3005 510 3048 et
530 2995 646 3050 Graecus
668 2998 774 3066 quidem
794 2997 928 3050 exercitus
953 2997 1040 3049 victus
1065 3004 1129 3049 erat.
1167 3013 1217 3065 ap.

117 3069 206 3135 paruit
225 3075 312 3119 autem
333 3069 411 3119 etiam
430 3067 474 3118 hic
493 3067 623 3121 militibus
641 3082 695 3121 non
714 3069 784 3120 bene
804 3069 977 3134 compositum
1006 3067 1217 3138 spectaculumj

216 3155 394 3225 Progrediens
421 3157 503 3225 igitur
528 3157 597 3208 diem
624 3174 657 3208 ex
676 3158 719 3208 die
746 3157 884 3224 proposita
903 3157 948 3208 via
967 3158 1109 3222 occupavit
1128 3155 1217 3208 Theo.
1252 3156 1255 3165 '

51 3257 59 3264 -
117 3227 187 3280 dosii
205 3227 308 3292 urbem,
328 3242 396 3294 quae
416 3227 599 3294 superioribus
624 3230 700 3281 annis
719 3227 846 3298 neglecta
872 3236 899 3279 et
916 3229 1023 3279 deserta
1042 3227 1138 3292 luerat,
1158 3244 1217 3279 cum

116 3300 145 3350 in
166 3298 302 3351 civitatem
321 3298 409 3350 Areae
428 3313 513 3365 prope
533 3300 609 3351 sitam
629 3301 661 3351 et'
681 3297 753 3351 bono
773 3301 826 3351 situ
845 3308 1016 3366 apparentem
1034 3300 1216 3367 transposuis-

117 3376 178 3421 sent
196 3368 359 3420 domicilium
380 3376 406 3419 et
426 3373 550 3438 magnum
571 3372 772 3424 constituissent
797 3371 921 3437 oppidum
948 3379 975 3421 et
993 3370 1125 3421 variarum
1144 3386 1216 3422 mer.

116 3443 202 3504 cium,
231 3447 362 3508 quotquot
387 3440 479 3508 ,Persis
513 3450 540 3493 et
564 3442 639 3493 lndia
666 3449 693 3492 et
715 3441 820 3509 reliqna
850 3441 914 3493 Asia
945 3441 1067 3507 profert,
1095 3442 1217 3508 multitu-

118 3512 206 3564 dinem
231 3512 450 3564 innumerabilem
478 3514 582 3576 ferens3
610 3529 678 3580 quae
703 3521 791 3564 tamen
816 3521 877 3563 ante
903 3527 1002 3579 paucos
1030 3527 1114 3564 annos
1134 3513 1216 3565 resti.

116 3591 174 3634 tuta
198 3591 225 3634 et
249 3583 350 3634 firmata
376 3592 447 3648 erat,
473 3585 616 3636 Theodosii
643 3583 735 3635 urbem
759 3584 834 3648 dico,
861 3583 933 3635 fossa
956 3591 984 3634 et
1007 3584 1088 3634 muris
1108 3590 1215 3649 propter

118 3655 261 3710 'furcarum
285 3655 494 3723 inexspectatum
518 3655 694 3718 vicinitatem,
721 3670 832 3722 quorum
856 3655 1009 3708 incursione
1037 3655 1132 3705 civitas
1150 3655 1215 3706 Art-

118 3741 167 3776 nae
192 3739 301 3791 prorsus
329 3726 438 3778 eaedem
471 3725 643 3794 exspectabat
672 3725 708 3777 et'
730 3726 940 3792 occupationem.
989 3724 1026 3776 ibi
1050 3726 1132 3793 igitur
1151 3739 1215 3776 ver-

118 3804 190 3849 satus
215 3811 263 3846 rex
287 3811 341 3848 non
368 3813 468 3864 paucos
494 3798 552 3849 dies
578 3796 660 3848 edixit
682 3804 712 3848 ut
735 3812 826 3850 omnes
852 3795 984 3848 alimentis
1009 3796 1119 3847 duorum
1138 3811 1214 3849 ruen-

117 3868 184 3920 sium
203 3867 290 3934 spatio
315 3870 511 3921 instruerentur
531 3876 560 3919 ut
580 3883 627 3935 per
654 3876 751 3918 terram
771 3868 902 3920 desertam
927 3875 954 3918 et
978 3882 994 3917 a
1019 3868 1129 3934 paganis
1157 3865 1215 3917 cal-

120 3946 203 3990 catam
221 3937 380 4005 prolecturi.
418 3947 556 4005 postquam
577 3953 668 3990 omnes
686 3939 842 4005 imperatum
866 3937 1012 4004 diligenter
1030 3938 1216 4007 perfecissent,

119 4010 207 4060 emisit
226 4024 274 4060 rex
293 4025 326 4060 ex
350 4010 523 4060 mercenariis
543 4009 655 4073 Scythas
683 4010 716 4061 ad
735 4009 825 4064 Ghliat
843 4010 1021 4075 praedandum
1041 4017 1068 4060 et
1084 4009 1216 4074 diripien-
1283 4017 1286 4023 '

116 4079 190 4145 dum,
210 4095 269 4130 cnm
288 4079 340 4132 hoe
362 4080 440 4129 etiam
461 4088 539 4130 antea
558 4079 682 4133 lecisset:
708 4081 780 4134 misit
797 4089 938 4147 praetcrea
964 4081 1042 4131 ctiam
1062 4081 1216 4142 Germanos,

116 4147 233 4201 Francos
250 4149 348 4213 dictos,
369 4165 428 4199 cum
447 4150 559 4216 quodam
578 4147 628 4202 hos
650 4150 765 4201 ducente
784 4153 843 4202 viro
861 4154 940 4203 manu
959 4159 1081 4218 prompto
1101 4149 1217 4218 (Rusel-

115 4219 168 4272 lius
187 4218 250 4270 huic
269 4227 326 4270 erat
343 4223 466 4289 nomen).
503 4220 552 4272 ille
578 4229 665 4274 autem
685 4225 743 4273 cuni
761 4219 867 4291 reliquo
894 4223 1016 4274 exercitu
1035 4228 1143 4276 secutus
1161 4233 1216 4272 non
