2875 4734
218 202 294 291 tls
402 304 407 311 ,
501 220 744 295 αισσισσε
773 219 1033 295 immicum
1108 273 1110 278 -

218 398 420 490 Βλαχόρνατς
441 393 601 482 άνάκτορα
626 400 813 494 περιέλαβε,
836 404 880 485 πή
913 402 948 463 δὲ
969 398 1027 484 τήν
1048 391 1145 482 άλλην
1167 388 1321 479 όρκτικήν

217 490 423 583 όκιφόνειιιν,
447 499 503 562 καί
523 497 707 582 περιεσώθη
731 505 828 581 μέχρι
855 503 985 581 πολλοό,
1014 502 1111 563 πᾶσιν
1135 490 1321 579 ἀναφανδόν

218 596 525 681 όπικηρυκευόμενον
549 600 730 682 παρουσίαν
751 599 785 662 ἔκ
803 601 859 683 τῆς
881 595 963 675 isias
981 600 1121 683 μεγάλης
1141 590 1318 675 δυνάμεως·

165 703 169 713 “
216 690 249 757 ol
278 697 310 758 δ’
349 697 667 783 ε’πιστημονικώτεροι
697 700 762 763 τών
785 702 969 783 θεωμένων,
992 698 1046 763 καί
1066 698 1265 779 συμβολικῶς
1284 689 1320 757 τό

217 796 291 859 diss
309 799 585 881 ἐπιγινώσκοντες,
617 799 679 863 άπὸ
702 801 830 884 λάμπης
851 804 1021 885 λαμπτῆρα
1053 798 1227 885 φωσφόρον
1248 798 1348 859 ἐπει-5

218 899 360 984 δημήσαι
382 894 447 975 τοῖς
469 904 643 981 βασιλείοις
664 900 909 985 προεσήμαινον,
931 896 1014 965 ιόστε
1033 897 1231 983 χρηματίσαι
1254 900 1320 970 τοῖς

216 1000 277 1081 μὲν
299 1000 433 1081 οἷγαθοῖς
452 997 509 1065 καὶ
529 998 568 1065 τά
592 999 674 1083 όπὲρ
692 1000 795 1064 αδτοό
809 1002 965 1085 φρονοῦσι
988 1002 1058 1085 φώς
1081 997 1137 1063 καί
1156 996 1319 1081 θυμηδίαν

215 1100 273 1162 καί
290 1096 399 1182 χαράν
421 1092 639 1184 άνεκλάλητσν,
660 1106 726 1173 τοῖς
749 1102 785 1163 δὲ
807 1104 877 1163 κατ’
888 1100 990 1165 αότοό
1002 1102 1164 1181 μελετῶσι
1186 1100 1241 1161 καί
1262 1096 1320 1160 άν-

215 1202 444 1292 τιταττομὲναις
465 1198 554 1285 αότρλ
579 1194 684 1285 φλόγα
707 1203 752 1288 τῷ
772 1194 839 1265 όντι
860 1188 1222 1285 πυρόςκατατήκουσαν
1235 1196 1320 1262 ποό-

87 1334 92 1343 ·
188 1322 289 1375 τους
317 1302 373 1364 καί
405 1303 652 1365 κατακαιόυσαν,
704 1302 764 1365 καί
777 1324 813 1385 γε
847 1306 904 1385 τῆς
925 1303 1118 1385 συμβολικής
1137 1298 1365 1385 πορρήσεωςιθ

216 1400 258 1463 od
279 1398 471 1485 διήμαρτον·
515 1402 651 1485 δηλώσει
675 1403 711 1465 δὲ
732 1399 855 1487 προϊών
881 1402 897 1466 ὅ
919 1400 1019 1484 λόγος.
1050 1470 1053 1477 ,
1084 1416 1087 1419 ’

319 1502 383 1564 ibi
406 1502 442 1565 δὲ
466 1500 643 1584 όκτωβρίου
664 1503 765 1585 μηνός
787 1499 1044 1586 παρεληλυθότος
1064 1497 1257 1584 οἷποστατική
1272 1524 1320 1575 τις
1424 1530 1425 1535 ’

205 1600 364 1667 ’κακόνοια
387 1601 444 1683 τήν
464 1596 602 1684 ἑσπέραν
625 1601 794 1685 αι’φνιδιλος
814 1599 1044 1685 περιεδόνησεν.’
1087 1604 1132 1675 εἰς
1153 1598 1214 1683 γάρ
1233 1601 1321 1677 Ἐπό-

217 1703 358 1781 δαμκεν,
390 1698 428 1784 τό
448 1702 507 1763 νῦν
530 1704 717 1785 κεκλημένον
745 1700 958 1793 Δυρράχιον,
992 1699 1049 1784 τήν
1071 1700 1218 1784 δσυκικήν
1239 1698 1322 1783 ἔχων

216 1800 324 1885 ἀρχήν
345 1802 533 1886 Νικηφόρσς
560 1796 761 1885 πρόεδροςό
783 1804 974 1887 Βρυόννιος,
997 1804 1052 1866 καί
1073 1802 1193 1885 ταότης
1214 1808 1367 1885 παρα-’15

217 1902 350 1983 λυθεός,
372 1904 530 1983 βασιλέως
558 1897 662 1989 ἑαυτῷ
692 1907 882 1987 περιέθηκεν
913 1896 1031 1985 ὄνομα,
1060 1908 1199 1980 καὶτοῖς
1222 1906 1322 1969 ἐκεῖσε

216 2002 429 2087 στρατιώταις
450 2006 506 2066 καί
527 2005 657 2078 όπαδσῖς
671 2004 728 2068 καί
748 2000 999 2088 συστρατιώταις
1020 2004 1219 2091 χρησάμενος
1240 2000 1324 2083 ἕξει-
1384 2030 1388 2038 ·

218 2123 271 2165 σιν
294 2100 420 2165 ἐκεῖθεν
437 2102 518 2185 πρός
534 2102 809 2186 Ἀδριαυοόπολιν.
856 2102 872 2167 ό
895 2102 1010 2168 τοότου
1025 2102 1238 2191 αότάόελφος,
1256 2106 1325 2170 Ἰω-

216 2202 313 2285 άκκης
339 2201 591 2283 ὀνομαζόμενος,
612 2202 703 2281 τινάς
732 2206 794 2269 τών
824 2200 978 2287 ἑσπερίων
1008 2206 1175 2287 δυνάμεων
1198 2209 1242 2280 εἰς
1264 2204 1324 2289 τήν

216 2302 304 2367 idias
332 2300 505 2385 ἐπιβουλήν
536 2303 749 2387 καταρτίσας,
777 2306 852 2385 μεθ’
884 2294 929 2369 τόν
956 2298 1039 2389 ήσαν
1060 2304 1239 2396 Βαράγγιον
1267 2308 1366 2370 audii)

216 2399 380 2487 θράγγων
399 2403 507 2489 πλήθη
527 2401 638 2487 πολλά,
662 2408 707 2492 τῷ
728 2406 921 2493 αότιιδέλφρι
935 2408 1115 2473 συνθέσθαι
1135 2409 1320 2489 παρόπεισε,

60 2502 65 2507 ’
134 2506 161 2548 ν’
217 2502 280 2570 σόν
300 2506 410 2581 τιν’τσΐς
433 2508 469 2570 δὲ
488 2508 542 2570 καί
560 2505 616 2570 τόν
638 2505 802 2571 κατεπάνω
825 2510 879 2591 τής
900 2500 1001 2591 αότής
1021 2504 1150 2593 πόλεως,
1170 2510 1322 2592 συγγενέα

296 2681 324 2733 5.
342 2685 470 2755 λαπτήρα
488 2682 519 2737 0.
593 2682 634 2735 18.
655 2681 682 2752 ό]
696 2683 768 2738 ἔνθα
787 2680 823 2736 d?

219 2837 309 2881 autem
341 2828 523 2898 angustiarum
551 2827 648 2880 fretum
673 2837 856 2901 transgressus
888 2829 932 2881 hic
963 2828 1171 2883 blachernarum
1195 2829 1323 2897 templum

218 2899 365 2968 corripuit,
382 2899 444 2951 illic
468 2899 600 2967 reliquam
615 2897 752 2951 borealem
768 2901 938 2967 superficiem
972 2909 998 2951 et
1025 2909 1197 2954 conservatus
1220 2910 1260 2954 est
1278 2902 1323 2955 din

217 2973 344 3025 muibns
361 2970 437 3023 clare
454 2972 580 3023 nuntians
596 2971 739 3026 adrentum
759 2987 792 3023 ex
809 2974 915 3023 oriente
932 2974 1021 3039 magui
1046 2974 1188 3026 exercitus.
1209 2974 1255 3041 qui
1274 2988 1323 3025 ac..

217 3046 337 3099 matius
356 3039 555 3111 intelligebant,
574 3058 643 3109 quae
661 3044 794 3107 viderant,
825 3050 852 3094 et
871 3058 904 3094 ex
922 3044 999 3112 signo
1018 3046 1199 3097 necessarium
1219 3058 1323 3112 cogno.

218 3116 339 3180 scebant,
362 3130 396 3167 ex
414 3113 540 3183 squalore
568 3114 654 3165 lacem
684 3113 818 3166 lucentem
842 3115 870 3165 in
898 3116 1000 3181 regiam
1025 3116 1196 3183 adventuram
1216 3116 1323 3167 diviua.

219 3186 293 3251 bant,
310 3195 341 3237 nt
358 3186 436 3237 heret
453 3185 532 3250 benis
552 3185 630 3237 etde
649 3200 682 3236 eo
702 3184 881 3255 cogitantibus
902 3184 950 3237 lux
968 3195 995 3238 et
1012 3186 1133 3238 hilaritas
1154 3194 1181 3237 et
1199 3188 1323 3255 gaudium

218 3256 415 3318 inenarrabile,
437 3256 471 3307 iis
490 3263 587 3319 antem,
607 3258 653 3324 qui
679 3265 773 3308 contra
793 3272 852 3308 eum
870 3257 1060 3309 meditarentur
1079 3266 1106 3309 et
1124 3265 1322 3330 opponerentur

221 3330 258 3393 ei,
278 3327 382 3380 ilmnma
399 3341 498 3377 revera
515 3328 586 3395 ignis
611 3327 790 3395 liquefaciens
821 3326 916 3379 hosct
942 3328 1118 3397 conflagrans.
1155 3336 1236 3395 atque
1256 3343 1322 3395 pro.

217 3398 293 3452 leste
317 3399 347 3450 in
365 3395 514 3464 symbolica
532 3399 716 3464 praedictione
739 3413 793 3451 non
813 3407 951 3451 errarunt:
981 3401 1052 3467 quod
1070 3399 1215 3453 declarabit
1234 3401 1322 3450 oratio
1368 3396 1371 3402 '

219 3471 379 3538 precedens.
413 3490 419 3497 ·

319 3556 386 3611 Cum
404 3565 494 3608 autem
504 3556 622 3609 October
631 3556 731 3608 mensis
750 3558 943 3623 praeteriisset,
964 3558 1103 3611 seditionis
1124 3557 1251 3625 quaedam
1269 3557 1322 3607 im-

219 3629 362 3697 prudentia
387 3629 554 3680 eccidentem
580 3635 692 3693 repente
712 3628 857 3679 concussit.
905 3628 1044 3694 Epidamni
1063 3629 1143 3693 enim,
1163 3630 1234 3697 quod
1251 3642 1321 3679 nunc

218 3707 333 3752 vocatur
345 3699 550 3765 Dyrrhachium,
570 3699 645 3750 ducis
662 3699 802 3764 imperium
822 3698 922 3751 habens
938 3698 1105 3767 Nicephorus
1124 3715 1234 3767 praeses
1251 3699 1322 3765 Bry-

219 3771 317 3823 euuius
335 3777 417 3837 utque
434 3771 487 3822 hoc
504 3772 623 3832 solutus,
648 3771 722 3837 regis
740 3769 791 3821 sibi
809 3771 936 3836 imposuit
953 3786 1060 3836 nomen,
1088 3781 1115 3824 et
1131 3773 1168 3825 ibi
1187 3770 1322 3825 versanti-

224 3841 274 3893 bus
291 3839 421 3892 militibus
441 3850 470 3892 et
488 3840 629 3893 comitibus
649 3847 676 3890 et
692 3842 775 3893 sociis
795 3857 858 3893 usus
878 3843 1015 3910 egreditur
1033 3844 1095 3895 indo
1113 3841 1321 3909 Adrianopolin:

220 3912 304 3964 huius
321 3910 414 3975 irater,
433 3912 547 3963 loaunes
575 3912 671 3974 dictus,
690 3911 874 3964 occidentales
894 3914 1020 3981 quosdam
1045 3916 1179 3967 exercitus
1198 3915 1230 3966 ad
1247 3926 1323 3965 suum

218 3981 365 4035 consilium
383 3983 527 4047 instruens,
555 3984 626 4034 inter
647 3998 715 4049 quos
744 3992 820 4035 erant
837 3984 1019 4052 Barangorum
1047 3995 1073 4038 et
1091 3986 1255 4053 Frangorum
1272 3996 1322 4033 co-

220 4056 285 4129 piae
302 4051 467 4121 permultae,
485 4052 534 4119 iis,
553 4062 584 4104 ut
608 4054 684 4106 fratri
703 4056 874 4121 accederent,
893 4058 1036 4123 persuasit,
1058 4072 1172 4125 cumque
1189 4057 1222 4108 iis
1242 4053 1323 4105 stiam

219 4124 362 4193 mommo
388 4124 507 4180 mamm
532 4124 622 4189 urbis,
646 4127 693 4192 qni
721 4134 852 4194 cognatis
873 4127 953 4181 huius
971 4136 999 4179 et
1023 4127 1180 4182 contribulis
1206 4132 1276 4179 erat:
1297 4130 1325 4175 et
