2875 4734
491 206 770 331 ‘'naroml.
1079 284 1081 291 1
1142 257 1221 333 τοο
1299 368 1303 381 μ

117 428 269 515 πρότερον
300 426 353 495 τὸν
383 430 536 496 Σκυθικὸν
560 435 748 515 ἐπιφέρουσι
768 435 849 515 βίον.
899 434 977 515 παρ’
999 423 1045 497 ῶν
1063 438 1219 517 καταληε-

117 529 261 611 ζόμτναι,
282 529 411 604 καὶτὰς
433 531 467 593 έκ
488 534 551 596 τῶν
577 533 752 613 βασιλικῶν
781 530 921 614 ταμεέων
944 531 1216 613 α’ποστελλομένας

116 630 245 715 έτησέως
268 631 449 716 φιλοτιμίας
472 634 597 719 απουδῇ
614 635 673 696 τοῦ
687 631 874 719 Νικηφόρον
891 629 1137 717 περιεκόπτοντο.
1163 631 1217 697 κατ’

116 730 194 796 κατὰ
217 730 309 795 τοῦτο
331 754 412 807 τινες
433 735 495 796 τῶν
517 729 819 814 τοιούτων-πόλεων
849 734 893 808 εἰς
918 733 1112 799 ἀποστασίαν
1135 734 1217 797 ‹talt-

92 836 239 914 δβλοψαν
256 829 311 894 καί
330 831 374 905 εἰς
395 833 430 895 τὸ
455 829 546 907 ἔθνος
568 837 629 896 τῶν
654 830 871 913 Πατζινοίκων
892 834 1116 917 παρήγγελλον.
1140 855 1216 899 σκε-

112 929 251 1015 ψάμενοι
267 932 296 994 δ’
318 931 348 996 οἱ
369 932 442 1013 περὶ
462 930 515 997 τὸν
537 929 672 1014 βασιλέα
694 933 858 1019 σατράπην
874 942 999 1000 στεῖλαι
1019 939 1082 1000 τῶν
1103 936 1216 1001 οἰκειο-

75 1078 78 1086 ·
112 1030 218 1096 τάτων
242 1033 330 1120 adrui
343 1080 353 1114 ,
382 1028 522 1113 ἔγνωσαν
543 1032 705 1098 κατεπολνω
738 1038 792 1118 τῆς
813 1034 974 1119 Δρέστρας
992 1035 1215 1119 χειροτονῆσαι

11 1147 15 1176 ¹
112 1129 260 1218 Νέστορᾴ
280 1157 349 1198 τινα
374 1134 417 1221 τῷ
437 1136 501 1197 τῶν
521 1137 709 1216 βεοταρχῶν
737 1137 796 1216 μὲν
821 1133 978 1218 οἷξιῶματι
998 1138 1216 1222 τετιμημένον,

112 1232 176 1299 οἷπὸ
195 1237 356 1317 Ἰλλυριῶν
386 1235 422 1297 δέ
450 1231 485 1298 ro*
510 1236 597 1315 γένος
620 1236 752 1301 ἕλκοντα
780 1236 835 1299 κατ’
857 1238 970 1301 δοῦλον
991 1236 1136 1325 πατρῷον
1159 1259 1214 1318 ys-

71 1326 227 1418 ἶλγονότα
248 1337 307 1399 τοῦ
326 1332 560 1415 βασιλεύοντος.
604 1328 640 1398 ὃν
662 1338 717 1400 κατ’
738 1339 776 1423 τῇ
799 1337 937 1424 τοσαύτη
957 1335 1091 1420 τιμήσας
1116 1336 1132 1401 o‘
1157 1363 1211 1419 τη.

113 1438 244 1501 νικαῦτα
265 1437 389 1519 κρατῶν
412 1434 527 1520 ὀρχῇ,
560 1436 757 1513 ἐξαπέστειλε
786 1434 865 1518 μετὰ
895 1443 988 1501 τινῶν
1007 1440 1213 1522 Δριστρηνῶν
1291 1468 1296 1485 ¹

113 1531 376 1620 ὑπισχνουμένων
396 1538 438 1621 τῷ
456 1540 588 1615 βασιλεῖ
606 1533 662 1619 την
683 1539 728 1613 εἰς
749 1540 858 1603 τοῦτον
879 1541 936 1601 τοῦ
957 1536 1095 1621 κάστρου
1114 1536 1214 1620 μετά-

113 1640 213 1701 θεσιν.
258 1634 407 1701 α’πελθῶν
427 1636 480 1716 δέ,
504 1639 562 1700 καί
577 1662 650 1701 τινα
679 1634 797 1723 χρόνον
820 1634 986 1723 διηνυκῶς,
1007 1630 1133 1721 εὕρισκε
1155 1641 1214 1720 μέν

9 1739 13 1779 l
112 1735 188 1811 τούς
210 1739 382 1819 έμχωριόυς
398 1732 513 1820 μικρόν
528 1762 558 1801 τι
574 1732 596 1822 ἢ
613 1739 706 1802 οὐδὲν
723 1736 780 1823 ιη“ν
793 1743 851 1803 τοῦ
870 1743 1028 1821 βασιλέως
1049 1742 1112 1804 τῶν
1131 1738 1213 1805 Ῥω-

72 1820 215 1917 1’5μαιὀον
235 1837 406 1922 κυριότητα
429 1840 728 1923 ἐπιστρεφομένους,
750 1835 843 1914 'etati
864 1838 919 1905 τὸν
937 1838 1112 1925 έξὰρχοντα
1134 1838 1214 1904 τού-

112 1961 176 2000 των
201 1937 344 2019 (Τατρτλς
374 1936 461 2023 αὐτῷ
488 1936 507 2019 ἡ
540 1940 751 2025 προσηγορία)
780 1936 837 2022 την
866 1941 1013 2017 έξουσιάν
1033 1942 1089 2025 τῆς
1110 1934 1241 2027 ὅκραςῐ.
1253 1956 1304 2012 211
1317 1972 1341 2013 r.

113 2035 290 2119 ἁλοσχερῶς
318 2037 545 2119 α’ναφέροντας.
596 2036 657 2103 εἴτε
690 2042 725 2103 δέ
757 2036 998 2131 φόβφτοέτων
1029 2038 1045 2104 ὅ
1080 2046 1212 2131 Νέστωρ

113 2139 349 2215 κατασεισθτές,
370 2134 433 2203 εἴτε
453 2140 497 2225 τῷ
518 2138 657 2228 ὁμοτίμῳ
679 2145 738 2206 τοῦ
759 2144 870 2224 μένους
892 2145 947 2226 τῆς
968 2141 1094 2208 ἐκείνων
1116 2147 1213 2228 έρασ-

111 2237 181 2314 usic
203 2242 427 2324 προαιρέσεως,
448 2235 507 2321 εἴτ’
527 2243 629 2324 έκτῆς
650 2240 891 2327 καταλαβούσης
910 2242 1006 2308 αὐτὸν
1028 2238 1134 2329 φήμης
1155 2246 1215 2327 δη-

69 2343 205 2424 λθχθεές
225 2340 283 2423 την
297 2339 416 2425 ψυχήν,
440 2334 504 2426 ἥτις
525 2334 563 2423 ἦν
582 2337 625 2415 ῶς
643 2337 701 2424 τῆν
715 2339 816 2407 οἰκιάν
835 2342 1011 2426 adnodant*
1029 2342 1084 2427 τὴν
1103 2343 1215 2409 οὐσίαν

112 2445 157 2529 τῷ
168 2442 307 2532 δημοσέιρ
321 2444 519 2528 έμγρέφουσι
532 2443 692 2528 προφάσει
707 2447 766 2507 τοῦ
776 2440 819 2528 μὴ
835 2447 1057 2510 καταναλῶσαι
1070 2444 1104 2508 τὸ
1118 2446 1214 2509 δοθέν

112 2542 201 2630 αὐτῷ
222 2539 355 2626 χρυσιόν
375 2543 409 2606 έκ
431 2547 496 2608 τῶν
516 2546 688 2626 βασιλικῶν
708 2548 882 2630 θησαυρῶν
902 2543 948 2620 εἰς
969 2548 1040 2610 (λέον
1061 2545 1132 2629 (κατ’
1150 2544 1212 2630 γὰρ
1280 2608 1289 2629 ρ

113 2644 277 2724 δυσμενῶς
298 2640 380 2726 ἔχων
402 2646 482 2729 πρὸς
504 2641 602 2712 ον’τέν
627 2642 644 2709 ὅ
667 2644 852 2732 Νικηφόρος
882 2644 1018 2731 ἔπραττε
1039 2651 1132 2712 τοῦτο
1156 2670 1214 2711 κα-

114 2955 194 3006 etium
209 2955 292 3020 dona,
319 2970 388 3023 quae
418 2971 451 3009 ex
478 2958 561 3027 regiis
586 2957 719 3011 thesauris
743 2957 885 3025 quotannis
908 2956 1098 3021 mittebantur,
1124 2959 1211 3010 studio

111 3024 257 3093 Nicephori
278 3028 581 3081 circumscribebnntur:
604 3037 684 3095 atque
703 3027 753 3077 hac
771 3028 875 3077 ratione
888 3027 1034 3078 nonnullae
1053 3027 1145 3078 lraruru
1164 3044 1211 3080 ur.

111 3096 185 3149 bium
205 3097 237 3150 ud
255 3099 411 3152 seditionem
431 3105 600 3165 spectarunt,
621 3098 697 3149 etad
725 3096 853 3163 populum
871 3096 1071 3149 Patuinacorum
1091 3099 1212 3149 nuntium

111 3168 258 3222 mittebant.
307 3171 441 3232 volentes,
460 3170 505 3236 qui
524 3168 595 3218 circa
618 3184 710 3235 regem
739 3173 827 3231 erunt,
846 3175 975 3235 satrapam
1001 3169 1106 3220 mittere
1126 3184 1160 3221 ex
1178 3169 1211 3221 iis

113 3242 159 3309 qui
178 3241 219 3292 illi
235 3244 346 3293 maxime
367 3248 442 3291 erunt
456 3238 549 3301 dediti,
567 3246 716 3290 statuerunt
734 3239 896 3304 praefectum
908 3240 1027 3291 Dristrae
1045 3255 1138 3291 oreore
1154 3239 1211 3293 lle-

112 3320 212 3366 storem
234 3314 373 3381 quendam,
394 3309 580 3362 vestiariorum
592 3310 741 3376 principum
760 3310 889 3377 dignitate
910 3310 1076 3376 honoratum,
1097 3311 1128 3363 ub
1140 3310 1211 3379 Illy..

112 3384 161 3435 riis
180 3399 266 3451 genus
285 3385 426 3435 ducentem
446 3389 472 3432 et
490 3396 596 3432 servum
615 3389 753 3447 paternum
774 3380 872 3432 lactum
891 3383 981 3449 regis:
1009 3397 1086 3450 quem
1106 3384 1211 3451 quidem

114 3455 192 3505 etiam
211 3463 283 3506 tanto
303 3454 436 3503 honorans
455 3453 573 3521 quitum
599 3452 744 3518 imperabat
771 3453 996 3519 imperiosmisit
1015 3469 1073 3505 cum
1091 3452 1211 3503 nonnul.

111 3524 148 3577 lis
167 3525 328 3588 Dristrenls,
355 3524 399 3591 qui
425 3524 611 3592 promitterent
632 3525 692 3592 regi
718 3540 748 3576 se
775 3524 914 3575 castellum
938 3524 1001 3574 hnic
1020 3522 1211 3574 conciliaturus

113 3611 183 3648 esse.
228 3610 286 3645 cum
308 3596 332 3646 is
357 3594 467 3648 abiisset
492 3603 519 3646 et
542 3602 645 3662 tempus
672 3594 780 3663 aliquod
805 3596 957 3663 peregisset
976 3595 1038 3657 iter,
1056 3592 1212 3644 inveniebat

111 3666 217 3719 incolas
244 3663 350 3732 paulum
378 3663 422 3717 vel
442 3666 510 3717 nihil
538 3670 610 3735 regis
630 3666 790 3717 Graecorum
819 3672 978 3733 potestatem
997 3664 1143 3730 respicere,
1163 3664 1211 3716 sed

112 3739 145 3790 ad
165 3739 311 3806 prinoipem
339 3749 414 3790 suum
440 3738 545 3807 (Tatrys
571 3739 595 3787 ei
622 3745 679 3788 erat
702 3740 814 3805 nomen)
841 3736 979 3800 imperium
1006 3735 1076 3786 areis
1101 3749 1210 3802 prorsus
1271 3756 1277 3767 ¹

111 3809 234 3861 deferrer
258 3808 317 3859 sive
342 3816 428 3860 autem
453 3818 524 3861 metu
550 3808 642 3860 horum
660 3808 757 3860 Nestor
783 3822 927 3858 concussus
955 3804 1014 3857 sive
1032 3815 1142 3875 propter
1160 3824 1209 3860 ue.

114 3896 192 3949 quum
216 3881 323 3948 generis
351 3880 505 3948 dignitatem
527 3880 633 3931 illorum
661 3887 751 3946 partes
770 3893 880 3941 amans,
906 3878 964 3929 sive
983 3886 1091 3945 propter
1114 3879 1209 3930 famam

113 3954 146 4004 ad
167 3968 226 4003 enm
246 3950 358 4002 delatum
378 3953 465 4002 animo
485 3960 608 4019 punctus,
634 3966 701 4018 quae
721 3948 825 4001 aiebat:
846 3949 949 3999 domum
970 3950 1027 4001 eius
1047 3959 1073 4002 et
1091 3966 1146 4001 rem
1167 3950 1209 4001 io-

114 4023 245 4075 miliarem
264 4022 394 4089 publicari
414 4031 552 4091 praetexto
572 4023 646 4091 quasi
672 4035 727 4072 non
754 4020 926 4088 impendisset
945 4037 1013 4089 quae
1032 4022 1057 4071 ei
1074 4022 1133 4093 duta
1153 4026 1210 4071 erat

120 4110 152 4146 ex
175 4096 258 4164 regiis
278 4094 409 4147 thesauris
428 4096 567 4163 pecuniam
587 4093 619 4145 ud
638 4108 682 4144 res
699 4092 879 4145 necessarias:
908 4094 1005 4144 etenim
1024 4093 1131 4143 inimice
1151 4092 1209 4143 dis.

114 4168 217 4240 positus
239 4168 369 4222 aduersus
398 4182 458 4218 eum
479 4164 647 4233 Nicephorus
674 4164 800 4231 'patrabat
824 4164 875 4217 hoe
898 4165 1025 4232 turpiter,
1056 4163 1157 4215 invidia
1182 4166 1209 4215 et
