2875 4734
212 227 307 328 τοο
342 222 346 226 ’
516 219 736 304 urcalms
761 171 1027 299 lmtnromn

211 401 270 490 γὰρ
294 402 339 478 εἷς
367 399 506 493 πόλεμον
535 403 770 480 α’ντεπεξελθιῖν
812 399 899 487 αὐτῷ
932 394 963 460 οἱ
990 398 1024 461 έν
1048 384 1318 477 Ἀδριανουπόλει

212 508 409 587 συλλεγέντες
437 503 633 587 στρατιῶται
667 497 850 585 ἐτόλμησαν.
895 490 996 572 οότοος
1022 496 1152 582 Θρᾷκοὶς
1169 518 1247 559 τε.

212 608 268 670 καί
284 600 363 685 μετόι
383 603 526 686 πλήθους
549 597 712 682 ἀξιολόγου
743 602 798 682 τῆς
825 596 1022 677 Βόζαντος’
1007 592 1099 679 cypris
1120 592 1315 679 έσιρατοπε-

212 701 404 772 δεόσαντο..
428 702 462 767 τό
497 704 525 767 δ’
542 694 619 767 αλλο
655 702 777 817 πλῆθος
811 700 956 784 ἐπαφῆκε
982 696 1040 773 τός
1070 695 1179 770 λοιπός
1212 691 1317 772 πόλεις

212 806 266 869 κατ’
286 804 395 888 χώρας
420 804 599 886 ἀποκείρειν
620 822 653 866 τε
675 804 731 863 καί
752 800 857 886 δηοόν.
885 800 1002 881 θέρους
1024 791 1107 862 δὲ“
1080 821 1177 914 πνρας.
1189 798 1318 863 ένιοτιι-
1296 820 1346 873 -5

211 909 307 989 μένης
340 930 393 969 και
415 907 478 969 τοόν
501 906 631 987 καρπιόν
652 902 859 987 ἠρτημένων,
881 899 919 962 orl
941 899 1041 983 μικροί
1061 921 1109 973 τις
1132 900 1194 963 τοῖν
1218 897 1318 980 disy·
1379 956 1387 971 ,

211 1010 309 1070 καέοον
331 1004 444 1079 σπάνις
467 1013 594 1086 κατεῖχε
615 1000 671 1086 τὴν
689 998 922 1084 βασιλεύουσαν
943 1003 997 1064 καί
1017 1023 1072 1074 τας
1087 996 1200 1073 λοιπός
1221 991 1337 1063 ἕσπε-

211 1110 283 1189 ριάς
299 1104 438 1191 πόλεις,“
444 1105 488 1181 σός
518 1107 572 1168 καί
597 1104 706 1178 αότοῖς
727 1110 792 1177 τοῖς
819 1098 942 1188 κτήνεσι
973 1099 1030 1173 τοὶς
1053 1121 1174 1183 τροφας
1193 1099 1318 1163 έπιλεέ-

211 1217 299 1288 πειν,
328 1210 383 1271 καί
408 1208 611 1289 πανταχόθεν
636 1203 875 1283 ε’πιστνγνοόζειν
909 1210 974 1278 τοῖς
1007 1197 1091 1276 όλοις
1118 1198 1153 1263 τὸ
1177 1222 1316 1285 απορον·

212 1301 368 1390 οὔτεγὰρ
401 1304 561 1387 ἀξιόλογος
582 1302 722 1387 στρατιὰ
756 1306 794 1389 τῇ
816 1306 961 1385 βασιλίδι
989 1304 1104 1385 παρῆν,
1126 1300 1199 1375 τοὺς
1220 1305 1319 1363 πολε-
1330 1318 1366 1371 10

213 1409 309 1488 μόους
330 1408 502 1489 δυναμένη,
516 1402 722 1490 ἀπώσασθαι,
746 1396 811 1467 οὔτ’
836 1394 915 1487 όλλη
928 1428 977 1478 τις
995 1400 1123 1486 μηχανὴ
1147 1394 1319 1476 εόέλπιδιις

160 1511 165 1517 ’
212 1506 287 1581 τοός
303 1510 431 1583 πολίτας
451 1508 549 1571 έποέει
565 1503 642 1590 πρὸς
665 1504 723 1588 τήν
744 1506 800 1569 τοῦ
819 1502 932 1578 ἔθνους
949 1500 1144 1585 α’παλλαγὴν.
1166 1500 1234 1565 ἀλλ’
1251 1500 1321 1565 οὐδ’

214 1602 232 1668 ό
254 1602 407 1688 βασιλεός
429 1602 510 1694 λόγῳ
541 1610 597 1669 κατ’
620 1606 772 1691 φρονήσει
794 1606 849 1667 κατ’
874 1606 1062 1689 πολυπειρία
1085 1593 1293 1687 διαφέρων
1271 1624 1321 1685 ην,

214 1700 294 1771 ιόστε
317 1702 371 1768 διό
395 1707 450 1788 τῆς
476 1708 592 1780 οικεέας
608 1702 757 1803 σ’ξότφτος
778 1702 870 1769 λόσιν
894 1704 998 1787 εόρεῑν
1028 1700 1098 1766 τινοὶ
1123 1705 1181 1767 τοῦ
1204 1704 1321 1765 δεινοῦ.

213 1809 273 1888 μιά
297 1808 331 1869 δέ
354 1810 452 1871 πᾶσιν
473 1805 576 1871 έδόιιει
600 1808 663 1871 τεόν
686 1830 845 1871 τοσοντιον
867 1808 970 1871 κακῶν
993 1799 1177 1887 α’παλλαγὴ·
1220 1829 1239 1886 η
1261 1824 1318 1867 του
1305 1804 1365 1863 15

215 1902 279 1969 clud
298 1907 473 2024 λογοθετιόν
498 1904 688 1993 Νικηφόρον
710 1929 790 1988 προς
802 1928 878 1982 τους
899 1909 1068 1986 πολεμίους
1083 1901 1217 1977 ἔκδυσις.
1237 1904 1319 1968 τοῦ·

216 2028 271 2071 τον
293 2006 355 2089 γὰρ
377 2009 518 2089 ἰσχυρῶς
547 2007 689 2091 ἐπεζήτει
712 2010 820 2107 λαβεῖν
841 2008 895 2070 κατ’
922 2004 1055 2071 κολάσαι
1085 2003 1130 2078 ιός
1149 2005 1212 2068 τοῖν
1237 1997 1319 2067 όλων

216 2102 436 2189 δυσχερῶν’
405 2103 518 2183 αι’τιον,
541 2130 594 2170 και
618 2108 735 2171 ον’τέκα
769 2110 823 2190 τῆς
845 2077 1121 2190 flaorlsvov'qug'
1100 2104 1318 2185 απαναστῆναι

104 2258 111 2263 -
215 2212 269 2272 καὶ
289 2209 401 2272 δοῦναι
424 2204 482 2291 τὴν
502 2212 661 2293 προτέραν
683 2200 796 2274 όδειαν
817 2217 883 2283 τοῖς
894 2209 1071 2289 Ῥωμαίοις
1089 2230 1142 2270 και
1138 2204 1320 2288 κατακλη-

215 2312 317 2391 porat
339 2307 376 2371 τό
399 2301 531 2379 daveda
566 2302 673 2372 α’λλ’ό
657 2306 850 2389 βοοισιλεός
874 2308 976 2373 πάντα
998 2307 1156 2392 προέσθαι
1177 2327 1229 2367 και
1253 2327 1319 2366 πα-
1299 2325 1363 2381 -20

214 2404 322 2471 θεῖν
305 2429 431 2488 ετοιμος
454 2400 492 2490 ἧν
516 2401 538 2490 ἢ
558 2405 593 2472 τό
618 2408 845 2493 ζητοόμενον’
830 2434 864 2474 εκ
886 2410 989 2491 μέσον
1012 2409 1221 2489 ποιήσασθαι.
1265 2428 1317 2467 και

215 2509 312 2572 τοῦτο
329 2505 391 2592 γόρ
413 2510 556 2592 έζητειτο
574 2533 625 2572 και
622 2504 877 2593 ἐζυγομαχεῖτο
896 2517 962 2586 τοῖς
982 2506 1133 2593 πλει’,οσιν
1157 2500 1237 2572 ιόστε
1259 2498 1318 2569 κόν

129 2596 133 2601 ’
216 2605 261 2692 μὴ
284 2605 411 2683 ἔκδοτος
431 2617 497 2686 τοῖς
517 2610 665 2685 έναντέοις
688 2613 771 2696 δοθῇ
800 2611 1028 2697 παραλυθῆναι
1048 2612 1125 2684 τέως
1146 2604 1244 2675 αότόν
1264 2608 1317 2691 τῆς

218 2852 224 2863 .
290 2770 332 2823 17.
351 2770 473 2858 ἰσχυροῖς
493 2771 508 2826 ό
530 2773 648 2845 Νέστωρ
666 2771 735 2829 ἔπαλ
787 2776 790 2781 “

218 2933 378 3004 disponense
408 2950 498 3005 neque
524 2937 594 2989 enim
620 2937 661 2989 αδ
671 2935 773 2989 bellum
798 2936 927 2990 obvenire
944 2936 969 2988 ei
994 2936 1039 3005 qui
1059 2934 1235 3001 Adrianopoli
1255 2932 1316 2988 col.

217 3007 281 3059 lecti
313 3015 389 3059 erant
418 3006 517 3061 milites
550 3008 616 3059 ausix
639 3017 714 3060 snut:
753 3010 792 3062 sic
823 3007 936 3060 Thraces
972 3016 999 3058 et
1034 3008 1227 3061 multitudinem
1258 3022 1316 3057 me-

216 3086 319 3131 moratu
346 3080 451 3148 dignam
476 3095 561 3147 prope
584 3078 743 3148 Byzantium
782 3081 870 3132 duxit:
904 3078 1033 3147 reliquam
1070 3087 1157 3130 autem
1194 3077 1316 3130 multitu-

218 3151 306 3202 dinem
330 3150 429 3202 dimisit
454 3153 487 3203 ad
519 3160 623 3204 ceteras
654 3151 734 3205 urbes
766 3161 792 3203 et
819 3160 904 3203 terras
938 3151 1083 3202 tondendas
1108 3158 1134 3201 et
1166 3150 1315 3202 vastandas.

217 3229 321 3273 aeawte
347 3230 433 3273 autem
463 3230 608 3288 apparente
635 3231 662 3274 et
689 3222 810 3291 frugibus
840 3224 949 3291 direptis
973 3238 1028 3273 non
1052 3236 1134 3289 parva
1158 3236 1247 3273 rerum
1264 3236 1316 3271 nc-

190 3291 193 3300 '
219 3292 393 3343 cessariarum
425 3294 516 3358 inopia
543 3295 651 3345 tenebat
678 3294 769 3345 urbem
797 3302 824 3345 et
850 3293 955 3362 reliqua
983 3294 1129 3346 occidentis
1155 3293 1263 3371 oppida,
1281 3292 1318 3341 ita

218 3371 248 3413 ut
273 3363 351 3413 etiam
373 3363 453 3447 ..ipsis
471 3364 614 3429 pecoribus
648 3364 774 3415 alimenta
806 3367 931 3417 deessent
958 3373 983 3415 et
1013 3365 1128 3432 undique
1159 3360 1318 3430 frequenta.

218 3441 312 3485 rentur
335 3435 469 3485 universis
494 3438 643 3502 angustiae
689 3452 779 3504 neque
805 3438 874 3488 enim
898 3435 1077 3488 memorabilis
1105 3434 1237 3486 exercitus
1257 3432 1316 3485 urbi

218 3506 312 3574 regiae
331 3506 437 3569 aderat,
462 3507 508 3576 qui
533 3516 626 3573 posset
646 3505 737 3559 hostes
757 3507 912 3575 depellere,
931 3524 1020 3575 neque
1040 3507 1110 3558 aliud
1130 3504 1210 3557 ullum
1230 3506 1317 3557 artili-

221 3578 290 3629 cium
310 3577 433 3643 iaciebat,
451 3586 481 3629 ut
499 3578 573 3630 cives
592 3578 663 3630 bono
682 3580 769 3630 animo
792 3588 881 3631 essent
899 3580 931 3630 ad
944 3579 1037 3647 populi
1054 3578 1250 3629 liberationem.
1270 3576 1317 3629 sed

218 3662 307 3717 aeque
325 3665 374 3701 rex
392 3651 514 3701 oratione
532 3650 578 3701 vel
600 3650 738 3717 prudentia
766 3650 812 3719 pel
843 3652 1008 3717 experientia
1026 3650 1187 3717 praestabat,
1205 3656 1235 3701 ut
1251 3662 1316 3715 pro.

218 3720 277 3785 pria
297 3722 442 3788 sagacitate
460 3721 622 3774 solutionem
641 3721 723 3773 ullam
742 3722 866 3775 invenire
886 3724 1017 3790 potuisset
1034 3720 1157 3790 periculi.
1195 3736 1247 3771 uua
1266 3735 1316 3770 au-

218 3796 271 3839 tem
293 3791 413 3844 omnibus
433 3792 574 3845 videbatur
592 3801 724 3845 tantorum
742 3793 870 3848 malorum
895 3794 1036 3857 liberatio,
1055 3794 1077 3845 si
1096 3791 1262 3858 llicephoru's
1284 3807 1317 3842 ex

217 3858 359 3929 logotheta
385 3862 505 3916 hostibus
532 3865 695 3917 traderetur:
722 3864 792 3917 bunc
819 3867 888 3917 enim
913 3864 992 3918 valde
1016 3863 1138 3917 studebat
1164 3878 1260 3931 capere
1291 3868 1318 3912 et

219 3933 351 4001 castigare
377 3941 406 3984 ut
432 3937 548 3985 omnium
577 3936 761 3988 difficultatum
781 3946 931 4002 auctorem,
951 3944 977 3987 et
995 3937 1082 3987 statim
1101 3935 1134 3985 ab
1152 3935 1218 3986 urbe
1236 3949 1316 3984 rece-

217 4004 293 4068 dere,
313 4011 340 4055 et
357 4004 420 4055 dare
438 4006 554 4072 priorem
573 4010 742 4060 securitatem
752 4009 861 4061 Graecis
881 4016 908 4060 et
926 4015 997 4060 sorte
1013 4007 1134 4059 dividere
1152 4022 1196 4059 res
1215 4020 1315 4056 eorum.

217 4075 265 4127 sed
283 4090 332 4127 rex
350 4077 438 4127 omnia
462 4073 617 4145 relinquere
646 4088 673 4131 et
699 4082 753 4147 pati
773 4082 863 4148 potius
883 4088 939 4132 erat
963 4086 1079 4146 paratus,
1099 4093 1176 4146 quam
1194 4075 1317 4145 postula-

218 4143 296 4197 batur
315 4154 341 4199 οι
359 4147 556 4216 disceptabatur
575 4163 590 4199 a
614 4150 754 4217 plurimis,
773 4160 802 4205 ut
820 4153 872 4205 nisi
891 4150 1052 4205 adversariis
1073 4150 1240 4216 traderetur,
1261 4147 1318 4201 ali-
