2875 4734
215 246 260 316 15
505 243 725 311 Mtcttntttts
757 235 1017 306 astebronna

214 408 286 482 σίοις
309 397 594 491 depraedassent
619 369 798 525 όυηκερτον.
820 397 913 481 ἔσχον
935 389 993 461 σόν
1010 397 1069 460 τού
1091 394 1216 457 δικαίου
1236 391 1315 453 τού-

212 519 267 574 του
290 508 492 630 συλλήπτορα
515 493 610 588 ζῆλου
635 530 686 568 και
698 528 752 568 τον
775 491 953 586 όγιοότατον
967 501 1077 560 τούτου
1092 488 1204 577 ύνδρα.
1227 492 1317 554 Ἀλί-

212 613 275 688 ’ξιος
298 598 348 730 ἦν,
369 603 385 671 5
405 605 465 690 πρό
489 609 545 670 τού
562 605 630 690 ’τήν
660 598 838 687 μονοχικῆν
862 598 1024 662 πολιτείαν
1046 591 1315 676 ἀκριβωσόμενος.

211 706 267 772 καί
289 705 461 790 ἀνάγουσι,
494 707 603 794 γνώμη
636 709 690 770 καί
716 707 807 768 τινοῖν
829 704 892 764 τῶν
919 699 1054 776 ίντέλει,
1077 719 1134 777 την
1157 689 1316 775 ὁμαίμονα

196 833 266 928 της
288 808 451 892 παθούσης
465 810 639 929 δεσποίνης
669 803 840 888 (Θεοόύρο
868 798 970 886 ταύτῃ
993 797 1027 861 τό
1054 786 1209 882 όνομα)ε
1193 797 1227 872 ξ
1248 809 1343 866 ενος5

140 956 141 968 ι
211 913 273 975 τῶν
286 906 473 993 nazaraos
460 933 492 972 εν
513 898 536 995 ᾧ
560 907 688 990 χρόνοις
710 908 835 976 πολλοῖς
857 900 1023 975 ιδιωτικῶς
1043 919 1213 980 μονονουχι
1209 893 1317 975 ’ἐβιό-

211 1033 312 1078 τευσε.
356 1013 502 1074 πείθουσι
526 1007 587 1091 γὰρ
614 999 713 1088 αύεὴν
734 1000 917 1084 γυναικείας
937 1000 1049 1075 αίδυύς
1073 1001 1127 1061 καί
1150 996 1318 1067 όσθινείος

212 1111 444 1190 ἐπιλαθέσθαι,
473 1113 527 1172 καί
546 1107 667 1180 τούτοις
697 1093 910 1185 ἀκολουθῆσαι
933 1100 1136 1222 παρασκευῆς
1159 1092 1241 1160 ούτισ
1263 1092 1320 1158 καί

194 1209 345 1332 ,γνοίμης
359 1209 486 1292 ἔχουσι,
502 1206 605 1272 πόντα
628 1207 747 1296 ρριδίως
769 1199 867 1266 οἴσειν
889 1203 943 1264 καί
953 1202 1066 1284 ταύτης
1087 1197 1318 1315 προκινδυνεό-
1363 1210 1375 1222 ‘

212 1337 267 1377 σαι
291 1337 344 1375 και
366 1313 423 1394 τῆς
458 1309 660 1394 αόταόὲλφης
696 1308 808 1388 αυτης,
825 1327 877 1366 και
901 1304 1004 1404 φόβου
1029 1295 1147 1372 παντός
1169 1291 1318 1361 όπαλλοὶ-
1297 1311 1362 1363 -10

212 1419 263 1492 ξαι
286 1439 338 1477 και
332 1411 507 1476 κινδύνου
538 1410 595 1474 τοῦ
627 1407 849 1488 πολεμητορος.
900 1391 1096 1486 ἐπόχηθεῖσα
1129 1399 1236 1463 τοίνυν
1265 1399 1318 1482 ἐφ’

211 1520 308 1582 ιππον
330 1513 466 1597 πρόεισι,
492 1512 754 1594 δορυφορουμὲνη
786 1509 939 1586 λαμπροῖς
960 1501 1170 1587 μυριόνδροις
1200 1493 1318 1577 ύπλοις,

214 1643 266 1680 και
262 1621 445 1702 φυλακαῖς
481 1611 704 1690 αἰιοθαιρίτοις
734 1610 980 1690 περιειλημμένη
1002 1601 1059 1666 καί
1089 1606 1319 1684 προκατειλημ-

213 1721 291 1800 μὲνη
311 1713 367 1790 τός
392 1709 598 1794 διεξόδους(
584 1715 700 1792 ομοίοίς
723 1704 776 1773 διό
797 1731 895 1792 μεσης
907 1730 961 1789 της
979 1702 1109 1784 πόλεως,
1130 1698 1215 1783 παρύ
1239 1696 1321 1762 πόν-

215 1842 277 1883 τοιν
308 1817 554 1935 εύφημουμίνη,
592 1813 647 1874 καί
674 1812 907 1894 προτρεπομένη
941 1831 983 1888 μη
1016 1806 1163 1868 ἐνδοῦναι
1185 1798 1263 1881 πρός
1284 1797 1364 1875 1515

216 1917 382 2036 ύνιόνισμυ
406 1919 460 1979 καί
480 1940 537 1997 την
554 1915 612 1978 τοῦ
637 1913 807 1991 α’νοιιρέτου
823 1905 1019 2029 καθαρρεσιν.
1044 1907 1242 1968 διασωθεῖσα
1263 1891 1322 1962 σόν

216 2018 295 2103 πρός
316 2016 371 2081 τὸν
391 2012 576 2101 περιβόητον
605 2013 660 2075 καί
693 2015 781 2073 θεῖον
803 2007 881 2074 ναόν
903 2004 1038 2089 ἑσπέρας
1072 1993 1168 2088 ούσης
1186 2003 1322 2118 βαθείας

145 2175 153 2188 ,
185 2155 191 2160 -
217 2114 337 2188 όνεισιν
357 2119 402 2194 εἰς
423 2115 480 2190 τός
502 2123 558 2179 τοῦ
569 2109 775 2236 πατριρίρχρυ
800 2106 968 2192 διαγωγάς,
992 2107 1045 2172 καί
1064 2107 1106 2193 τῷ
1128 2101 1243 2186 πλήθει
1264 2100 1323 2174 τοὶς

218 2211 311 2302 όιμεις
342 2220 438 2302 αότῆς
468 2219 513 2290 είς
545 2213 596 2279 τόν
629 2210 705 2278 ναόν
727 2215 903 2296 ἐπαφίησι·
946 2211 1001 2272 καί
1027 2214 1103 2290 παρ’
1126 2203 1251 2270 ἐκείνων
1275 2198 1323 2266 ἔτι

218 2323 476 2403 παρεγγυηθεῖσυ
507 2321 642 2400 θαρρεῖν
673 2307 755 2377 ούτοο
779 2311 1031 2393 διανυκτερεύει,
1064 2306 1367 2388 συνκαλεσαμίνηηρ

79 2445 98 2501 ς,
121 2419 431 2498 1‘101.u5vrutto5c
456 2421 489 2484 ἐν
511 2423 593 2485 τέλει
615 2419 750 2497 ταχέως,
774 2415 829 2476 καί
856 2408 974 2485 παντός
997 2409 1169 2491 ψιλοόσασα
1190 2404 1244 2497 τὸν
1264 2405 1323 2467 σίν-

218 2525 394 2604 τικείμενον
423 2525 558 2602 βασιλέα
593 2508 892 2597 δυνόμεονς,,οἷρχύς
913 2534 947 2574 τε
970 2507 1071 2582 εόθύς
1100 2507 1248 2591 λαμπρός
1269 2509 1325 2570 καί
1424 2562 1425 2575 ,

219 2619 450 2709 όγορονομικός
473 2620 684 2698 όποδείξασα,
707 2612 761 2678 καί
783 2611 816 2679 τὸ
829 2612 942 2696 κρότος
954 2614 1008 2694 τῆς
1027 2610 1191 2691 βασιλείας
1214 2607 1324 2686 δεξιός
1424 2588 1426 2643 l

219 2726 466 2810 περιεζωσμόνη.
1008 2710 1011 2716 ’
1424 2714 1425 2723 ’

293 2877 335 2928 12.
356 2873 473 2945 όχλοιςλ
581 2873 622 2926 18.
643 2880 705 2941 post
723 2872 827 2938 πλῆθει
846 2870 922 2923 deest
940 2870 1033 2922 nescio
1052 2871 1124 2938 quid.

220 3026 287 3065 rum.
325 3011 452 3081 (Alexius
481 3019 551 3075 erat,
580 3012 625 3079 qui
647 3019 726 3062 antea
753 3009 933 3061 monachicam
958 3008 1211 3060 administrationem
1230 3023 1325 3059 corre.

221 3087 321 3152 xerat).
342 3091 368 3134 et
385 3083 507 3134 referunt
524 3084 552 3132 in
566 3085 718 3133 memoriam
740 3084 818 3132 etiam
837 3080 1127 3148 quorundam-imperio
1145 3079 1325 3146 praeditorum

222 3163 370 3238 cognatam
379 3163 492 3206 vexatae
513 3154 635 3206 dominae
664 3153 817 3222 (Theodora
841 3153 904 3203 huic
931 3161 988 3203 erat
1014 3157 1125 3220 nomen)
1147 3167 1180 3201 ex
1198 3167 1250 3202 nno
1270 3150 1325 3202 Pe.

221 3227 341 3289 trimum,
363 3226 389 3275 in
411 3240 463 3292 quo
484 3224 580 3276 multos
594 3239 677 3277 annos
698 3223 819 3276 solitaria
832 3240 919 3290 paene
932 3226 1054 3275 vixerat·
1074 3222 1234 3294 persuadent
1254 3223 1325 3273 enim

223 3299 258 3361 ei,
279 3305 308 3346 ut
324 3295 462 3348 muliebris
483 3297 626 3362 pudicitiae
648 3304 675 3346 et
700 3295 860 3347 infirmitatis
880 3295 1055 3347 obliviscatur
1076 3303 1103 3344 et
1128 3293 1177 3345 hos
1199 3302 1326 3372 sequatur

223 3369 268 3436 qni
289 3369 494 3452 praeparatione
513 3369 550 3418 ita
569 3375 595 3419 et
614 3365 729 3418 consilio
747 3369 871 3419 instructi
890 3368 951 3429 sint,
971 3375 999 3417 ut
1021 3367 1110 3416 omnia
1128 3364 1209 3415 facile
1228 3368 1325 3432 repor-

222 3440 302 3492 taturi
313 3440 373 3493 ‚sint
394 3449 421 3490 ct
439 3455 488 3506 pro
502 3439 551 3490 hac
573 3440 682 3506 eiusque
700 3453 794 3490 sorore
811 3439 962 3506 pugnaturi,
983 3453 1093 3504 eamque
1111 3436 1145 3487 ab
1163 3439 1234 3486 omni
1253 3444 1327 3487 metu

222 3510 360 3563 liberaturi
379 3513 433 3562 sint
454 3519 481 3562 et
509 3510 630 3577 periculo
649 3508 726 3560 belli.
751 3519 829 3562 vecta
848 3511 929 3578 igitur
949 3523 1018 3575 equo
1036 3509 1206 3576 progreditur
1230 3509 1328 3572 stipata

222 3581 360 3648 splendide
383 3581 619 3635 innumerabilibus
645 3584 724 3632 armis
752 3590 778 3633 et
811 3581 950 3648 praesidiis
982 3580 1091 3630 invictis
1125 3593 1280 3645 oppugnans
1300 3586 1328 3628 et

224 3669 357 3720 occupans
378 3657 463 3706 exitus
482 3657 581 3719 pariter
605 3667 653 3718 per
682 3654 792 3705 mediam
820 3650 932 3715 urbem,
951 3650 984 3701 ab
1004 3650 1126 3702 omnibus
1145 3649 1282 3701 celebrata
1300 3656 1328 3699 et

224 3726 365 3788 admonita,
384 3742 418 3776 ne
437 3727 545 3777 cederet
562 3725 590 3774 in
613 3726 759 3777 certamine
779 3733 806 3775 et
824 3723 972 3790 parricidae
989 3736 1066 3773 nece.
1090 3721 1252 3788 perveniens
1271 3721 1327 3788 igi.

223 3804 265 3846 tur
283 3795 315 3844 ad
334 3795 434 3846 clarum
456 3805 483 3846 et
501 3796 619 3847 divinum
631 3795 758 3861 templum
777 3811 836 3845 cum
855 3809 953 3860 vesper
969 3801 1040 3844 esset
1053 3793 1210 3859 profundus,
1229 3806 1328 3844 ascen-

224 3866 262 3916 dit
280 3867 307 3915 in
326 3866 493 3930 patriarchae
519 3865 603 3916 cellas
630 3872 657 3916 et
684 3868 711 3917 in
737 3865 932 3917 multitudinem
960 3863 1054 3916 oculos
1073 3879 1135 3915 suos
1154 3866 1182 3914 in
1202 3862 1329 3930 templum
1424 3906 1425 3909 ,

148 3981 150 3985 ,
224 3937 327 4004 defigit3
348 3945 375 3987 et
394 3936 426 3987 ab
443 3936 498 3987 illis
515 3939 600 4003 magis
621 3936 762 4002 admonita,
784 3947 813 3989 ut
831 3936 977 4005 tranquillo
1008 3944 1079 3989 esset
1091 3930 1196 3999 1ασίιυο,
1217 3935 1255 3986 ita
1274 3947 1327 3984 no-

224 4016 292 4058 ctem
310 4009 347 4060 ibi
371 4009 460 4075 degite
483 4014 624 4090 postquam
653 4010 815 4061 convocavit
840 4023 941 4073 omnes,
969 4009 1015 4076 qui
1034 4023 1092 4058 cnm
1111 4007 1223 4073 imperio
1243 4011 1328 4066 erant,
1424 4016 1425 4019 ’

225 4079 351 4132 celeriter
374 4087 400 4130 et
420 4080 491 4130 omni
508 4079 619 4130 nudavit
638 4083 788 4144 oppositum
806 4096 897 4149 regem
924 4080 1057 4162 potentia,
1078 4087 1222 4146 potestates
1242 4078 1329 4129 statim
1424 4108 1425 4111 =

224 4149 377 4216 splendidas
389 4159 416 4202 et
431 4149 563 4202 aedilitias
577 4151 714 4202 constituit
732 4158 759 4201 et
771 4153 914 4217 potentiam
923 4152 1001 4218 regni
1019 4159 1081 4219 apte
1092 4150 1153 4201 sibi
1161 4148 1326 4201 conciliavit.
