2875 4734
219 220 271 296 98
526 223 745 292 mendasse
776 218 1035 289 stantionis

222 399 276 462 διὰ
305 394 440 479 χειλέων
475 398 531 459 τοῦ
555 397 724 478 Διογένους
744 390 993 476 όμολογοόμενον
1017 374 1191 477 ἐπυθόμην.
1233 416 1324 476 γενο-

220 501 323 580 μένων
347 499 382 560 δὲ
402 492 599 578 γραμμάτων
621 493 699 579 πρός
715 493 851 569 ἐκείνους
871 484 961 581 ἑφ’ᾧ
983 497 1168 577 τελεσθῆναι
1192 498 1247 560 κατ’
1264 493 1323 572 τάς

220 599 382 682 συνθήκας
402 589 569 680 δι”όρκου,
589 599 650 660 τῶν
671 593 861 677 συμβοόλων
881 595 1061 673 αυ’τοό.τις,
1083 592 1118 656 τό
1141 598 1228 676 γένος
1247 599 1324 678 Ἀρ-

218 705 334 780 μὲνιος,
358 697 392 772 δς
407 700 470 764 ,καί
490 697 569 779 πρὸς
590 694 622 759 τό
650 693 741 778 ἔργον
763 694 864 758 ου’τόν
883 692 1036 776 μειζόνως
1057 697 1220 778 ἠρέθισεν,
1246 688 1322 759 ἕπε’-

218 799 415 879 βουλεόσατο
439 795 547 885 τοότιρ,
570 799 624 860 κατ’
644 796 824 876 συμπείσας
847 797 1033 860 ἀποστεῖλαι
1057 794 1132 870 τοός
1154 795 1234 882 ἄμφ’
1258 799 1347 860 ου’-5
1436 800 1437 807 ’

217 901 271 966 τόν
294 895 435 985 μηνυτάς
451 899 512 961 τεόν
527 899 795 982 βεβουλευμένων,
814 895 897 978 πρός
911 893 1088 976 σόμπνοιαν
1099 888 1240 972 ’άξοντας
1260 901 1322 962 των

131 1031 134 1044 ·
217 1023 252 1064 τε
275 998 535 1084 στρατηγούντων
566 995 622 1061 καί
651 1001 714 1060 τοῖν
733 992 887 1080 ’δπηκότον
907 993 1017 1075 τινάς,
1049 994 1093 1070 σός
1116 989 1199 1059 εἶδεν
1222 995 1321 1062 ου’τδν

218 1103 413 1182 ἐψιλωμένον
435 1101 555 1182 χειρός,
578 1107 724 1162 κατεῖπεν
746 1097 846 1171 ου’τρό
867 1099 902 1160 ἐν
924 1106 990 1170 τοῖς
1017 1095 1184 1179 ἐγχωρίοις
1204 1091 1247 1172 σός
1270 1094 1319 1183 εἴη

215 1200 433 1283 μεμελετηκώς
449 1200 655 1280 α’ποστασίαν,
678 1203 798 1279 μᾶλλον
814 1199 849 1260 δὲ
865 1200 1038 1280 προδοσίαν
1054 1197 1160 1261 ου’τεόν
1178 1197 1223 1270 εἰς
1244 1199 1319 1274 τοός

218 1297 441 1386 Σαυρομάτας.
485 1304 541 1364 καί
561 1299 640 1382 πρός
662 1298 770 1378 θυμόν
797 1301 979 1382 διερεθιλτας
1000 1297 1119 1373 ου’τοός
1140 1299 1318 1363 ἐπιτίθεται
1329 1305 1364 1358 10
1436 1368 1437 1373 ¹

217 1405 318 1492 τούτῳ
340 1403 480 1488 α’θρόον,
504 1404 559 1465 καί
579 1401 674 1481 μόνον
707 1397 850 1483 εόρηκυός
870 1398 1087 1479 συλλαμβάνει
1114 1397 1170 1463 καί
1196 1400 1241 1474 εἰς
1263 1399 1319 1483 τὴν

156 1585 161 1592 ¹
216 1501 450 1625 βασιλεύουσαν
463 1495 541 1584 Ιοἵγει
564 1500 740 1582 despondens,
763 1502 924 1575 δίκαςτοό
944 1499 1142 1583 τολμήματος
1162 1502 1317 1566 δώσοντα.

216 1603 338 1685 κριθείς
350 1605 457 1667 τοίνυν
477 1599 564 1720 παρά
579 1626 642 1664 των
656 1599 787 1683 πρτότων
804 1603 859 1683 τῆς
872 1601 1045 1684 συγκλήτου
1057 1603 1176 1684 βουλῆς
1195 1604 1239 1690 aqi
1254 1625 1319 1665 των

189 1772 193 1782 ,
216 1683 400 1785 ε’πιβοόλων
414 1700 499 1790 νόμῳ
517 1695 605 1766 ἑάλω
622 1725 674 1764 και
670 1696 918 1821 κρτεψηφίοθη
942 1705 1060 1786 θανεῖν,
1083 1698 1128 1785 μὴ
1151 1702 1317 1784 α’ντερίσας

215 1797 238 1887 ἢ
266 1801 444 1878 ἀντιθέσεις
474 1797 718 1882 πλασάμενος’
704 1829 721 1885 η
719 1797 803 1885 τόν
826 1805 1015 1919 κατηγορίαν
1044 1799 1316 1885 απαρνησαμενος,
1327 1813 1361 1865 15

216 1897 285 1968 ἀλλ’
303 1903 537 1987 αότόλεγκτος’
522 1925 555 1967 εκ
577 1905 632 1986 τῆς
653 1901 821 2024 ὁμολογίας
839 1902 1012 1985 γενόμενος.
1036 1904 1068 1965 εἰ
1088 1904 1123 1965 δὲ
1140 1926 1193 1966 και
1215 1898 1314 1976 ου’τός

216 2029 280 2068 των
314 2001 510 2068 δικασάντων
538 2007 635 2086 μέρος
657 2002 825 2085 ὑπῆρχον,
846 2000 955 2067 ἴσασιν
976 1999 1006 2066 οἱ
1026 2007 1148 2067 πολλοί.
1190 1999 1239 2065 διό
1263 2000 1317 2066 κατ’

129 2114 142 2120 ’
213 2102 370 2228 δπερορίρι
390 2101 553 2221 α’πεμτάλη
575 2098 655 2184 πρός
682 2105 797 2184 νῆσον,
817 2105 914 2166 πᾶσιν
934 2097 1027 2166 οἷνίαν
1051 2087 1264 2184 ἐνθέμενος“
1247 2125 1315 2166 οσοι

169 2237 175 2250 ·
213 2229 269 2288 της
284 2204 386 2268 αδτοῦ
404 2197 579 2288 ντότητοςη
593 2207 648 2266 καί
661 2200 879 2287 γενναιότητος
896 2206 934 2267 ἐν
946 2205 1047 2290 πείρα
1063 2206 1263 2268 καθίσταντο.
1284 2199 1315 2265 οἱ

215 2307 244 2368 δ’
266 2303 452 2387 α’γνοοόνττς
475 2302 573 2368 ου’τόν
595 2306 629 2368 ἐκ
651 2303 711 2368 τοῖν
733 2300 865 2368 εἰδότων
884 2301 1184 2386 παραλαμβάνοντες
1206 2303 1359 2387 deniq-20
1436 2370 1437 2373 ς

60 2425 81 2448 1'
164 2434 167 2436 ·
212 2427 271 2488 χον
294 2409 326 2484 ἐξ
342 2405 438 2487 α’κοῆς
458 2409 608 2486 ε’ρασταί·
634 2407 688 2468 κατ’
709 2403 763 2467 διά
788 2407 880 2468 τοῦτο
895 2406 937 2467 δι’
959 2407 1056 2488 εὐχῆς
1077 2397 1118 2486 ἦν
1141 2414 1206 2478 τοῖς
1225 2401 1311 2478 ὅλοις

215 2505 370 2588 α’νιότερον
391 2507 541 2587 γενέσθαι
560 2503 613 2568 τόν
635 2496 737 2587 ἄνδρα
751 2507 969 2588 κολαστηρίων
981 2503 1036 2568 καί
1052 2509 1250 2588 χαρισθῆναι
1272 2506 1313 2589 τῇ

284 2693 310 2744 6.
331 2689 445 2752 ἄξοντες
464 2687 493 2741 0.
570 2688 611 2740 13.
632 2690 892 2758 spasmantem
911 2689 941 2742 0.

729 2802 734 2820 l

213 2845 312 2929 pliorus
331 2845 457 2919 magister
474 2842 650 2899 Botaniates:
677 2841 729 2892 hoo
749 2844 818 2893 enim
836 2845 900 2926 ipsis
922 2843 1004 2896 labris
1031 2846 1104 2913 (ipso
1123 2845 1184 2912 ore)
1204 2843 1307 2912 Dioge.

211 2918 254 2969 nis
272 2910 451 2968 confirmatum
469 2915 597 2979 comperi.
634 2913 721 2965 missis
741 2921 827 2964 antem
847 2915 955 2980 seriptis
981 2915 1014 2966 ad
1037 2915 1118 2998 illos,
1142 2922 1171 2965 ut
1196 2930 1307 2982 compo.

210 2995 339 3040 nerentur
361 2988 439 3036 etiam
459 2986 597 3069 pactiones
616 2985 796 3049 iureiurando,
810 2985 1023 3038 consiliariorum
1049 2986 1107 3038 eius
1128 2986 1241 3052 quidam,
1255 3003 1306 3054 ge-

210 3075 276 3110 nere
305 3058 464 3122 Armenius,
493 3057 537 3124 qui
564 3059 641 3109 etiam
667 3056 699 3106 ad
718 3055 817 3107 factum
837 3075 896 3110 eum
914 3058 1000 3125 magis
1020 3058 1184 3120 exitaverat,·
1196 3058 1307 3109 insidias

210 3131 274 3182 huie
292 3131 388 3182 struxit
407 3136 433 3178 et
451 3129 613 3194 persuadens
633 3128 676 3192 ei,
696 3135 725 3177 ut
743 3129 860 3180 mitteret
879 3143 943 3182 suos
960 3129 1064 3182 indices
1083 3127 1255 3180 consiliorum
1274 3129 1307 3180 ad

210 3203 366 3255 societatem
384 3200 550 3252 traduetnros
569 3200 695 3268 quosdam
709 3199 804 3267 dueum
824 3209 850 3252 et
867 3201 1069 3264 subiectorum„
1083 3208 1220 3267 postquam
1239 3200 1307 3251 vidit
1347 3219 1353 3226 ·

210 3287 270 3323 eum
288 3271 411 3321 nudatum
429 3286 515 3334 manu,
535 3272 672 3324 accusavit
691 3286 749 3320 euin
768 3273 838 3336 apud
854 3271 967 3336 incolas,
985 3272 1060 3338 quasi
1078 3272 1217 3323 meditatus
1235 3278 1308 3323 esset

210 3342 398 3405 delectionem,
421 3343 480 3394 sive
500 3343 589 3408 potius
608 3341 786 3407 proditionem
806 3357 896 3393 eorum
916 3343 949 3394 ad
969 3342 1145 3405 Sauromatas,
1166 3350 1193 3392 et
1217 3344 1304 3392 animo

208 3414 323 3466 incitans
344 3427 390 3464 eos
408 3415 547 3464 insidiatur
567 3413 628 3464 huie
647 3411 725 3464 simul
746 3420 773 3463 et
791 3413 905 3465 solum
898 3415 1039 3466 inveniens
1059 3412 1260 3478 comprehendit
1278 3420 1307 3463 et

209 3484 243 3537 ad
260 3487 360 3554 regiam
379 3485 451 3535 ducit
469 3486 620 3550 captivum,
640 3497 742 3548 poenas
760 3484 861 3551 ineepti
883 3484 1011 3536 daturum.
1039 3486 1169 3536 iudicatus
1188 3484 1270 3550 igitur
1288 3500 1305 3534 a

208 3557 372 3623 principibus
403 3556 544 3606 convocati
569 3562 675 3606 senatus
704 3552 766 3620 lege
791 3555 973 3606 insidiatorum
1000 3555 1182 3622 deprehensus
1209 3562 1251 3605 est
1277 3562 1305 3604 et

207 3629 343 3679 damnatus
359 3627 461 3690 mortis,
480 3640 534 3684 non
556 3625 741 3677 contradicens
760 3633 805 3676 aut
823 3628 1007 3692 oppositiones
1026 3627 1129 3694 lingens
1149 3633 1194 3675 aut
1220 3641 1304 3676 accu-

207 3699 339 3751 sationem
357 3711 468 3763 negans,
488 3696 535 3749 sed
554 3697 694 3746 convietus
714 3697 772 3762 ipse
792 3699 977 3748 concessione.
1014 3713 1077 3748 num
1095 3704 1183 3747 autem
1202 3703 1229 3746 et
1245 3697 1304 3762 ipse

207 3769 323 3818 iudicum
341 3782 401 3832 pars
420 3767 535 3831 fuerim,
565 3767 652 3819 sciunt
672 3765 805 3834 plerique,
825 3768 994 3835 quamobrem
1014 3768 1094 3818 etiarn
1112 3766 1195 3818 exilio
1207 3767 1305 3818 missus

209 3846 249 3891 est
266 3837 299 3888 ad
318 3836 440 3900 insulam,
460 3838 581 3889 omnibus
601 3838 794 3905 aegritudinem
819 3842 967 3904 imponens,
994 3840 1146 3906 quicunque
1175 3838 1233 3889 eius
1258 3838 1303 3887 iu.

205 3914 344 3962 ventutem
368 3915 414 3959 aut
440 3909 519 3958 etiam
543 3909 710 3960 nobilitatem
736 3912 840 3975 experti
864 3918 953 3972 erant;
972 3911 1019 3976 qui
1042 3909 1305 3976 autem-ignorarent

207 3995 276 4045 enm,
295 3995 312 4030 a
330 3977 475 4031 solentibus
495 3980 631 4032 audientes
651 3981 750 4030 [iebant
767 3981 898 4032 audiendo
924 3980 982 4031 eius
1009 3989 1156 4044 amatores,
1186 3987 1213 4030 et
1236 3994 1303 4045 pro.

206 4059 299 4117 pterea
318 4049 438 4101 omnibus
464 4058 527 4101 voto
556 4058 629 4114 erat,
650 4051 815 4118 superiorem
840 4051 898 4102 lieri
926 4052 1013 4102 virum
1035 4052 1181 4119 poenitet
1209 4050 1305 4102 donari

207 4123 367 4181 Graecorum
391 4122 515 4190 imperio.
552 4136 611 4174 eum
637 4129 726 4174 autem
744 4123 824 4174 etiam
843 4121 983 4176 consilium
1002 4124 1055 4176 viri
1072 4137 1134 4183 non,
1145 4123 1243 4177 amosis
1262 4122 1305 4178 sui
