2875 4734
569 184 780 253 immid.
1174 189 1224 264 65

36 364 43 387 ¹
119 345 266 408 νολόεανν
286 342 507 424 νεανιεόματα.
550 344 730 428 ι’πόπειριν
751 349 789 412 δὲ
808 350 867 430 τής
888 349 993 413 αῦτοῦ
1010 355 1228 434 προοιρόοεας

120 443 309 526 ποιεόμενος
321 443 338 507 ό
350 447 501 523 βασιλεῦς
513 470 600 521 τινας
615 449 841 531 μητροπόλεως
859 451 1073 531 πριοατοῖτας,
1094 447 1228 536 οῦςξναί

121 547 332 627 λογιωτὲρονς
346 548 411 609 triv
431 539 536 610 ἄλλον
550 549 727 629 ἔμ’νοοστεν,
748 544 792 622 οῦς
806 547 903 613 odada
915 551 1103 618 ἐπιστέλλει
1116 555 1228 620 διαλο-

122 649 274 726 ξομένοος
293 650 370 726 περί
387 649 445 709 τοῦ
464 644 524 730 τήν
545 647 641 730 τιμήν
662 653 862 715 καταθέσθαι
882 649 939 714 ταί
955 648 1000 733 μή
1025 649 1151 743 συνόόρ
1173 657 1230 720 ιιοί

93 745 267 832 5σνλλόγρ
281 754 456 830 περιφανεῖ
473 748 724 830 δημοσιεοθήνιι
735 747 776 813 τό
790 751 859 812 κατ’
873 752 986 814 αῦτοῦ.
1007 745 1171 829 α’νόλοντος
1190 754 1229 820 δὲ

123 842 250 920 τοότοις
270 845 386 931 ὀφθείς
406 844 462 908 καί
476 846 703 929 ῦπερίτρεπτος
716 853 749 925 ἐς
769 848 810 914 τό
820 848 971 932 μάλιστα,
985 853 1229 935 ναίπυριπνους

81 989 84 992 -
124 946 187 1029 τήν
205 949 354 1035 γλῶσσαν
373 948 429 1010 καί
447 949 507 1030 τήν
527 948 642 1031 ὁρμήν,
663 952 913 1036 ααταιδεσθήναι
927 953 1060 1030 τούτους
1077 956 1229 1039 πεποίητο

125 1047 182 1112 κατ’
201 1045 306 1120 ἱκέτας
330 1045 410 1130 πρός
431 1049 465 1112 τό
486 1046 670 1132 συγγνοίμες
688 1059 807 1132 τυχεῖν.
851 1049 1078 1129 ἐπανελθόντες
1099 1046 1158 1120 οῦν
1177 1055 1229 1120 εί-

124 1154 197 1212 πεῖν
216 1149 316 1211 ε’πεῖνο
336 1147 418 1229 πρός
437 1149 495 1211 τόν
515 1152 685 1230 πέμψαντα
710 1153 951 1235 σονεστόλησαν
982 1149 1134 1235 οῦόαμός
1149 1151 1230 1239 “da-

77 1263 115 1314 10
124 1247 264 1331 τήμεθα,
284 1251 437 1328 βασιλεῦ,
453 1247 628 1332 ήττήμεθα,
648 1255 797 1332 κρείττων
818 1250 995 1318 ἅπειλιῦνῦ
1019 1249 1118 1340 tale,
1145 1278 1231 1320 παν-

123 1348 178 1424 τὸς
200 1351 295 1431 λόγου
318 1351 373 1414 καί
394 1337 528 1423 πειθοῦς
548 1348 776 1433 ἰσχυρότερος,
805 1349 887 1416 etet
906 1357 962 1419 καί
982 1359 1084 1440 λαβής
1103 1355 1230 1442 ῦπόοης

125 1451 231 1536 πολλῷ
244 1453 287 1538 api
307 1449 448 1534 περιόντι
470 1448 638 1532 α’νοότεροι·
663 1452 695 1515 εἰ
716 1441 773 1513 οῦν
794 1455 838 1538 τῷ
858 1450 1055 1543 ἀνεπιλήπτῳ
1074 1456 1131 1521 ναί
1151 1457 1230 1521 αἰια·

127 1548 307 1638 τσγιονίστρν
337 1549 547 1632 προσβάλλειν
577 1553 718 1631 ἐθέλεις,
740 1551 929 1635 α’ναλογίζου
955 1551 1013 1638 τήν
1042 1546 1143 1639 ἧτταν
1175 1554 1231 1621 καί

124 1648 180 1714 τόν
203 1647 351 1716 ἐντεῦθεν
370 1649 579 1733 μετόμελον.”
619 1650 741 1719 τοῦτον
761 1653 906 1738 αἰηιοοός
938 1655 955 1719 ό
974 1655 1130 1737 βασιλεῦς
1150 1655 1230 1723 σόν-

79 1761 201 1825 15νους
221 1741 260 1835 ήν
281 1754 337 1816 καί
355 1752 690 1838 πεφροπινοός,.ποῦς
719 1753 776 1818 ναί
802 1759 873 1820 τίνα
895 1752 1010 1840 τρόπον
1037 1763 1101 1836 τοῦς
1126 1759 1229 1843 rodr-

127 1877 208 1934 μασι
227 1856 397 1937 χρήσαιτο.
449 1855 482 1916 ἐν
506 1856 550 1941 τῷ
575 1859 663 1942 μέσῳ
687 1857 722 1920 δὲ
743 1858 801 1919 τοῦ
829 1861 908 1920 θεοῦ
936 1855 1078 1941 κρεῖττόν
1099 1881 1130 1924 τι
1149 1881 1228 1944 προ·

127 1958 340 2040 βλεψαμένοο,
362 1955 395 2018 ἕν
418 1947 527 2042 εἰρήνῃ
549 1955 759 2036 μεταλλάττει
774 1955 811 2020 τό
835 1959 892 2040 ζήν
913 1953 1126 2044 όοῖρχιερεός,
1148 1983 1231 2045 προ-

127 2051 295 2137 θεονρήσας
323 2053 382 2137 τήν
410 2053 503 2119 θείαν
522 2055 711 2140 μετάκλησιν
735 2057 777 2120 δι’
810 2056 899 2123 ὁσίου
921 2061 977 2121 καί
997 2061 1148 2143 μεγίστου
1170 2058 1231 2146 τήν

129 2151 248 2238 α’ρετήν
274 2155 366 2237 ἁγίου
399 2156 531 2242 α’νόρός,
559 2159 612 2221 καί
643 2149 693 2220 ότι
719 2167 785 2232 τοῖς
812 2161 847 2223 ἐν
878 2156 1011 2242 όσκήοει
1042 2165 1099 2225 καί
1122 2163 1231 2251 ῦγνείρ

78 2251 379 2338 λθεόαρεστήσασιν
414 2259 600 2340 ἐναρίθμιος
628 2250 691 2338 ὤν,
715 2259 749 2322 όν
768 2263 856 2346 μίση)
889 2263 945 2342 τῆς
973 2257 1099 2344 μνήμης
1121 2261 1230 2326 αότῦν
1341 2259 1348 2275 ’

101 2354 190 2433 -πρὸ
207 2355 261 2438 τής
289 2358 348 2419 τοῦ
368 2360 510 2442 σωτήρος
542 2357 632 2442 ήμοῦν
650 2357 757 2443 Ἰησοῦ
784 2362 931 2440 Χριστοῦ
963 2357 1016 2423 διό
1039 2364 1229 2445 φιλανθρα-

127 2455 206 2518 πίαν
227 2455 508 2544 ἐνανθρωπήσεονς,
527 2461 591 2522 τοῦν
605 2459 758 2544 φθαρτῶν
776 2462 831 2524 ναί
848 2461 1007 2544 ἐπικήρων
1022 2457 1081 2545 τήν
1094 2454 1230 2546 ἄφθαρ-

127 2577 181 2619 τον
204 2554 287 2640 ζωήν
309 2561 364 2623 καί
382 2557 564 2644 ἀνώλεθρον
584 2558 846 2626 ῦνταλλόττεται.
897 2562 952 2626 ναί
973 2564 1094 2647 προέβη
1112 2561 1151 2629 τό
1172 2563 1230 2648 τῆς

126 2656 332 2744 προρρήσεως
355 2664 575 2740 esturmenta
596 2668 665 2727 κατ’
687 2663 808 2738 ἐκείνας
828 2660 886 2738 τός
908 2661 1030 2750 ἧμίρας
1051 2663 1108 2730 τοῦ
1130 2661 1229 2752 doxt-
1314 2732 1317 2743 ,

200 2842 225 2896 6.
245 2850 400 2915 περίπνουι
420 2847 449 2902 0.

126 3016 263 3067 deutiores
282 3018 378 3069 ceteris
396 3018 539 3082 iudicabat,
558 3020 591 3070 ed
609 3034 668 3070 eum
687 3017 776 3082 mittit,
795 3020 841 3085 qui
860 3033 919 3069 curn
939 3034 971 3070 eo
990 3026 1102 3087 agerent
1120 3020 1153 3072 de
1165 3023 1226 3091 dig.

126 3087 211 3137 nitate
231 3088 394 3154 deponenda,
415 3105 485 3140 neve
505 3096 640 3141 conventu
660 3098 686 3139 et
706 3088 821 3139 concilio
840 3088 949 3155 publico
969 3106 1037 3158 quac
1056 3100 1148 3144 contra
1168 3108 1226 3146 ourn

127 3159 337 3226 divulgarentur.
368 3161 484 3211 invictus
504 3168 591 3208 eutem
610 3159 651 3210 bis
671 3174 802 3225 apparens
821 3166 849 3210 et
866 3160 987 3211 immotus
1006 3162 1119 3215 maxime
1139 3171 1165 3216 et
1184 3165 1226 3216 el.

126 3229 206 3283 flatus
225 3229 317 3299 lingua
337 3238 363 3281 et
381 3233 482 3294 impetu
500 3235 530 3277 ut
549 3230 662 3294 puderet
683 3230 822 3294 eoslecit,
843 3238 870 3281 et
890 3239 997 3284 orarent
1015 3240 1043 3284 ut
1061 3233 1112 3286 sibi
1131 3237 1227 3304 ignor.

130 3310 220 3352 ceret.
240 3302 343 3354 reversi
362 3302 443 3368 igitur
462 3300 600 3366 quominus
626 3299 694 3352 illud
712 3302 833 3353 dicerent
849 3302 882 3353 ad
906 3304 1052 3357 mittentem
1070 3307 1227 3361 retinebar.

125 3383 170 3426 tur
188 3372 264 3424 nullo
288 3373 383 3422 modo:
409 3371 474 3420 victi
498 3387 602 3435 sumus,
628 3387 691 3436 rex,
718 3373 784 3423 victi
803 3387 910 3438 snmus,
930 3376 1026 3428 melior
1045 3385 1085 3430 est
1102 3380 1227 3433 minitans

125 3447 178 3507 vir,
199 3445 269 3494 omni
289 3444 412 3494 oratione
432 3450 458 3492 et
476 3444 556 3494 suada
575 3443 698 3507 validior,
718 3444 766 3496 sed
785 3447 864 3496 etiam
883 3445 1034 3500 infirmitate
1053 3450 1124 3501 omni
1143 3449 1226 3505 multo

126 3516 259 3582 superior.
296 3513 390 3579 quodsi
417 3513 507 3578 probri
540 3523 673 3581 expertem
707 3522 734 3566 et
757 3515 885 3567 invictum
913 3520 1024 3585 aggredi
1049 3521 1107 3581 vis,
1133 3527 1228 3586 repnte

126 3587 230 3639 cladem
257 3591 284 3632 et
306 3583 368 3634 inde
395 3593 595 3637 consecuturam
619 3587 818 3652 poenitentiam.
862 3587 904 3639 his
931 3589 1026 3642 auditis
1045 3603 1094 3640 rex
1111 3589 1226 3655 prudens

126 3658 208 3710 fiebat
234 3661 261 3705 et
279 3655 422 3722 cogitavit,
449 3658 580 3724 quomodo
599 3657 678 3710 rebus
697 3665 826 3709 uteretur.
864 3660 968 3709 interea
991 3666 1078 3710 autern
1097 3659 1148 3712 deo
1167 3674 1226 3714 roe.

126 3729 180 3779 lius
206 3725 268 3794 quid
292 3727 450 3792 providente
475 3729 502 3777 in
528 3743 595 3794 paco
613 3727 744 3797 relinquit
762 3729 842 3780 vitem
861 3727 983 3793 pontifex
1001 3729 1128 3783 maximus
1148 3739 1228 3784 antea

127 3800 246 3852 sentiens
266 3799 382 3850 divinam
400 3799 570 3850 vocatiouem
589 3807 698 3866 propter
716 3800 755 3865 pii
775 3806 802 3849 et
819 3799 927 3849 maximi
945 3800 1071 3852 virtutem
1090 3803 1142 3856 riri
1161 3819 1226 3856 sau.

128 3873 173 3933 cti,
194 3877 221 3920 et
238 3869 309 3935 quod
326 3870 396 3919 inter
414 3877 547 3934 spectatos
567 3871 696 3921 exercitio
712 3877 740 3920 et
757 3870 898 3920 sanctitate
915 3879 1067 3924 numeratus
1086 3873 1113 3924 in
1124 3889 1226 3925 memo.

127 3943 168 3992 ria
194 3955 284 3991 eorum
309 3954 357 4004 pro
386 3940 527 3993 salvatoris
546 3942 630 3992 nostri
650 3940 711 3992 lesu
729 3938 831 3992 'Christi
850 3939 964 3993 humana
982 3945 1103 4010 corporis
1122 3959 1226 3995 ossam.

128 4014 219 4080 ptione
243 4009 399 4062 mortalibus
424 4019 450 4062 et
473 4013 581 4064 caducis
606 4009 780 4062 immortalem
798 4012 926 4065 vitamet
946 4013 1118 4081 indelebilem
1134 4021 1225 4066 mutat.

128 4091 155 4136 et
174 4084 265 4134 evenit
283 4082 446 4148 praedictum
464 4083 589 4136 defuncto
609 4081 665 4135 illis
683 4081 778 4138 diebus
797 4091 904 4151 pastore
923 4098 1034 4150 summo,
1054 4092 1081 4136 et
1098 4097 1147 4137 rex
1156 4097 1225 4154 poe.

195 4195 277 4250 Ιῦολ.
296 4193 379 4248 Anat.
399 4194 466 4249 flor.
1010 4196 1027 4250 5
