2875 4734
589 254 798 327 moronti.
1170 252 1246 329 203

1074 333 1083 362 b

127 428 315 514 .βδζσντας,
339 429 394 497 καί
413 439 496 497 σῖτον
516 432 551 495 ἐκ
574 426 693 495 τούτων
715 432 818 505 κακῶς
840 426 1087 514 α’φαιροδμενος,
1110 430 1164 494 καί
1185 432 1248 511 βα-

126 534 237 617 ’ρείας
256 530 440 617 ἀπαιτήσεις
466 530 545 616 δπέρ
565 534 626 595 τῶν
650 532 839 595 τοπιατικιδν
854 528 1126 614 εἰσπραττόμενος,
1149 526 1248 613 η’νδγ-
1298 607 1302 613 Ἰ

119 632 123 638 ’
148 634 225 711 καζε
247 632 305 715 τὴν
325 635 441 715 πρᾶσιν
464 630 517 697 διδ
542 629 577 696 τδ
603 635 863 712 καινοτομεῖσδαι
880 631 1061 705 ’πολυειδῶς
1087 631 1247 697 ἐνδεεστέ.

148 756 210 815 ραν
232 742 342 798 ποιεῖν.
390 732 444 798 καί
464 728 563 807 οὕτως
592 733 790 817 τρεφομένου
816 732 873 797 τοῦ
904 729 1082 817 φοδνδακος
1101 732 1149 805 εἰς
1174 732 1249 797 α’δι-

124 836 221 897 5κίαν
248 832 510 919 ,ἀπαραμύθητον
536 835 679 910 ἐξέπιπτε
700 830 740 896 τοὶ
773 837 830 917 τη”ς
855 835 1010 915 προτέρας
1039 831 1192 915 εὐθηνίας
1212 833 1249 917 τῇ

149 933 301 1020 πολιτείᾳ,
321 936 377 997 καί
395 934 540 1018 περιέστη
562 930 624 996 aiud
641 936 727 997 ’δέκα
750 936 806 997 καί
818 930 900 997 σ’κτιδ
914 934 1092 1013 μσδίωνείς
1112 933 1167 999 ἕνα
1186 928 1250 1011 μό-

150 1034 220 1096 διον
249 1035 304 1096 τοῦ
335 1034 527 1114 νομισματυς
558 1035 577 1115 ἦ
608 1039 665 1097 τοῦ
686 1034 776 1099 σίτου
807 1039 931 1118 πρᾶσις.
982 1028 1248 1115 ἐκομμερκεδοντο
1279 1029 1284 1033 ’

148 1129 210 1216 γδρ
232 1130 346 1219 ἐκτστε,
369 1138 507 1218 φεῦτῆς
526 1138 715 1215 πλεονεξίας,
736 1136 776 1198 ου’
787 1134 884 1215 μόνον
906 1132 939 1199 αἱ
959 1137 1142 1219 πυροφόροι
1162 1128 1250 1213 δμα-

115 1277 120 1281 -
150 1236 224 1314 ξαι,
253 1232 333 1320 α’λλοὶ
362 1235 417 1299 καί
436 1232 474 1299 τοὶ
500 1233 596 1299 λοιπὰ
618 1230 716 1321 (duta,
743 1232 804 1301 ὅσα
829 1240 960 1319 πλησίον
991 1240 1111 1301 ἐκεινου
1138 1234 1250 1315 παριδ-

106 1336 254 1399 1οδεοον.
298 1336 483 1420 α’πείργυντο
513 1338 548 1399 δέ
577 1336 632 1401 καί
657 1334 687 1400 οἱ
717 1340 774 1420 τῆς
806 1334 987 1421 περιχῴρου
1007 1338 1125 1421 ἐκείνης
1146 1330 1200 1399 καί
1220 1329 1250 1399 οἱ

148 1436 205 1518 τῆς
222 1434 406 1520 Ῥαιδεστοῦ
423 1434 542 1501 ἐπυικοι
565 1445 680 1503 πωλεῖν
700 1438 739 1503 τὰ
765 1435 834 1503 ἴδια
857 1431 994 1520 γεώργια
1012 1438 1046 1501 ἐν
1068 1444 1137 1509 ταῖς
1161 1428 1277 1499 ἐστί-λ.
1293 1444 1345 1501 ato
1358 1459 1386 1499 r.

150 1558 201 1609 αις
227 1538 357 1599 adema·
386 1539 565 1625 α’φηροῦντο
583 1540 618 1601 δέ
640 1540 696 1602 καί
705 1537 735 1602 οἱ
755 1539 902 1619 μέδιμνοι
923 1534 978 1599 καί
993 1532 1088 1616 μόνος
1110 1531 1125 1599 δ
1147 1534 1249 1619 podu-

150 1636 208 1711 δαξ
229 1638 292 1700 τῶν
322 1639 485 1718 μεδίμνων
513 1634 639 1723 ἐπῆρχε
671 1641 789 1724 κύριος.
841 1632 919 1719 ὅπερ
943 1636 1094 1701 οὐδέποτε
1114 1639 1248 1719 γέγονεν,

53 1756 60 1765 ·
149 1738 217 1800 ou'd’
240 1736 260 1807 δ,
281 1730 369 1819 ἥλιος
392 1732 458 1802 εἶδε
481 1741 620 1803 τοιοῦτον
641 1739 793 1823 οἷδίκημα,
849 1740 880 1803 εἰ
897 1738 958 1822 γὰρ
982 1740 1179 1823 προσηγγέλη
1201 1760 1250 1813 τις
1303 1756 1304 1763 ’

105 1850 139 1904 15
149 1833 299 1919 πωλήσας
327 1834 435 1901 οἴκαδε
460 1845 545 1903 σῖτον
571 1841 610 1915 ἐξ,
625 1829 670 1902 ὧν
699 1838 903 1923 ἐγεώργησεν,
925 1833 966 1911 οἷς
989 1836 1107 1921 φανεδς
1129 1830 1151 1919 ἢ
1173 1840 1249 1916 βια-

126 1934 225 2019 -στῆς
245 1930 265 2020 ἢ
286 1932 402 2001 ἄτοπόν
421 1962 450 2002 τι
484 1936 589 2021 ἕτερον
619 1934 793 2022 πεπραχώς
814 1934 988 2020 ἐδημεύετο
1014 1938 1069 2000 καί
1090 1932 1248 2021 ἡρπάζετο

148 2035 236 2118 παρὰ
278 2040 336 2100 τοῦ
373 2039 614 2113 ἐπιστατοῦντος
649 2042 692 2126 τῷ
722 2036 891 2123 φούνδακι.
940 2037 1086 2120 παρῆσαν
1111 2031 1174 2118 γοὶρ
1205 2042 1249 2124 τῷ

149 2141 375 2227 φουνδακαρίρι
398 2143 431 2204 ἐκ
453 2140 556 2225 πάσης
576 2142 664 2214 ἰδέας
676 2138 862 2221 κακούργων
883 2130 1034 2221 δχριτιδν
1056 2132 1169 2203 ἑκατὸν
1189 2161 1249 2200 τα-

148 2240 256 2315 ξιιόται
279 2236 465 2319 ταττόμενοι
494 2245 568 2323 παρ’
596 2240 717 2320 αὐτοῦ,
739 2238 794 2303 καί
813 2238 890 2314 τούς
908 2236 1065 2313 ἐλεεινοδς
1087 2235 1248 2321 ἐμπόρους

101 2336 204 2403 λιθκαί
226 2336 384 2422 γεωργσδς
412 2347 538 2415 πολλοῖς
569 2343 713 2423 α’νιαροίς
734 2343 959 2423 περιέβαλλον·
1009 2337 1063 2401 καί
1082 2336 1189 2413 ου’δείς
1210 2329 1248 2419 ἧν

149 2438 166 2503 δ
190 2438 374 2532 α’ντιστῆναι
395 2440 518 2516 τούτοις
547 2441 718 2522 δυνάμενος
746 2442 790 2528 τῷ
810 2463 842 2503 τε
872 2439 988 2523 πλήθει
1013 2440 1249 2520 δυσκαταγωνί-

148 2564 232 2616 στοις
251 2534 324 2605 odor
346 2543 402 2605 καί
429 2544 466 2627 τῇ
489 2543 658 2632 δυναστείᾳ
677 2544 735 2606 τοῦ
765 2544 943 2625 λσγοδέτου·
967 2536 1001 2605 τδ
1025 2539 1145 2623 δράσας
1167 2536 1249 2603 darf-

148 2644 258 2705 θεκτσν
278 2638 397 2724 ἔχουσι.
442 2641 532 2707 xciii
555 2637 613 2735 μὲν
635 2642 658 2721 ξ’
678 2644 794 2725 λιτρῶν
815 2641 869 2708 τὸν
892 2642 1064 2728 φούνδακα.
1076 2638 1249 2725 prodromi-
1319 2654 1321 2661 '

221 2799 247 2852 t.
266 2801 504 2873 εκκσμορκοδοντο
523 2795 561 2856 (λ
629 2803 670 2857 12.
690 2802 912 2875 margoptddtot.

143 2961 188 3014 'lia
206 2977 295 3014 rerum
312 2963 340 3014 in
360 2980 392 3016 ea
408 2973 480 3018 terra
499 2967 715 3034 provenientium
736 2965 872 3031 erigebat,
892 2965 1008 3033 cogebat
1034 2978 1081 3017 eoa
1109 2965 1248 3017 venditio.

150 3049 221 3097 nem,
240 3036 364 3087 novando
383 3053 427 3089 rer
446 3040 522 3090 vario
541 3038 629 3099 modo,
649 3036 805 3085 inferiorem
826 3048 973 3085 exercere:
1000 3042 1081 3101 atque
1107 3036 1145 3086 ita
1169 3044 1248 3088 aucto

151 3105 248 3157 horreo
268 3107 301 3158 ad
319 3109 475 3159 iniustitiam
495 3108 620 3157 immitem
644 3105 733 3154 exibat
751 3105 824 3170 prior
844 3105 962 3156 felicitas
987 3106 1106 3167 civitati3
1126 3113 1152 3156 et
1177 3114 1249 3158 tanta

151 3178 219 3228 facta
239 3186 280 3229 eat
298 3180 445 3230 conversio*
461 3185 491 3227 ut
517 3183 595 3225 autea
616 3176 803 3242 duodeviginti
830 3176 955 3226 frumenti
975 3176 1056 3227 modii
1082 3192 1141 3228 aare
1168 3178 1257 3229 veni-¹

151 3256 219 3312 rent,
238 3251 290 3299 iam
309 3264 377 3300 unus
403 3248 506 3299 modius
532 3260 564 3295 eo
589 3247 677 3313 pretio
705 3254 847 3299 constaret.
894 3249 920 3297 in
947 3249 1132 3299 commercium
1160 3258 1248 3302 autem

151 3319 350 3371 deducebantur
371 3334 404 3368 ex
424 3332 455 3367 eo
475 3324 605 3383 tempore,
625 3318 845 3383 reuerentiam,
864 3316 918 3370 non
938 3319 1024 3370 solum
1049 3320 1131 3371 tritici
1156 3337 1248 3373 currus
1340 3319 1342 3332 '

149 3391 197 3443 aed
217 3392 295 3442 etiam
313 3389 435 3455 reliquae
454 3403 567 3451 merces,
587 3404 762 3457 quaecunque
780 3406 865 3457 prope
885 3389 953 3441 illud
968 3392 1176 3457 proveniebant.
1195 3396 1248 3443 im-

150 3462 326 3542 pediebantur
346 3467 434 3510 autem
453 3468 480 3511 et
498 3460 605 3511 incolae
624 3461 769 3513 vicinitatis
788 3462 861 3513 illius
883 3468 909 3513 et
927 3462 1155 3525 Raideetivicini,
1178 3478 1247 3530 quo-

118 3541 123 3545 ·
150 3532 237 3581 minus
256 3531 403 3581 venderent
421 3532 512 3599 fruger
532 3547 592 3583 auae
610 3534 638 3582 in
657 3534 712 3583 auis
743 3533 881 3584 domibus
911 3540 937 3582 et
962 3532 1143 3582 adimebantur
1169 3535 1248 3583 etiarn

150 3600 231 3653 modii
254 3600 429 3666 frumentarii,
450 3612 476 3654 et
495 3603 582 3654 colum
602 3602 727 3654 horreum
746 3606 892 3655 modiorum
913 3610 970 3652 erat
995 3602 1147 3667 particeps·
1162 3605 1248 3687 quod

149 3687 290 3739 nunquam
305 3672 402 3723 factum
421 3682 478 3725 erat
496 3690 584 3741 neque
603 3674 644 3725 eol
663 3676 767 3726 viderat
786 3666 885 3725 tale'm
879 3674 1009 3724 iniuriam
1031 3673 1128 3723 etenim
1146 3675 1169 3725 ui
1189 3676 1248 3758 quip

149 3742 353 3797 denuntiabatur
366 3746 518 3797 vendidisse
530 3746 600 3797 domi
618 3746 777 3796 frumentum
793 3762 826 3796 ex
843 3747 877 3797 iia
890 3757 964 3827 qpae
975 3758 1038 3809 agro
1051 3743 1162 3797 colendo
1182 3762 1247 3814 pro-

151 3816 262 3878 fecerat,
282 3822 404 3881 tanquam
427 3818 585 3868 interfector
604 3817 649 3867 vel
667 3817 736 3868 latro
756 3816 801 3868 vel
821 3817 897 3883 quari
916 3815 1029 3867 immane
1034 3817 1111 3888 qurd
1122 3833 1248 3899 peregre

149 3894 200 3950 aet,
220 3887 435 3951 proscribebatur
445 3896 472 3939 et
490 3888 665 3954 diripiebatur
684 3904 699 3937 a
717 3888 841 3953 praeside
861 3887 960 3953 horrei,
980 3878 1089 3939 aderunt
1109 3880 1178 3939 cuim
1198 3889 1247 3939 ad-

148 3958 323 4009 ministratori
342 3958 431 4007 horrei
455 3975 488 4009 ex
507 3960 577 4009 omni
596 3974 698 4041 genere
718 3957 894 4024 scelestorum
913 3974 997 4029 utque
1016 3960 1049 4010 ad
1075 3966 1178 4009 centum
1198 3973 1248 4023 ap.

149 4030 292 4095 petitores,
312 4030 425 4080 instituti
444 4030 476 4080 ab
503 4045 551 4094 eo,
570 4039 597 4081 ct
615 4032 726 4081 miseros
755 4038 916 4082 mercatores
943 4040 969 4083 et
1001 4030 1133 4096 agricolas
1159 4028 1248 4081 multis

148 4100 281 4153 molestiis
302 4100 510 4153 circumdabant.
532 4118 621 4168 neque
640 4103 780 4169 quisquam
800 4110 865 4165 crat,
886 4106 930 4169 qui
949 4104 1077 4155 resistere
1096 4098 1138 4149 bia
1158 4108 1249 4182 postet

152 4180 179 4224 et
195 4172 363 4236 multitudine
382 4172 605 4241 impugnabilibun
625 4179 652 4225 ot
669 4173 820 4241 principatu
840 4174 997 4242 logothetae
1007 4170 1167 4223 audactam
1160 4186 1247 4238 tmpo-
