2875 4734
467 282 471 294 ’
572 262 780 331 nrsronrl.
1149 250 1225 325 tta
1261 232 1263 237 ’

234 432 467 514 Φιλόνθροοπος
489 430 525 493 δὲ
545 418 590 490 aiv
611 428 656 501 εἷς
677 425 712 488 τό
738 418 819 507 όγαν
840 422 857 485 ό
885 418 1037 503 βασιλεῦς
1060 422 1114 483 καὶ
1133 412 1227 521 νόμον

22 584 25 588 -
129 536 235 615 ἕτερον
257 527 419 609 ἆνεζαόοοσε
443 528 583 594 θανόντα
609 527 775 604 κάκεῖνον,
802 524 855 587 καί
871 520 1015 587 Δθόνατον
1041 525 1166 593 πολλοῖς
1194 519 1384 606 duliae-1080

129 638 185 716 τῆς
206 629 394 716 θνητότηόος
406 628 563 709 ἀπότομον
575 630 630 690 καί
650 628 890 709 α’μεταμὲλητον
912 617 1154 704 παρειοόξανεα.
1182 618 1228 691 τός

129 737 165 799 dd
187 724 289 810 οὗτος,
310 727 327 792 ό
349 728 439 812 λόγος
461 728 597 813 δηλώσει
614 726 744 812 προϊοόν.
789 724 803 789 ό
825 728 858 789 ἑν
880 721 1229 836 βασιλεῦσινιοῖοιθιμος

102 834 301 908 ὅθεοόόσιος
320 831 561 927 σπασιαοόνιηον
570 834 657 911 ,ποτὲ
671 830 763 893 τινοῖν
775 828 842 892 κατ’
865 828 976 902 ου’τοό,
997 822 1122 911 μεγάλῳ
1133 824 1229 910 θυμῷ

128 938 365 1020 καταφλεχθεός
385 931 443 1014 τήν
465 929 584 1015 ψυχήν,
606 929 746 996 θόνατον
768 928 885 993 τούτων
895 928 1229 1011 οἷνυπερθέπωςηκαεε-

115 1039 302 1122 ,ψηφίσατο
324 1076 327 1082 1
347 1037 392 1108 εἰς
413 1030 525 1098 ἑαυτόν
547 1035 582 1097 δὲ
601 1032 777 1114 γενόμενος,
798 1031 974 1111 μᾶλλονδὲ
997 1026 1053 1092 καί
1071 1021 1227 1109 παρόσον

43 1156 45 1162 ’
127 1140 192 1201 τεόν
215 1131 383 1221 θεοφόροον
406 1133 533 1217 οἷνδροόν
555 1133 637 1215 μετὰ
658 1136 838 1224 παρρησιάς
863 1128 1071 1213 α’πελεγχθείς
1103 1129 1157 1191 καὶ
1183 1128 1230 1202 ιός

126 1237 299 1319 μιαιφόνος
327 1235 390 1300 τεόν
411 1238 672 1319 ἐκκλησιαστικαόν
696 1235 870 1317 περιβόλων
902 1232 1139 1308 ἀποκλεισθείς,
1167 1250 1227 1309 με-

85 1352 117 1408 10
127 1330 264 1415 εόμελον
284 1332 422 1417 ἔθρεψε,
437 1339 498 1399 καί
521 1334 577 1399 τόν
605 1335 774 1417 ἐλέγχοντα
802 1335 842 1397 δι’
873 1336 982 1406 αἰδοῦς
1012 1326 1225 1414 ποιησόμενος
1236 1338 1256 1391 l.
1274 1334 1325 1391 23⁷
1336 1350 1365 1389 r.

120 1421 182 1498 ’καί
203 1432 367 1516 ἀγαπήσας
390 1433 487 1499 ου’τόν
508 1434 551 1509 uic
572 1432 692 1517 σοφός,
713 1430 801 1517 εἴπερ
826 1435 945 1516 ἀληθὲς
962 1431 997 1496 τό
1016 1426 1146 1512 “diam
1169 1451 1228 1493 σο-

127 1530 209 1620 φόν,
241 1536 297 1597 καί
316 1533 473 1616 ἀγαπήσει
495 1534 567 1614 σε”,
591 1532 669 1615 γόνυ
690 1532 788 1620 τοότηι
819 1530 936 1612 ἔκλινε,
968 1534 1022 1595 καί
1042 1526 1228 1613 συγγνώμην

126 1631 206 1715 μετὰ
229 1635 345 1717 πολλῆς
362 1636 513 1716 οἰμωγῆς
545 1636 601 1697 καί
634 1637 805 1717 συντριβῆς
834 1626 941 1720 ᾔτησε.
993 1634 1048 1695 καί
1078 1632 1140 1693 τεόν
1169 1650 1228 1691 πε-

128 1737 400 1820 πλημμελημένοον
421 1734 513 1809 aaran
536 1734 747 1815 ποιησόμενος
770 1730 828 1816 τήν
848 1731 1037 1813 μετάνοιαν,
1057 1734 1111 1796 καί
1132 1732 1226 1794 πλόον

59 1906 65 1917 .
85 1854 118 1907 15
127 1827 205 1917 ἥπερ
228 1836 326 1916 ἐχρῆν
345 1829 456 1920 όόιαόεη
478 1839 696 1913 ταπεινωθεός,
718 1832 925 1911 συμπάθειαν
948 1830 1042 1911 ἔλαβε
1068 1827 1154 1913 παρὰ
1170 1830 1228 1893 τοῦ

128 1932 244 2019 α’νόρός
267 1924 320 2017 (ἢν
341 1934 376 1997 δὲ
399 1925 491 2008 οὗτος
513 1932 529 1995 ό
551 1936 649 2015 μέγας
670 1932 860 2014 Ἀμβρόσιος
882 1926 897 1993 ό
921 1934 984 1995 τοῖν
1015 1928 1228 1994 Medietatem»

44 2097 49 2105 s
127 2030 328 2113 όπόσκοπος),
349 2037 476 2117 καὶτῆς
503 2039 674 2119 καθολικῆς
700 2031 865 2117 ἐκκλησίας
896 2033 949 2095 καί
978 2032 1033 2115 τῆς
1062 2028 1225 2101 κοινωνίας
1278 2072 1281 2081 1

127 2126 173 2207 εἷς
194 2137 341 2214 γενέσθαι
363 2135 439 2217 παρ’
460 2134 561 2199 αοέοὕ
583 2141 784 2219 κατηξίιόεαι.
829 2132 931 2198 ἔκτοτε
954 2123 1010 2196 σόν
1041 2128 1077 2195 τό
1111 2130 1228 2212 ἀπηνὲς

127 2232 182 2297 καί
201 2231 361 2312 α’πότομον
382 2237 438 2297 καί
456 2229 593 2318 όχρονον
605 2237 659 2320 τῆς
671 2239 826 2318 τιμωρίας
847 2235 1036 2305 κινδυνῶδες
1048 2234 1103 2295 καί
1124 2225 1227 2293 ἀπόν-

82 2338 258 2421 ροθροογιον
279 2335 499 2415 λογισάμενος,
515 2336 628 2417 χρόνον
645 2332 786 2419 οόρίσαεο
800 2334 858 2418 τὴν
880 2328 1040 2415 α’ναβολῆν
1060 2335 1116 2414 τῆς
1130 2354 1227 2410 τιμον·
1315 2350 1317 2359 “

126 2438 198 2515 ριάς
227 2437 428 2516 παρέχοντα,
455 2440 611 2517 θεσπίσας
637 2434 681 2519 μὴ
712 2435 788 2517 πρὶν
816 2436 1014 2523 δι’-αἵματος
1036 2427 1227 2509 κολάζεσθαι

128 2527 296 2619 όνθροοπον
320 2528 341 2619 ἢ
363 2533 531 2619 τριάκοντα
556 2533 682 2621 ἡμερῶν
703 2538 928 2626 παρῳχηκέναι
961 2531 1121 2617 διάστημα
1140 2530 1221 2612 μετὰ

19 2656 25 2665 ’
126 2632 183 2718 τὴν
204 2640 274 2699 κατ’
307 2636 612 2703 αόνοόέελευπαιάν
641 2631 819 2723 ἀπόφασιν.
864 2634 971 2701 ἔκτοτε
1003 2637 1039 2700 δὲ
1067 2633 1083 2698 ό
1111 2634 1227 2718 χρόνος

158 3001 162 3016 .
227 2964 362 3019 nummus
379 2964 459 3018 valde
477 2981 526 3018 rex
544 2967 623 3019 etiam
641 2968 722 3020 aliam
738 2968 827 3035 legem
845 2968 1018 3019 resuscitavit
1036 2973 1181 3019 emortuam
1201 2976 1229 3019 et
1290 2996 1294 3006 =

128 3037 217 3101 illam,
236 3048 306 3104 quae
323 3045 434 3090 mortem
452 3037 542 3089 multia
568 3054 601 3089 ex
619 3038 781 3089 mortalitate
808 3039 981 3104 praecipitem
1001 3045 1028 3089 et
1045 3039 1229 3105 poenitentiae

130 3117 265 3175 expertem
284 3108 405 3161 inferret.
443 3124 512 3177 quae
530 3109 597 3159 haec
617 3110 699 3159 inerit
716 3110 802 3160 oratio
822 3107 969 3160 declarabit
987 3110 1145 3176 procedent.
1176 3124 1228 3161 ve.

129 3175 344 3232 nerabilia'inter
370 3194 449 3246 regen
470 3178 650 3242 Theodosius,
672 3195 730 3230 cum
749 3180 907 3252 aeditiuuem
927 3188 1067 3232 moverent
1085 3180 1228 3248 aliquando

128 3251 365 3317 nonnullicuntra
392 3265 465 3312 eum,
489 3264 586 3316 magna
610 3252 650 3301 ira
668 3250 783 3319 llagrans
801 3252 906 3317 anime,
925 3260 1036 3303 mortem
1057 3252 1152 3303 horum
1170 3252 1229 3303 sine
1298 3254 1300 3259 ’

106 3336 202 3373 ‚mora
227 3322 373 3373 constituit.
419 3335 477 3372 cunr
503 3327 591 3371 autem
609 3338 699 3373 aecum
728 3330 799 3374 esset
816 3324 953 3391 magisque
984 3324 1062 3375 etiam
1081 3339 1096 3375 a
1116 3324 1228 3391 quodam

129 3393 279 3445 divinorum
309 3391 425 3442 virorum
454 3389 539 3442 libere
558 3392 757 3459 vituperaretur
783 3402 810 3444 et
828 3396 903 3461 quari
921 3396 1074 3463 inquinatus
1095 3394 1229 3447 ecelesiae

129 3464 210 3515 muria
228 3460 425 3527 excluderetur,
437 3463 629 3529 poenitentiam
645 3463 712 3515 aluit
725 3472 751 3515 et
766 3465 960 3531 vituperantem
973 3468 1074 3518 veritur
1094 3473 1121 3516 et
1140 3479 1228 3516 amans

130 3549 189 3585 eum
208 3540 238 3583 ut
256 3534 373 3598 rapiens,
393 3534 415 3583 ei
436 3535 540 3601 quidem
559 3549 652 3585 verum
671 3544 712 3587 eat
731 3536 800 3603 quod
822 3537 933 3588 dicitur:
960 3539 1099 3604 „vitupera
1118 3536 1228 3602 eapien-

128 3612 182 3655 tem
202 3611 229 3655 et
247 3602 344 3655 amabit
361 3610 415 3667 te‚“
437 3612 462 3655 et
481 3604 586 3657 veniam
608 3622 667 3657 cum
685 3606 768 3657 multu
786 3606 976 3659 lamentatione
1005 3615 1031 3658 et
1050 3607 1158 3673 planctu
1177 3622 1228 3675 pe.

128 3675 210 3738 tivit,
242 3682 268 3725 et
293 3682 464 3740 peccatorum
491 3676 595 3743 dignum
620 3678 761 3728 instituens
785 3679 975 3744 poenitentiam
1002 3686 1028 3729 et
1046 3679 1129 3745 magia
1151 3693 1228 3746 quam

129 3745 220 3797 debuit
236 3746 343 3812 privato
362 3746 491 3799 demiatua
510 3748 718 3801 misericordium
739 3750 844 3816 accepit
861 3764 876 3800 a
906 3750 964 3801 viro
987 3752 1060 3817 (erat
1077 3757 1164 3804 autum
1184 3750 1228 3801 lrle

128 3832 239 3885 magnus
257 3815 429 3881 Ambrosius,
455 3818 661 3873 llediolanenria
682 3821 857 3889 episcopuaJ=
881 3828 961 3888 atque
979 3819 1114 3889 generalia
1134 3820 1228 3873 eccle.

55 3900 59 3907 ’
127 3890 185 3942 tiae
205 3896 232 3939 et
249 3888 388 3941 societatis
408 3903 469 3956 para
487 3890 545 3941 lieri
565 3890 598 3941 ab
622 3907 655 3943 eo
680 3892 803 3961 dignutus
828 3899 876 3942 est.
915 3891 1010 3943 exinde
1028 3892 1111 3959 igitur
1130 3894 1227 3945 crude.

126 3960 180 4012 lem
210 3967 236 4010 et
254 3961 427 4027 praeeipitem
454 3970 480 4013 et
505 3971 697 4027 praematuram
722 3964 852 4014 rationem
880 3977 985 4029 poenae
1004 3964 1181 4031 periculosam
1202 3972 1228 4015 et

126 4033 266 4083 immanem
293 4038 364 4083 ratur
396 4039 499 4099 tempus
519 4036 671 4099 constituit,
697 4033 853 4086 dilationem
877 4048 981 4101 poenae
1001 4034 1148 4102 praehens:
1168 4035 1227 4085 edi.

129 4117 208 4168 cena,
234 4118 269 4153 ne
292 4109 371 4153 antee
390 4105 520 4172 sanguine
539 4106 678 4171 puniretur
695 4106 849 4174 quisquam,
880 4114 1020 4175 antequam
1039 4106 1148 4172 triginta
1167 4106 1226 4157 die.

128 4187 187 4226 rum
204 4174 388 4243 praeteriisset
406 4177 519 4243 epatium
539 4185 601 4244 poet
626 4176 745 4230 ultimam
772 4179 922 4231 tententiae
941 4184 1033 4230 contra
1051 4190 1110 4229 eum
1127 4176 1225 4229 editio.
