2875 4734
579 249 786 353 rttsroatl.
843 257 850 263 '
1161 247 1232 318 ¹37

130 414 223 497 χείας
240 413 332 476 δουκί
353 413 396 497 τῷ
411 411 633 498 Χατατουρίῳ,
655 411 752 494 α’νδρί
766 413 897 500 γενναίιρ
918 409 974 476 καί
993 411 1092 476 πολλά
1114 412 1237 477 ἐπιδει·
1299 428 1301 433 “

99 504 105 525 ’
134 516 257 600 ξαμένιρ
280 515 336 594 τῆς
357 510 473 593 αἱρετῆς
503 511 604 575 αυτοῦ
625 508 665 575 τά
689 517 895 594 γνωρίσματα
919 514 1096 598 πρότερον,
1118 515 1237 595 προδε-

134 615 256 702 ξαμένῳ
285 615 319 676 δὲ
343 607 430 694 παρά
453 614 512 673 rori
539 615 694 692 βασιλέως
718 614 763 687 είς
787 616 1025 693 Μαψουεστίαν
1058 614 1236 695 α’παντῆσαι

133 717 175 790 ὥς
199 711 295 795 τάχος
326 712 474 784 καίττοῖς
507 709 659 796 Τοάρκοις
689 715 811 777 ἐκεῖθεν
844 711 1060 796 παροδεύουσι
1079 717 1237 794 συμμίξαι

104 815 329 895 5πολεμικαῖς,
354 803 409 874 άτε
432 813 487 874 καί
508 811 569 874 τῶν
592 813 707 886 ἐντοῖς
736 811 869 894 ὀρεινοῖς
890 813 942 896 τῆς
968 815 1160 887 Σελευκείας
1177 837 1238 878 κα-

132 914 321 982 τοικούντων
336 899 509 994 Ἀρμενάαν
532 913 820 997 προδιορισθέντων
842 915 875 977 ἐν
889 920 952 987 τοῖς
970 918 1139 986 στενωποίς
1163 911 1238 988 τοάς

137 1014 299 1098 Τοάρκους
321 1013 537 1093 καταδραμεῖν
559 1015 613 1084 καί
636 1014 781 1084 κακῶσαι
802 1008 882 1075 κατά
907 1009 940 1075 τά
968 1013 1141 1096 ἐγχωροῦν.
1184 1010 1239 1102 καί

133 1110 193 1197 γάρ
227 1108 284 1194 την
317 1108 468 1175 ἐπάνοδον
501 1113 664 1187 (λεάναντες
702 1109 732 1176 οἱ
756 1114 902 1191 πολέμιοι
937 1108 990 1176 διά
1015 1108 1049 1176 τά
1074 1115 1236 1178 πυθέσθαι

132 1211 206 1297 περί
238 1214 293 1295 τῆς
314 1215 373 1276 τοῦ
394 1215 553 1292 βασιλέως
575 1213 764 1296 ἐπιδημίας,
801 1209 855 1275 διά
888 1214 951 1276 τῶν
974 1216 1030 1295 τῆς
1051 1215 1237 1289 Σελευκείας

88 1323 123 1376 10
135 1315 220 1398 δριδν
244 1314 484 1396 ἐπορεύθησαν,
519 1315 574 1376 καί
604 1316 648 1386 εἰς
670 1315 725 1396 την
753 1315 808 1396 τῆς
833 1315 960 1396 Ταρσοῦ
982 1315 1117 1377 πεδιάδα
1139 1338 1238 1398 κατη-

132 1417 353 1498 κουτίσθησαν.
404 1410 482 1476 ἔνθα
506 1409 593 1496 παρά
617 1412 680 1475 ταῖν
700 1411 877 1497 Ἀρμενίων
908 1417 1159 1498 συγκυρηθέντες
1181 1411 1238 1498 την

45 1553 72 1588 a.
133 1511 385 1598 λαφυραγωγιάν
407 1515 512 1577 πᾶσαν
533 1509 648 1594 σχεδόν
674 1499 843 1594 ἐπέβαλον.
888 1512 983 1577 edroi
1002 1513 1037 1576 δὲ
1057 1513 1237 1578 διασωθέν-

119 1636 183 1688 ,τες
203 1616 377 1696 μοχθηρῶς
402 1613 556 1676 ἐπέτεινον
578 1610 633 1678 τὸν
655 1606 795 1695 δρόμον,
818 1616 870 1698 ἐφ’
892 1604 917 1703 ᾧ
938 1614 1077 1678 διελθεῖν
1099 1615 1142 1677 δι’
1165 1608 1239 1698 ὅλης
1303 1688 1307 1696 Ι

132 1715 188 1795 τῆς
212 1716 361 1787 Κιλικίας
382 1713 438 1775 καί
456 1714 499 1786 εἰς
520 1710 556 1776 τά
580 1715 635 1776 τοῦ
661 1714 773 1779 Χάλεπ
801 1718 974 1797 προσμῖξαι
1000 1706 1084 1797 άρια.
1125 1736 1239 1798 προεν-

88 1810 279 1895 15τυχάντες
309 1815 338 1876 δ’
365 1812 512 1896 α’λληλοις
547 1812 579 1876 οἵ
596 1838 629 1877 τε
660 1813 834 1897 παράτοδ
857 1817 1015 1896 βασιλέως
1038 1818 1238 1899 πεμφθέντες

133 1917 189 1978 καί
207 1913 222 1976 ὁ
244 1915 299 1998 τῆς
319 1914 515 1996 Ἀντιοχείας
537 1913 672 1998 στρατὸς
692 1917 773 1996 μετά
797 1919 854 1979 τοῦ
871 1917 1066 2000 δηλωθέντος
1086 1908 1238 1998 ἤγεμάνος

134 2016 250 2096 adreio,
271 2012 379 2099 ἐώρων
400 2012 476 2090 τούς
504 2012 664 2092 ἐναντίους
686 2013 765 2080 κάτά
787 2035 875 2091 τινας
905 2017 1053 2100 μετρίους
1077 2014 1238 2099 άριθμοδς

132 2114 319 2199 προϊόντας,
345 2113 439 2178 ου’τοί
465 2113 543 2179 κατά
566 2112 621 2198 τὴν
650 2113 742 2180 πάλιν
765 2119 997 2197 Μοψουεατίας
1029 2115 1138 2190 αδτοίς
1160 2118 1239 2201 ἐφε-
1286 2195 1290 2206 ¹

135 2216 310 2296 δρεάοντες.
361 2217 532 2298 ’προέμενοι
557 2218 591 2280 δὲ
613 2213 667 2280 τὸν
690 2213 803 2299 καιρὸν
830 2217 885 2298 τῆς
915 2219 959 2290 εἰς
983 2213 1101 2289 αδτοδς
1123 2217 1237 2279 ἐπιθέ-

85 2334 216 2390 γρσεως
240 2311 398 2400 προφάσει
420 2315 478 2379 τοῦ
497 2314 542 2397 μὴ
563 2313 725 2398 σποράδας
748 2308 840 2389 ὄντας
861 2312 976 2388 αδτοίις
999 2314 1250 2402 διασκεδασθῆῇ

134 2438 187 2492 ναι
221 2415 395 2498 ποιήσωσι,
428 2418 482 2479 καί
521 2415 757 2502 περιμείναντες
787 2417 846 2490 ἕως
876 2409 916 2478 άν
947 2412 1001 2480 ἐπί
1034 2416 1238 2497 παρεμβολῆς

67 2545 71 2562 ·
136 2515 354 2598 άθροισθτόσι,
386 2517 522 2602 μεγάλης
551 2521 636 2600 νίκης
665 2519 720 2581 καί
740 2518 928 2601 στρατηγίας
961 2515 1128 2596 ἐπέτυχον.
1170 2538 1237 2595 μα-

136 2613 247 2690 θόντες
269 2617 328 2702 γάρ
356 2614 385 2681 οἱ
406 2622 551 2701 πολέμιοι
572 2621 604 2699 ἐξ
625 2615 809 2684 ἑαλωκότων
829 2619 923 2683 τινοῖν
944 2615 998 2702 τὴν
1015 2617 1060 2689 εἷς
1075 2617 1237 2697 Modone-

134 2716 228 2780 στιάν
248 2718 310 2780 τάν
332 2715 497 2800 Ῥωμαίων
518 2720 736 2808 συνάθροισιν,
756 2722 838 2804 μηδὲ
860 2715 977 2805 μικρὸν
999 2717 1237 2802 ἐγχρουίσαντες

208 2891 233 2944 9.
254 2893 420 2950 σελευκείιυν
440 2893 470 2948 G.

135 3081 210 3127 retur
229 3072 288 3124 duci
307 3074 466 3126 Antiochiae
490 3075 653 3140 Chataturio‚
674 3077 733 3125 viro
749 3073 834 3124 nobili
857 3073 947 3140 etqui
975 3071 1056 3122 multa
1082 3073 1236 3125 ostenderat

135 3146 243 3197 virtutis
261 3161 324 3197 suae
342 3149 419 3215 signa
438 3154 516 3196 antea
536 3154 562 3195 et
581 3147 668 3197 iussus
689 3152 746 3194 erat
765 3152 842 3194 autea
860 3159 875 3194 a
894 3159 959 3212 rege
978 3142 1167 3208 Mopsuestiaut
1186 3145 1236 3196 ad.

135 3217 326 3284 veniretquam
344 3217 484 3267 celerrime
505 3224 531 3265 et
547 3231 604 3266 cum
616 3217 706 3267 'lureis
726 3216 787 3267 inde
808 3213 1012 3281 procedentibus
1026 3231 1117 3266 manus
1139 3231 1237 3268 couse-

135 3303 197 3340 rere
216 3287 298 3351 bello,
319 3303 376 3338 curn
397 3287 475 3335 etiam
485 3287 617 3339 Armeniis
638 3289 665 3338 iu
684 3286 816 3338 montibus
830 3287 972 3340 Seleuciae
990 3286 1169 3340 habitantibus
1187 3304 1237 3339 au-

136 3367 181 3409 tea
200 3359 354 3424 imperatum
374 3365 455 3419 esset,
475 3359 548 3419 utin
569 3355 698 3425 angustiis
718 3358 814 3411 luteas
833 3359 1044 3427 aggrederentur
1063 3368 1090 3410 et
1108 3366 1239 3411 vexarent

138 3444 215 3498 quarn
235 3436 346 3495 possent
364 3428 486 3478 maxime.
526 3425 623 3480 etenim
641 3433 692 3482 iter
713 3431 793 3481 veriti
813 3431 902 3481 hostes
932 3446 990 3481 cum
1015 3430 1182 3481 audivissent
1205 3431 1238 3480 de

139 3501 213 3568 regis
246 3499 415 3565 profectione
440 3515 487 3566 per
516 3499 656 3552 Seleuciae
683 3511 786 3554 montes
812 3499 925 3570 proiecti
951 3508 1025 3563 sunt,
1058 3509 1084 3551 et
1112 3501 1139 3549 in
1167 3499 1239 3550 Tarsi

137 3584 231 3635 campo
252 3569 468 3634 conficiebantur,
484 3571 528 3623 ubi
550 3571 724 3625 ab‘Armeniis
737 3573 896 3639 deprehensi
911 3572 1033 3638 praedam
1052 3585 1155 3620 omnem
1180 3570 1238 3620 lere

138 3643 299 3694 amiserunt:
325 3641 375 3706 ipsi
394 3651 480 3693 eutem
500 3645 599 3702 servati
619 3660 699 3711 aegre
711 3643 939 3712 persetprebentur
951 3655 1065 3704 cursum,
1077 3642 1161 3693 donec
1173 3657 1238 3710 per-

55 3733 60 3736 *
138 3712 263 3766 venirent
283 3725 331 3776 per
343 3720 423 3763 totam
443 3714 565 3777 Ciliciam¹
585 3724 611 3765 et
629 3717 873 3782 appropinquarent
893 3711 1005 3775 chalepi
1026 3713 1142 3764 linibus·
1169 3729 1237 3764 con-
1352 3770 1357 3778 l

138 3785 280 3836 venientes
300 3791 386 3834 autem
404 3786 520 3836 invicem
540 3795 566 3836 et
585 3787 629 3854 qui
649 3801 748 3854 aroge
767 3787 839 3835 missi
860 3791 934 3834 erant
945 3791 971 3832 et
985 3783 1176 3837 Antiochensis
1187 3800 1237 3836 ex·
1303 3840 1306 3846 ,

140 3856 237 3907 ercitus
258 3869 316 3903 curn
336 3858 490 3906 renunciate
510 3859 576 3908 duce
596 3857 721 3908 videbant
740 3856 837 3907 hostes
856 3855 973 3906 numeris
998 3855 1152 3921 quibusdam
1177 3869 1236 3907 mo-

139 3927 205 3978 dicis
225 3925 362 3992 progredi,
382 3928 432 3992 ipsi
454 3929 521 3992 apud
540 3929 631 3980 urbem
651 3928 838 3993 Mopsuestiam
858 3928 891 3976 iis
912 3925 1084 3978 insidiantes:
1111 3928 1236 3976 emitten-

138 4007 178 4047 tes
197 4005 284 4068 autem
309 3999 477 4048 occasionem
498 4015 544 4051 eos
564 3999 737 4067 aggrediendi
757 4005 896 4064 praetextu
915 4012 949 4046 ne
968 4013 1074 4062 sparsos
1100 4013 1129 4047 se
1155 3997 1237 4046 dissi-

138 4070 195 4133 pari
214 4076 434 4134 paterenturpet
454 4079 654 4137 exspectantes,
684 4071 770 4122 donee
795 4071 822 4119 in
841 4077 927 4120 castra
952 4071 1038 4120 eoacti
1059 4074 1158 4129 essent,
1178 4080 1238 4116 ma.

139 4151 217 4206 gnam
235 4141 372 4197 victoriam
392 4148 418 4192 et
438 4143 632 4210 expeditionem
652 4141 832 4212 perdiderunt.
871 4141 1020 4193 cumcuim
1046 4136 1239 4223 cognovissent
