2875 4734
1 490 10 534 Ρ

1 1686 14 1732 δ

590 150 811 271 maroam}
959 256 963 265 .
1072 161 1074 167 ’
1173 188 1247 273 toa

149 365 228 452 γυνῆ
249 370 293 458 τῷ
315 364 441 456 κάστρρι
458 365 525 451 ’τῆς
548 369 744 454 Μεταβολῆς
771 370 1052 453 ε’μφιλοχωροῧσα,
1074 370 1129 435 καί
1149 367 1250 433 πλοκί-

151 492 206 533 τσυ
227 465 344 543 ἱκανῶς
364 466 505 550 ἔχουσα,
537 467 778 553 προεξωνήσατο
798 468 854 534 τόν
873 466 955 533 ἴδιον
978 460 1079 552 ἄνδρα
1105 470 1159 535 καί
1183 472 1249 553 α’μ-

107 614 119 628 .
152 574 295 654 φοτὲρων
319 572 382 633 τῶν
403 572 532 653 ἐχθράν
553 566 782 656 ἕλυτροόσατσ,
811 572 925 636 τούτου
948 574 1006 651 μὲν
1030 570 1059 635 οἱ
1083 577 1249 657 πεμφθέν-

147 694 196 747 τες
217 675 252 736 ἐκ
272 674 430 753 βασιλέως
453 668 625 755 άπίτυχον,’
645 670 700 735 τόν
722 674 758 737 δὲ
781 674 935 757 Καίσαρα
964 667 1061 753 μόνον
1092 673 1251 757 ἐξωνησά-

122 785 240 852 5μενοι
254 774 409 855 ἐπανῆγον
429 773 475 847 τίς
491 770 547 855 τὴν
559 775 712 854 βασιλίδα
732 777 795 838 τάν
816 772 947 838 πόλεων.
992 775 1026 838 ἐν
1048 775 1083 836 δὲ
1106 775 1143 859 τῇ
1160 776 1250 856 Προ-

148 874 271 937 ποντίδι
291 876 467 955 γενομένων
490 872 596 937 αάταῖν
616 874 807 957 εὐλαβηθείς
829 872 845 937 ό
871 877 1002 958 Καῖσαρ
1025 870 1112 954 ἴσως,
1135 872 1186 936 ἵνα
1206 870 1249 957 μή

146 974 191 1047 ιδς
212 973 391 1056 άποστάτης
418 977 627 1061 καταγνωσθῇ
648 972 703 1038 καί
724 966 865 1049 όποπτος
894 972 927 1039 τό
955 972 1015 1039 άπό
1050 976 1143 1039 τοόδε
1171 975 1377 1057 ray-mli&-

147 1073 230 1160 χάνῃ
250 1073 305 1136 καί
326 1077 587 1157 περιεσκεμμένος
608 1067 630 1157 ἢ
652 1071 707 1137 καί
728 1070 930 1158 ἀπόβλητος,
962 1076 1019 1139 οάκ
1047 1072 1147 1159 ἔκρινε
1165 1076 1246 1155 μετά

148 1175 299 1257 κοσμικῆς
319 1174 374 1256 τῆς
399 1176 565 1257 περιβολῆς
593 1171 758 1258 ἐπιστῆναι
791 1176 833 1263 τῷ
869 1177 991 1263 άνεψιρῖ
1019 1182 1073 1241 καί
1091 1166 1230 1258 βασιλεῖ
1238 1224 1247 1259 ,

104 1285 140 1339 10
149 1272 229 1337 άλλά
245 1269 303 1356 τήν
317 1272 471 1357 κοσμικὴν
491 1272 730 1355 α’ποβαλάμενος
746 1276 852 1356 τρίχα,
872 1278 1085 1355 μεταθέμενος
1108 1280 1152 1351 εἰς
1174 1276 1247 1353 τούς

146 1373 317 1457 μοναχσάς,
340 1364 438 1447 οότως
460 1375 493 1437 ἐν
515 1375 639 1438 εότελεῖ
654 1373 701 1461 ’τῷ
723 1372 864 1459 σχήματι
887 1382 950 1449 τοῖς
971 1379 1145 1456 βασιλειόις
1179 1382 1249 1443 ε’νί-
1293 1406 1298 1416 ’

147 1481 246 1557 μιξεν.
291 1471 380 1537 ὁπότε
408 1475 462 1537 καί
484 1482 549 1551 τοῖς
574 1471 755 1549 εόσυνέτσις
777 1473 914 1560 α’νδράσι
936 1474 1062 1557 θάμβος
1085 1474 1172 1563 ἐπῄει
1197 1482 1252 1544 καί

69 1568 77 1581 ’
148 1572 312 1659 ἔκπληξις·
356 1578 431 1657 περί
449 1573 508 1658 γάρ
533 1577 596 1639 τῶν
625 1572 849 1660 άφρονοόντοον
879 1580 935 1641 καί
958 1573 997 1640 τά
1037 1581 1170 1642 τοιαῦτα
1203 1568 1264 1663 μὴ’

150 1674 376 1758 διακρινόντων
399 1676 493 1762 λόγος
514 1675 631 1751 οόδείς.

105 1780 148 1841 15‘
246 1773 350 1861 Ἐπῄει
374 1768 430 1841 οὖν
451 1775 576 1857 θάμβος
602 1785 667 1852 τοῖς
688 1762 772 1853 ὅπως
790 1776 818 1842 οἱ
830 1777 996 1859 Ῥωμαίων
1016 1778 1154 1863 άρχηγοί
1166 1778 1247 1861 μετά

147 1875 303 1962 τσσαότης
324 1879 534 1963 περιφανείας
551 1879 607 1940 καί
631 1876 846 1963 λαμπρότητος
874 1876 952 1943 κατά
978 1888 1044 1944 ταῖν
1075 1878 1249 1966 ὁμοφύλων
1316 1950 1322 1959 ,
1391 1882 1404 1894 ”

42 2019 54 2028 -
147 1976 433 2057 ἓπιστρατεάονττς,
468 1970 567 2052 οὕτως
589 1976 708 2057 άτίμοος
731 1976 785 2042 καί
808 1980 928 2062 γοεράς
955 1982 1009 2043 καί
1029 1980 1111 2061 μετά
1140 1979 1250 2045 τοιαό-

146 2103 202 2165 της
225 2077 385 2151 εότελειάς
399 2074 464 2160 ‘xor'
479 2077 669 2157 δυσθυμίας
689 2082 877 2162 πεποίηνται
899 2078 958 2162 τῆν
985 2078 1148 2160 ἐπάνοδον,
1177 2082 1268 2148 α’ντίΙ

146 2183 205 2244 τοῦ
224 2182 300 2263 πρίν
322 2182 511 2256 τελουμένου
535 2170 601 2252 τοῒς
623 2176 722 2242 πάλαι
737 2178 908 2259 Ῥωμαίοις
931 2184 1080 2266 λαμπροῦ
1102 2180 1157 2244 καί
1176 2182 1250 2245 ότε-

1 2290 11 2312 ‘
100 2275 340 2365 λθφανηφόρσυ
364 2279 526 2362 θριάμβου
558 2282 790 2361 καταγέλαστον
815 2276 1076 2361 κατάγοντεςκαί
1096 2305 1249 2347 πανευτε-

1 4217 15 4274 λ

145 2383 290 2444 λε’στατον
311 2382 445 2461 θέατρον
453 2429 462 2461 ,
495 2376 553 2464 τήν
580 2371 676 2461 ἧτταν
708 2380 748 2443 σά
783 2380 845 2444 τῶν
876 2382 1122 2466 συστρατιωτῶν
1152 2382 1248 2461 μόνον

146 2478 227 2544 άλλά
249 2478 303 2546 καί
324 2480 378 2565 τὴν
400 2474 525 2545 ἑαυτῶν
553 2478 768 2545 κακοπάθειαν
790 2481 844 2543 καί
874 2483 1107 2565 σκληροτυχίαν
1129 2479 1246 2567 σ’δυνη-

145 2585 209 2666 ρῶς
231 2583 489 2667 θριαμβεύοντος.
541 2582 572 2645 τί
590 2587 705 2647 τούτου
728 2584 837 2664 γίνοιτ’
866 2573 906 2647 άν
930 2579 1153 2667 διαδηλότερον
1172 2588 1246 2648 θεο·

217 2761 259 2816 to.
278 2758 507 2841 δποβαλλόμτνρς
525 2758 555 2815 (λ.
643 2742 685 2814 1'5.
705 2758 823 2823 αδτσῖςλ
841 2768 954 2823 οπτοῖτ
972 2760 1210 2849 προειρημένοιςλ

145 2908 311 2973 versabatur,
331 2915 357 2959 et
375 2908 526 2965 divitiarum
545 2908 609 2961 satis
622 2907 747 2971 habebat,
766 2915 842 2959 antea
861 2908 913 2957 iam
932 2906 1089 2959 redemisset
1106 2924 1182 2969 suum
1200 2912 1244 2961 vi.

143 2996 201 3033 rum
230 2988 257 3031 et
284 2981 404 3048 utrisque
428 2981 543 3031 inimicis
569 2978 711 3041 solvisset,
737 2977 807 3026 hunc
827 2976 948 3042 quidem,
979 2979 1024 3044 qui
1043 2978 1116 3029 mis'si
1136 2986 1246 3030 eranta

145 3068 227 3120 rege,
247 3068 300 3104 non
320 3059 381 3103 sunt
408 3053 489 3113 nacti,
510 3050 650 3103 Gaesarem
672 3054 760 3098 autem
785 3045 869 3097 solum
894 3046 1064 3099 redemerunt
1083 3056 1110 3099 et
1127 3050 1245 3100 reduxe-

146 3131 209 3175 runt
227 3124 255 3174 in
273 3124 366 3174 urbem
385 3120 535 3188 capitalem.
573 3129 686 3185 cumque
706 3118 735 3167 in
754 3114 916 3184 Propontide
937 3126 1035 3191 essent,
1055 3120 1157 3172 veritus
1174 3120 1245 3173 Cae.

145 3186 250 3258 samue
268 3195 338 3245 iorte
356 3201 480 3259 tauquam
499 3196 619 3255 apostata
639 3190 807 3240 damnaretur
826 3196 852 3239 et
884 3197 1023 3255 suspectus
1052 3199 1146 3257 postea
1169 3192 1247 3244 lieret

146 3274 173 3317 et
191 3268 290 3317 vitatus
309 3273 339 3316 at
356 3264 487 3324 deiectus,
505 3259 616 3312 nolebat
635 3276 692 3310 cum
711 3260 808 3310 amictu
827 3260 926 3331 insigni
947 3261 1051 3313 adstare
1077 3272 1191 3331 cognato
1219 3270 1246 3315 et

144 3337 213 3403 regi,
233 3337 279 3388 sed
289 3334 388 3401 insigni
408 3332 530 3398 deposito
550 3332 624 3382 crine
644 3340 826 3399 transgressus
847 3332 878 3383 ad
896 3333 1041 3384 monachos
1061 3336 1098 3385 ita
1115 3338 1142 3386 in
1161 3336 1244 3388 iorma

144 3407 193 3460 vili
206 3408 308 3472 regiam
321 3404 418 3457 subiit:
437 3403 541 3471 quando
559 3403 637 3455 etiam
651 3403 825 3470 prudentibus
842 3405 908 3455 viris
927 3414 1019 3472 stupor
1038 3405 1128 3456 obibat
1142 3414 1168 3457 et
1179 3422 1245 3473 per.

143 3477 275 3530 turbatio:
296 3491 357 3526 nam
377 3474 409 3525 de
427 3474 637 3542 imprudentibus
657 3483 684 3525 at
703 3476 749 3543 qui
769 3474 832 3525 talia
849 3491 903 3527 non
923 3476 1077 3540 diiudicant,
1095 3475 1186 3527 nullus
1204 3484 1246 3529 est

142 3561 240 3602 sermo.

244 3615 340 3670 Obibat
359 3633 423 3687 ergo
443 3626 536 3684 stupor
553 3616 605 3681 bis,
624 3618 694 3686 quod
710 3618 871 3670 Graecorum
881 3618 961 3670 duces
980 3632 1038 3668 cum
1058 3624 1131 3668 tanto
1150 3616 1243 3686 splen.

143 3692 209 3743 dore
229 3697 256 3741 et
282 3690 396 3741 candore
423 3697 517 3741 contra
544 3697 672 3756 cognatos
698 3688 855 3754 bellantes,
884 3698 937 3739 tam
957 3689 1070 3755 turpiter
1098 3696 1124 3739 et
1147 3692 1243 3743 misere

144 3760 237 3814 attali
257 3777 315 3811 cum
334 3761 439 3812 vilitate
460 3769 487 3812 et
504 3761 584 3812 animi
604 3760 755 3812 abiectione
775 3768 848 3812 retro
868 3760 956 3826 ierunt
972 3774 1019 3826 pro
1039 3768 1117 3812 antea
1135 3772 1243 3829 peracto

143 3851 159 3886 a
180 3833 278 3900 priscis
298 3832 406 3884 Graccis
425 3831 564 3898 splendido
585 3840 612 3882 et
631 3839 758 3881 coronato
777 3829 910 3896 triumpho
929 3830 1069 3881 ridiculum
1082 3832 1259 3887 deducentes·

144 3914 170 3956 et
189 3904 347 3956 vilissimum
363 3902 553 3969 spectaculum,
572 3904 606 3953 de
628 3901 704 3952 clade
724 3917 778 3953 non
798 3900 962 3969 collegarum
980 3903 1133 3954 militarium
1158 3903 1243 3955 solum

142 3976 189 4028 sed
213 3976 291 4027 etiam
319 3974 351 4025 de
382 3989 430 4040 sua
457 3974 563 4025 iortuaa
598 3982 626 4024 et
655 3973 805 4025 calamitate
833 3968 897 4025 dura
924 3974 1021 4025 misere
1040 3974 1240 4047 triumphantes.

143 4048 205 4115 quid
224 4047 275 4098 hac
294 4062 325 4097 re
343 4052 433 4111 potest
451 4060 511 4098 esse
526 4044 625 4095 clarius
643 4045 740 4097 mentis
762 4043 893 4096 alienatae
916 4042 1129 4097 documentum?
1147 4059 1242 4113 quam.
1283 4048 1310 4069 '⁶

143 4118 233 4169 obrem
255 4118 334 4169 etiam
352 4117 489 4167 admiratio
508 4132 551 4167 me
571 4116 702 4180 incessit,
732 4116 863 4185 quomodo
882 4116 1043 4169 Graecorum
1060 4130 1155 4182 reges,
1182 4115 1241 4168 cum

192 4215 272 4269 ittet
290 4212 372 4267 Δίίσί.
394 4213 461 4267 ittet.
1014 4211 1045 4263 13
