2875 4734
173 256 248 333 3⁰0.
462 259 681 332 lilcflfflls
700 259 974 333 iunioris

172 529 234 592 τάν
256 523 345 592 tocies
366 518 569 599 πλιίστους“
552 548 648 601 σσους
671 522 853 608 άποβαλιάν,
876 527 931 593 καί
950 531 1071 609 μᾶλλον
1092 529 1277 615 τάνΘράγ·

173 652 249 711 γιον,
268 650 322 690 και
346 623 441 702 αύτός
471 626 552 692 κατά
583 624 754 709 πρόσωπον
787 630 832 715 τῷ
861 630 953 692 δουκί
985 627 1190 712 ἀντιταχθείς
1222 638 1278 698 καί

173 732 250 810 παρ’
272 728 375 791 αύτού
400 728 652 811 καταπονηθείς,
675 730 721 804 εἰς
749 728 806 811 τὴν
836 732 892 813 τῆς
916 730 1150 816 Θεσσαλονίκης
1181 734 1275 817 οἷκρό.

61 878 65 885 -
172 834 263 895 πολιν
283 830 507 915 διαπέφευγεν,
531 820 672 910 σι’ύμενος
694 832 738 917 τῷ
755 832 814 895 τού
837 836 994 917 φρουρίου
1017 833 1275 914 περιτειχίσματι
1284 848 1322 914 5⁰

173 932 284 1015 κέρδος
303 954 333 997 τι
356 926 459 1017 ἑαυτῷ
478 926 752 1013 περιποιήσασθαι
774 937 830 997 καί
847 931 1026 1015 άνάκτησιν.
1083 929 1098 996 ὅ
1121 934 1156 997 δὲ
1177 939 1276 1017 σεβα.

173 1027 249 1105 στάς
276 1031 377 1113 μηδὲν
408 1023 490 1105 δλσις
519 1026 679 1113 μελλήσας
709 1030 765 1115 τὴν
794 1025 913 1097 άλιασιν
944 1034 1001 1095 τού
1032 1032 1189 1117 φρουρίου
1214 1042 1277 1109 τοῖς

174 1129 257 1214 ἄμφ’
277 1125 374 1193 αύτύν
392 1132 628 1212 προετρέψατο·
672 1132 701 1193 οἱ
725 1131 760 1195 δὲ
779 1128 960 1213 προσβολάς
983 1134 1117 1217 ε’νεργιίς
1139 1130 1276 1217 ποιησά-

174 1252 275 1312 μενοι,
299 1228 355 1299 καί
374 1229 450 1304 τ’σύς
470 1226 563 1295 ἔνδον
580 1232 811 1317 Θεσσαλονίκης
833 1232 1121 1318 συμφρονήσαντας
1144 1232 1275 1317 ἔχοντες,

175 1327 259 1411 ταχύ
291 1328 407 1394 τούτου
429 1336 640 1413 περιεγένοντο
668 1330 725 1407 καί
755 1337 811 1415 τῆς
837 1335 1044 1418 ,ἀκροπόλεως
1074 1336 1322 1418 &cupiscentum

176 1430 231 1496 καί
250 1427 457 1513 κατασχεθείς
481 1421 574 1505 οὗτος
595 1436 651 1497 καί
669 1435 913 1552 σιδηραδέσμιος
928 1433 1061 1517 γεγονώς
1078 1435 1132 1499 καί
1152 1439 1194 1523 τῷ
1215 1439 1276 1501 ταῖν

175 1532 339 1615 τυράννοιν
372 1530 458 1619 νόμην
489 1533 690 1616 κατάκριτος,
721 1528 882 1619 άπεστάλη
908 1537 952 1622 τῷ
978 1540 1108 1614 βασιλεῖ
1138 1535 1190 1599 διὰ
1214 1540 1276 1600 cciv

175 1637 337 1718 oppeciere
352 1638 469 1699 ἳππων
485 1636 671 1717 φερόμενος.
716 1660 771 1719 της
791 1638 819 1698 δ
845 1637 991 1719 ἀγγελιας
1012 1632 1133 1720 ταύτης
1154 1660 1275 1757 προκα-

175 1734 377 1818 cataoniam
401 1731 460 1809 τάς
478 1731 690 1816 βασιλικάς’
670 1739 783 1816 ακοάς,
804 1734 991 1821 πρόσταγμα
1019 1741 1124 1820 γέγονε
1144 1734 1202 1814 τάς
1222 1740 1276 1801 κύ-

175 1858 236 1920 ρας
254 1830 479 1921 εκιιτντηθῆναι
507 1836 571 1899 τάν
599 1828 818 1902 ἇποστατικῶν
846 1838 1034 1922 ὀφθαλμῶν.
1084 1862 1136 1903 και
1158 1838 1275 1904 τούτου
1290 1864 1322 1917 15

174 1938 341 2019 γενομένου
365 1933 479 2000 καθ““
458 1962 498 2023 ην
517 1934 687 2019 ,συνήντητο
709 1934 860 2021 πάροδον,
880 1930 960 2022 ἦλθε
982 1942 1022 2003 δι’
1034 1937 1156 2023 ἁμάξης
1178 1942 1277 2005 έλεει.

174 2034 230 2110 νύς
253 2031 371 2121 φόρτος
399 2040 456 2102 καί
485 2040 643 2120 δυστυχές
673 2039 876 2121 καταγάγιον.
928 2036 963 2103 αἱ
984 2040 1019 2103 δέ
1041 2044 1100 2103 τού
1119 2042 1276 2121 βασιλέως

131 2224 134 2227 ἢ
174 2134 254 2221 πρὸς
276 2134 310 2201 τύ
330 2141 419 2201 θεῖον
447 2138 651 2223 εύχαριστίαι
684 2136 740 2203 καί
761 2142 840 2223 πρὸς
862 2138 935 2216 τούς
963 2138 1122 2225 ύπηκύους
1144 2140 1276 2226 εύεργε-

174 2239 244 2303 σίαι
267 2236 323 2301 καί
340 2240 529 2323 πανημέριοι
544 2243 722 2325 φιλοτιμίαι
742 2237 775 2302 τὸ
798 2240 963 2307 α’νένδοτσν
978 2233 1066 2323 εἶχον
1086 2238 1137 2305 άεί
1159 2244 1214 2305 καί
1231 2241 1275 2316 τάς

174 2336 228 2405 διά
249 2342 389 2419 πρανούς
409 2341 578 2423 διεχέοντο
1082 2370 1086 2375 ·
1286 2376 1322 2430 20

271 2429 365 2511 Ἐν
338 2464 366 2559 φ
388 2442 425 2505 δὲ
448 2437 486 2504 τά
510 2441 733 2523 στρατεύματα
754 2444 788 2505 ἐν
806 2442 1024 2567 Θεσσαλονίκη
1047 2445 1322 2526 διεκαρτέρουν,

175 2539 353 2611 Σκύθαι
314 2564 370 2625 της
384 2539 518 2627 ἐρημίας
531 2539 654 2607 τούτων
667 2540 711 2617 σάς
731 2540 866 2626 ερμαίου
884 2541 1128 2669 δραξάμενοι
1089 2568 1142 2632 τη
1149 2545 1276 2627 Ἀδρια·

175 2638 324 2723 νρυπύλτι
345 2645 578 2740 προσήγγισαν,
601 2667 655 2707 και
677 2652 743 2721 τσῖς
771 2640 855 2719 ἐκτὸς
885 2643 943 2709 τού
963 2644 1088 2728 τείχους
1110 2642 1277 2729 σι’κημασιν

178 2728 416 2827 ἐπιρράξαντες,
438 2742 727 2830 παραβοηθούντων
750 2744 860 2822 αύτοῑς
881 2768 935 2810 και
956 2744 1019 2810 άπὸ
1043 2747 1098 2811 τού
1120 2767 1275 2829 μαχιμω-

148 3018 151 3023 ’
180 3023 306 3076 aberrans
326 3032 415 3077 antem
434 3024 578 3078 tconsilio
598 3025 767 3079 adversarius
783 3027 812 3077 in
827 3024 929 3079 bellum
946 3025 1058 3080 difficile
1076 3025 1179 3090 incidit,
1197 3032 1279 3094 atque

179 3095 303 3147 devictus
323 3103 350 3148 et
367 3111 475 3149 suorum
494 3096 623 3165 plurimos
635 3099 760 3150 amittens
781 3100 921 3168 magisque
939 3099 1109 3162 Francorum,
1128 3106 1155 3149 et
1173 3098 1231 3165 ipse
1249 3099 1280 3149 in

66 3204 70 3219 .
180 3175 352 3234 conspectum
372 3168 432 3220 doci
452 3171 591 3235 oppositus
611 3177 637 3220 et
655 3169 688 3220 ab
708 3184 741 3221 eo
761 3170 925 3222 confectus'
919 3187 945 3222 rn
965 3135 1171 3222 Thessaloriicae
1189 3183 1278 3221 arcem

177 3238 312 3306 eoningit,
331 3245 426 3310 putens
445 3239 551 3293 castelli
569 3240 651 3290 muris
669 3240 772 3292 lucrum
792 3241 843 3293 sibi
863 3241 1008 3293 conciliare
1030 3247 1056 3291 et
1074 3242 1277 3293 recreationem.

108 3340 115 3349 ·
178 3310 316 3375 Augustus
336 3316 423 3359 autem
436 3308 504 3361 nihil
524 3310 631 3361 omnino
652 3327 747 3363 curans
767 3313 970 3379 occupationem
992 3310 1097 3363 castelli
1116 3312 1170 3363 suis
1190 3313 1279 3378 impo-

179 3380 250 3432 suit:
277 3379 305 3431 lui
326 3386 413 3431 autem
431 3380 567 3433 machinas
595 3382 719 3435 eflicaces
747 3383 874 3435 iacientes
902 3393 929 3436 et
949 3382 1052 3435 incolus
1076 3381 1279 3435 Thessalonioes

128 3498 132 3505 .
178 3451 230 3505 sihi
249 3450 409 3504 conciliatos
428 3451 556 3504 habentes
577 3453 704 3506 celeriter
724 3453 775 3506 hoc
788 3457 939 3520 superiores
959 3454 1058 3505 fiebant
1077 3462 1104 3505 et
1121 3466 1183 3505 arce
1202 3454 1280 3520 potiti

166 3532 254 3585 sunt:
276 3532 356 3592 atque
378 3531 469 3590 captus
490 3523 535 3576 hic
555 3533 582 3577 et
600 3526 706 3577 vinctus
723 3534 749 3577 et
767 3521 938 3592 tyrannorum
952 3525 1015 3592 lege
1030 3526 1165 3577 damnatus
1185 3526 1279 3577 missus

180 3603 221 3649 cst
239 3595 272 3646 ad
290 3610 393 3663 regem,
413 3595 528 3662 publicis
547 3598 623 3664 equis
643 3605 728 3650 actus.
765 3598 857 3648 nuntio
877 3605 964 3648 autem
979 3596 1031 3647 hoc
1051 3596 1191 3647 obtinente
1206 3597 1279 3663 regie

179 3682 268 3731 aures,
287 3668 387 3719 iussum
407 3667 504 3720 editum
526 3675 575 3731 est,
595 3675 624 3719 ut
643 3667 763 3735 pupilles
774 3678 957 3735 pungerentur
969 3667 1107 3720 oculorum
1127 3674 1279 3732 apostatae:

179 3746 259 3805 atque
278 3737 330 3789 hoc
351 3737 420 3789 lacto
439 3738 511 3790 ubi
503 3754 530 3789 rn
549 3740 647 3790 itinere
667 3741 692 3790 ei
711 3739 971 3803 obviamvenerunt,
990 3738 1100 3790 advenit
1118 3753 1206 3801 cur-,ru
1229 3739 1280 3788 mi-

180 3824 268 3863 serum
288 3823 355 3860 onus
376 3816 403 3860 ct
421 3808 517 3863 infelix
536 3811 730 3863 diversorium.
733 3812 828 3889 regis
853 3819 939 3862 autem
960 3813 986 3863 in
1007 3810 1083 3861 deum
1102 3810 1189 3876 gratia
1207 3817 1235 3859 et
1253 3810 1281 3860 iu

178 3880 314 3934 subiectos
333 3878 464 3932 benelicia
487 3888 514 3933 et
532 3881 643 3933 diurnae
662 3868 821 3951 largitiones
840 3897 973 3950 nunquam
991 3881 1176 3933 remissionem
1195 3880 1280 3933 hebe-

178 3952 251 4015 bant,
273 3959 300 4003 et
319 3951 346 4000 iu
365 3963 495 4018 praeceps
515 3952 726 4006 effundebantur.
767 3978 771 3985 ·

278 4039 346 4091 llum
375 4047 464 4090 autern
482 4041 617 4093 exercitus
644 4040 850 4095 Thessalonicae
868 4051 1026 4105 versantur,
1048 4040 1165 4107 Scythae
1184 4038 1281 4091 solitu-

185 4110 274 4161 clinem
300 4125 391 4163 eorum
418 4109 494 4162 lucro
523 4120 690 4178 apponentes
715 4114 890 4183 Adrianopoli
919 4114 1182 4182 appropinquarunt,
1205 4116 1284 4175 atque

187 4187 263 4235 extra
271 4182 379 4236 moenia
397 4181 518 4235 aedilicia
536 4184 659 4253 aggressi
677 4185 904 4281 auxiliantibus
885 4203 919 4241 us
940 4188 1019 4239 etium
1037 4200 1071 4239 ex
1089 4181 1285 4253 pugnacissime
