2875 4734
1420 187 1425 227 1

276 211 354 298 sps.
416 167 422 178 ⁴
571 213 788 290 urcnlmu
818 209 1077 286 lmmromn
1194 299 1216 315 Ι,
1318 199 1336 226 ·

279 408 337 461 τας
358 383 413 454 καί
432 383 510 464 τούς
531 383 660 462 λοιπούς
684 388 744 459 τού
758 384 882 466 ἐθνους,
902 379 950 452 ότι
967 383 1002 450 τό
1024 385 1088 450 dud
1113 383 1203 454 τοόέε
1218 383 1389 463 πολεμίοις

278 481 408 560 ἐοικότες
429 489 689 570 συνδιατρίβουσι
708 488 831 563 τούτοις
851 489 906 552 καί
918 485 1226 570 συνδιαγωνίζεσθαι
1240 485 1388 564 μέλλου-

278 608 340 651 σιν.
384 584 515 664 ἐξιόντες
549 589 584 651 de'
607 611 687 664 τινες
719 590 782 653 τοόν
811 590 914 668 πεζῶν
943 583 1023 667 perd
1047 585 1144 664 τόξων
1160 583 1296 658 πολλούς
1319 587 1388 648 τεόν

282 681 432 770 Τούρκων
454 689 578 757 α’νείλον
608 689 661 754 καί
689 692 746 772 τῆς
768 691 970 772 παρεμβολῆς
1006 689 1152 770 ἐκστῆναι
1178 687 1386 750 συνέπεισαν.

192 831 195 843 ι
279 785 351 851 ὅδὲ
373 786 525 869 βασιλεύς
560 783 656 874 ἤθελε
679 793 740 871 μὲν
768 788 944 877 ύγχεμύχην
980 792 1106 876 πολέμῳ
1136 784 1191 850 καί
1221 779 1426 871 όντιθέτιρ5’

278 887 463 973 παρεμβολῇ
495 897 600 972 κρίναι
628 887 662 956 τό
690 893 779 964 τέλος
809 893 988 972 παραυτίκα
1017 889 1074 974 τῆς
1094 887 1225 971 μύχης,
1251 883 1327 960 τούς
1352 886 1401 962 β’.

279 984 418 1062 ἐπόντας
449 988 494 1063 εἰς
527 989 562 1060 τό
587 991 695 1056 Χλίατ
720 993 895 1073 περιμένων
917 984 1126 1077 στρατιώτας,
1147 989 1267 1070 πλῆθος
1288 979 1386 1060 ὄντας

280 1088 338 1152 ούκ
357 1087 571 1175 εὐαρίθμητον
592 1092 647 1155 καί
660 1091 810 1174 συνήθως
835 1089 888 1154 cies*
906 1091 1183 1172 προπολεμοῦντας
1204 1088 1259 1152 καί
1279 1088 1413 1170 η’σκη-.

279 1193 393 1272 μένους
420 1179 541 1270 μέλλον
577 1187 633 1274 την
662 1195 849 1275 πυρρίχαον
883 1184 1037 1273 ὄρχησιν,
1066 1185 1118 1254 τόν
1139 1189 1244 1271 ἐμόνα
1267 1191 1387 1254 τούτου

281 1289 497 1373 ύιτερετίθετο.
542 1286 584 1366 oie
614 1294 644 1373 d’
667 1290 844 1375 α’πεγνυόκει
870 1288 927 1371 την
948 1293 982 1354 ἐκ
1005 1276 1122 1356 τούτων
1142 1287 1303 1372 βοήθειαν,
1328 1290 1426 1352 καίίθ

281 1416 311 1455 τι
335 1393 535 1460 διακωλῦσαι
556 1389 700 1482 τούτουςι
715 1391 796 1474 πρός
817 1392 872 1476 την
895 1383 1005 1476 ἄφιξιν
1034 1385 1168 1472 ἰσχυρόν
1189 1385 1384 1471 ύπελύμβα-
1420 1387 1426 1399 “

281 1513 342 1574 sss,
363 1491 520 1574 ἐσκέψατο
540 1491 650 1556 λοιπόν
681 1493 727 1566 είς
755 1490 812 1574 τήν
834 1492 1004 1574 ὑστεραίαν
1029 1489 1109 1570 μετὰ
1140 1490 1203 1554 τῶν
1224 1488 1385 1553 συνόντων
1412 1541 1427 1582 t

204 1583 207 1589 ¹
282 1591 371 1677 αύτῷ
395 1593 569 1674 προθύμως
597 1588 675 1660 auto?
699 1592 762 1656 τῶν
784 1595 932 1658 ἐναντίων
953 1584 1221 1675 ἐπαγωνίσασθαι.
1265 1582 1333 1670 εἶχε
1356 1591 1386 1652 d’

282 1683 369 1768 ὅμως
392 1694 503 1757 τοῦτον
533 1694 588 1756 καί
607 1685 703 1768 αὖθις
728 1695 835 1775 ἐλπίς,
861 1692 906 1768 σός
936 1691 1012 1758 ouidi
1043 1685 1101 1755 κύν
1124 1691 1168 1766 εἰς
1187 1687 1246 1773 τὴν
1266 1683 1386 1771 αύριον

282 1786 515 1874 ύστερὴσωοιν·
569 1786 770 1878 η’γνύει·γόρ
798 1794 841 1869 ὥς
878 1792 894 1855 ύ
921 1789 1097 1878 στρατηγός
1128 1793 1246 1856 τούτων
1266 1788 1423 1872 μαθιύνιέ

281 1887 337 1974 τόν
360 1892 418 1964 τού
440 1892 613 1966 οουλτύννν
635 1903 704 1970 κατ’
727 1888 829 1960 αύτού
849 1893 906 1958 τού
925 1893 1083 1975 βασιλέως
1105 1893 1279 1974 ἐπέλεασιν,
1301 1881 1387 1972 αἴρας

191 1987 195 1994 ’
281 1988 358 2066 ῐθῦς
386 1994 468 2078 ἄμφ’
499 1992 597 2061 αύτὸν
630 1987 790 2080 ἅπαντας,
824 1993 877 2059 διό
912 1996 967 2077 τῆς
998 1980 1251 2071 Μεσοποταμίας
1279 1988 1387 2074 φυγὰς
1424 1990 1427 1998 ’

222 2134 223 2137 “
251 2157 254 2162 «
282 2094 419 2174 &statue
440 2095 485 2169 εἰς
507 2091 565 2178 την
581 2094 750 2176 Ῥωμαίων
773 2098 915 2178 ἐνέβαλε,
938 2095 1060 2177 μηδένα
1081 2088 1174 2175 λόγον
1191 2093 1247 2157 τού
1266 2087 1387 2155 δεσπό-

288 2219 345 2260 ταν
365 2192 441 2279 μήτε
463 2195 527 2280 μην
548 2198 605 2264 τού
625 2198 743 2272 εἰκότος
763 2195 780 2260 ἐ
798 2200 936 2273 δείλαιος
959 2200 1102 2277 θέμενος.

151 2302 172 2359 l.
190 2301 241 2357 199
250 2317 277 2356 r.
383 2294 418 2367 ‘O
435 2300 512 2379 ηοῦν
534 2294 686 2378 βασιλεύς
709 2295 788 2364 κατό
814 2295 849 2362 τό
875 2299 1077 2380 συγκέίμτνον
1099 2291 1157 2376 τη“ν
1179 2294 1224 2367 τίς
1243 2290 1299 2356 τόν
1323 2289 1426 2368 nti-pp

284 2403 381 2478 λεμον
406 2394 609 2484 παρασκευήν
625 2387 737 2482 αύριον
759 2395 936 2480 ἐξαρτύσας
957 2393 997 2462 τό
1019 2397 1086 2463 κατ’
1100 2389 1197 2458 αύτόν
1222 2393 1384 2473 διετιθετο,
1418 2426 1428 2464 ι

282 2494 332 2563 ἔτι
351 2497 405 2580 τῆς
426 2500 583 2577 βασιλέως
605 2497 719 2580 σκηνῆς
754 2496 839 2572 ἐντός
871 2492 1121 2575 καθιστάμενος,
1147 2489 1240 2559 ύπότε
1260 2487 1316 2574 τὴν
1338 2495 1383 2567 εἰς

282 2595 357 2673 τούς
368 2597 497 2672 Σκύθας
518 2596 661 2681 ύποψίαν
676 2600 883 2683 περιαιρῆοαι
898 2595 1087 2681 βουλόμενος
1103 2591 1199 2669 αύτός
1214 2589 1275 2676 ἐγοό
1298 2584 1382 2679 όρκηι

1407 2714 1428 2757 4

331 2807 332 2810 ’
356 2789 399 2843 12.
417 2793 477 2849 τύν
495 2805 537 2843 om
556 2790 586 2846 G.
1426 2778 1428 2788 ⁸

284 2960 358 3014 turos
376 2967 483 3022 unaque
503 2971 560 3008 curn
579 2956 613 3008 iis
626 2963 791 3025 pugnaturos
810 2955 1019 3022 suspicarentur.
1056 2953 1174 3021 peditum
1192 2966 1258 3006 vero
1277 2950 1381 3020 quidam

285 3026 379 3084 castris
400 3027 502 3094 egrossi
521 3027 634 3081 arcubus
653 3027 752 3080 multos
770 3027 911 3080 Turcarnm
929 3028 1119 3081 iuteremerunt
1144 3033 1171 3076 et
1189 3039 1205 3076 a
1223 3025 1316 3075 castris
1334 3038 1381 3073 re.

284 3097 382 3148 cadere
401 3106 558 3166 coegerunt.
596 3115 644 3150 rex
662 3107 750 3150 autem
765 3100 884 3150 cominus
904 3106 931 3148 et
948 3099 1074 3149 instructa
1091 3097 1152 3146 acie
1171 3095 1312 3149 discrimen
1330 3095 1379 3144 iam

284 3167 416 3219 adducere
434 3168 522 3222 voluit
547 3185 662 3238 pugnae.
709 3187 788 3236 quum
816 3178 904 3220 autem
921 3168 1035 3234 milites,
1059 3169 1104 3235 qui
1131 3166 1228 3231 Chliati
1247 3165 1379 3228 abessent,

286 3246 471 3303 exspectaret,
497 3241 649 3292 immensam
683 3240 878 3292 multitudinem
914 3247 941 3291 ct
971 3240 1015 3308 qui
1041 3239 1111 3290 inter
1139 3238 1238 3304 primos
1263 3251 1381 3305 pugnare

286 3309 508 3375 consuevissent,
539 3311 571 3376 ad
595 3309 721 3364 bellicam
740 3311 907 3364 saltationem
931 3311 1015 3378 magis
1035 3309 1197 3372 exercitati,
1223 3323 1337 3376 pugnam
1354 3307 1382 3357 in

284 3387 421 3446 posterum
448 3379 569 3433 distulit:
598 3380 743 3451 desperans
774 3390 861 3434 autem
886 3396 932 3434 eos
961 3381 1138 3434 subventuros
1165 3395 1225 3432 esse
1251 3387 1278 3430 et
1299 3393 1382 3448 gravo

285 3450 386 3520 aliquid
405 3453 545 3519 quominus
564 3451 692 3506 auxilium
711 3453 814 3505 ferrent
832 3469 879 3505 eos
906 3453 1035 3520 impedire
1060 3453 1218 3518 suspicans,
1248 3451 1299 3500 iam
1328 3450 1382 3502 suis

285 3537 344 3577 cum
363 3523 448 3591 copiis
468 3531 576 3591 postero
599 3524 649 3576 'die
678 3522 769 3576 hostes
789 3531 905 3594 'strenue
930 3524 1040 3594 aggredi
1064 3524 1164 3576 statuit·
1211 3520 1382 3572 nihilominus

284 3595 379 3646 iterum
399 3595 478 3646 etium
497 3595 625 3662 speravit,
647 3609 703 3659 eos,
724 3593 790 3646 licet
807 3604 916 3662 postero
937 3595 981 3648 die
1000 3596 1134 3658 νοσέουσι,
1153 3593 1221 3644 haud
1246 3592 1382 3647 defuturos

286 3679 361 3717 esse:
384 3667 524 3734 ignorabat
543 3667 622 3732 enim,
641 3667 736 3718 ducem
756 3681 855 3729 eornm,
874 3682 954 3734 quum
979 3665 1111 3718 sultanum
1128 3666 1156 3716 in
1179 3666 1264 3732 ipsum
1293 3678 1382 3732 regem

283 3734 434 3801 proiectum
453 3754 513 3790 esse
532 3739 716 3805 comperisset,
740 3737 863 3788 omnibus
882 3737 928 3805 qui
947 3737 1032 3804 ipsum
1052 3744 1237 3804 sequerentur,
1248 3749 1382 3785 convoca.

284 3805 330 3869 tis,
349 3820 398 3871 per
416 3809 632 3875 Mesopotamiam
651 3810 678 3859 in
699 3808 861 3861 Graecorum
881 3817 978 3859 terram
997 3808 1111 3874 turpiter
1130 3807 1286 3873 aufugisse,
1311 3805 1383 3856 nulla

284 3875 383 3926 domini
402 3892 433 3928 ac
452 3894 486 3929 ne
505 3879 596 3931 decori
615 3880 722 3949 quidem
740 3878 831 3930 habita
850 3880 964 3944 ratione,
984 3879 1161 3929 miserrimum
1183 3877 1268 3928 illum.

332 3978 335 3984 ·
382 3964 471 4032 Atque
489 3981 538 4018 rex
555 3966 663 4036 quidem
682 3967 826 4018 secundum
845 3981 933 4018 rerum
953 3974 1048 4037 statum
1075 3973 1203 4037 apparatu
1232 3962 1333 4016 bellico
1356 3964 1382 4014 in

201 4095 208 4104 .
284 4043 419 4102 posterum
438 4035 506 4088 diem
527 4035 656 4089 instructo
678 4054 722 4090 res
741 4053 802 4091 suas
832 4039 975 4101 ordinavit,
1001 4037 1087 4090 adhuc
1113 4038 1142 4088 in
1167 4036 1245 4104 regio
1269 4032 1382 4086 tentorio

284 4107 435 4175 cousidens,
455 4109 559 4181 quando
579 4123 640 4177 ego,
660 4125 719 4162 cum
738 4104 839 4179 vellem
857 4109 1038 4197 spspicionepr
1055 4109 1084 4175 ip
1103 4107 1216 4174 Scythas
1236 4105 1310 4170 illam
1328 4106 1381 4160 tol.
