2875 4734
602 264 813 336 HISTORIA.
929 308 932 315 ·
1067 264 1075 273 ’
1176 264 1261 337 θλθ

162 435 261 526 λεάων
282 435 327 512 τίς
348 432 534 500 κακίανκαὶ
553 435 759 515 μικρολογίαν
787 432 843 497 καί
864 432 958 515 α’γενῆ
981 410 1140 496 πολιτείαν
1161 416 1262 514 άιιγιζ

159 536 304 603 νάυκετο.
357 529 396 619 ἧν
418 537 454 599 δὲ
476 525 587 618 οὗτος,
626 531 696 597 6τὸ
723 529 838 616 κράτος
859 530 999 617 δηλονότι
1026 534 1060 594 ἐκ
1083 536 1141 597 τοῦ
1164 534 1289 597 ε’πσυ-.

159 641 271 723 ρανίυυ
292 627 450 717 βασιλέως
463 634 682 719 ’μνηστευθείς
702 632 757 699 καί
777 626 863 712 άξιος
888 634 976 721 ατίτῷ
997 634 1174 714 λυγισθείς,
1196 638 1261 697 Νι-

157 738 298 825 κηφόρος
318 736 557 822 κουρυπαλάτης
580 737 595 803 ὅ
615 738 844 822 Βστανειάτης,
874 732 906 801 ὃν
925 742 1085 820 πολλαχοῦ
1104 738 1160 819 τῆς
1178 763 1261 821 γρα-

130 840 222 925 5φῆς
244 836 288 914 οἷς
307 843 512 923 τρισαριυτία
531 838 587 903 καί
609 837 822 921 δοκιμώτατον
846 834 1043 922 θεελάβομεν.
1089 830 1179 913 οὗτος
1198 840 1259 923 γάρ

157 937 290 1023 εὐγενὴς
304 940 367 1003 τάν
391 942 450 1023 αἠί
472 938 562 1022 ἡλίου
578 940 740 1004 σίνατολῶν
754 938 927 1017 καθεστώς,
943 938 999 1002 καί
1016 942 1070 1021 τῆς
1092 940 1156 1002 τῶν
1181 940 1261 1003 α’να-

157 1041 289 1103 τολικυῖν
310 1040 465 1123 ἐπαρχίας
487 1041 653 1123 τυγχάνων
682 1038 858 1123 πρώτιστος
881 1026 1005 1129 πλούτῳ
1027 1038 1082 1104 καί
1102 1042 1184 1121 γένει
1207 1042 1262 1103 καί

157 1144 303 1203 παλαιάν
329 1138 431 1224 ἔργων
463 1141 519 1204 καί
542 1142 620 1204 νέων
650 1137 869 1226 λαμπρότητι,
891 1143 958 1233 ,καί
987 1139 1044 1226 τὴν
1072 1144 1261 1224 στρατηγίαν

155 1236 241 1322 ἔχων
261 1243 320 1305 τοῦ
341 1242 445 1305 ατίτοά
467 1244 618 1323 θίματος,
638 1241 810 1325 περίλυπος
837 1234 877 1324 ἦν
895 1245 995 1307 ταῦτα
1019 1241 1118 1325 ipsiv-
1139 1242 1178 1305 ov’
1197 1237 1259 1322 γάρ

109 1338 261 1427 1οἔφτρε,
284 1342 382 1428 φάσιν
401 1340 484 1423 ἔχων
503 1345 620 1426 εὐσεβῆ
642 1342 874 1428 solertiores,
897 1346 952 1425 ζῆν
973 1347 1029 1408 καί
1049 1344 1179 1409 τοιαῦτα
1199 1366 1260 1404 κα-

151 1446 255 1526 θαράν
283 1443 420 1518 άνοσίως
443 1446 665 1527 πραττόμενα,
690 1446 746 1508 καί
765 1446 869 1509 πᾶσαν
889 1442 946 1533 ρην
970 1441 1052 1507 ἓωάν
1075 1452 1140 1515 τοῖς
1164 1447 1260 1504 πολτ-

153 1547 241 1625 μιόις
265 1545 452 1615 α’νάστατον.
475 1544 531 1608 καί
549 1544 649 1627 αὐτην
674 1545 729 1628 την
757 1547 897 1630 μεγάλην
919 1541 1259 1609 Κωνσταντινσάπολιν

153 1650 390 1729 πολεμουμένην
411 1653 476 1720 τοῖς
508 1648 572 1710 ταῖν
594 1646 795 1730 κρατούντων
817 1646 964 1730 άκρατιάς
987 1640 1181 1727 α’άικὴμασι,
1204 1648 1260 1709 καί

152 1743 211 1829 την
228 1741 378 1825 ἓσπερίαν
397 1748 454 1830 γῆν
468 1748 732 1831 κατακειρομένην
754 1755 822 1822 τοῖς
844 1744 968 1811 ἔθνεσιν
991 1745 1047 1810 καί
1066 1753 1130 1821 τοῖς
1151 1750 1258 1827 βλαπ-

109 1848 144 1905 15
153 1853 250 1921 τικυῖς
275 1844 474 1930 ἐννοήμασιν.
524 1846 594 1910 ἀλλ’
624 1848 795 1933 α’ναφέρων
824 1852 869 1924 τίς
896 1845 952 1929 την
973 1848 1029 1911 τοῦ
1057 1847 1165 1927 γένους
1187 1848 1257 1911 ε’πι.

154 1946 339 2031 σημάτητα,
361 1945 416 2010 καί
435 1945 655 2029 διανοούμενος
676 1948 814 2031 α’κριβυῖς
830 1943 872 2021 αἷς
894 1950 1015 2011 πολλάν
1039 1948 1094 2009 καί
1112 1950 1258 2028 μεγάλων

154 2046 395 2129 α’ριστευμάτων
408 2048 462 2111 καί
481 2039 694 2133 βοηθημάτων
715 2044 734 2131 ἦ
753 2043 920 2128 Ῥωμαίων
930 2046 1096 2110 υίπέλαυσε
1109 2053 1146 2129 γῆ
1168 2042 1276 2127 παρά,

153 2151 216 2211 τῶν
252 2145 414 2232 προγόνων
438 2149 539 2213 ατίτοῦ
562 2146 643 2213 κατά
668 2145 846 2233 διαφόρους
879 2144 1008 2227 καιρούς
1031 2148 1087 2209 καί
1109 2144 1257 2229 χρόνους,

151 2252 207 2313 καί
228 2246 373 2331 δεύτερος
389 2253 531 2335 φανῆναι
552 2247 673 2313 τούτων
695 2246 824 2325 ἀνάξιον
839 2246 1055 2331 λογισάμενος,
1068 2249 1099 2310 εἰ
1111 2244 1156 2328 μή
1177 2249 1257 2328 βοη-

106 2350 251 2433 λθθησαι
285 2358 351 2425 τοῖς
387 2346 561 2429 κάμνουσιν
593 2349 803 2435 ὀρθυδάξοις,
832 2350 872 2412 δι’
903 2345 958 2421 σάς
981 2342 1121 2430 Χριστὸς
1142 2344 1158 2408 ὁ
1182 2342 1257 2420 θεὸς

153 2451 244 2534 ἡμῶν
265 2447 299 2514 τί
325 2454 437 2516 οίκεῖον
458 2443 538 2531 αἷμα
560 2452 674 2533 ἐξέχεε,
699 2448 840 2533 ζηλωτάς
861 2446 1102 2535 διαπυράτατσς
1126 2445 1256 2531 γίνεται,

152 2552 210 2615 καί
228 2549 285 2633 την
304 2551 416 2635 ψυχάν
438 2554 539 2617 ατίτοά
561 2555 689 2635 τίθησιν
708 2550 789 2635 άπὲρ
813 2552 865 2636 τῆς
879 2553 943 2613 ,τοῦ
955 2551 1099 2635 Χριστοῦ
1120 2553 1255 2634 ποίμνης

152 2654 207 2716 καί
225 2656 281 2718 τοῦ
302 2651 394 2737 άγίσυ
417 2651 530 2731 ἔθνους
553 2648 664 2719 αάτοῦ.
719 2652 775 2717 καί
793 2656 851 2737 τῆς
878 2652 1028 2739 Τυάρκων
1051 2648 1096 2717 ἔτι
1122 2651 1254 2737 ζεσάσης

152 2970 236 3023 vitate
261 2976 288 3021 et
312 2969 462 3024 humilitate
490 2980 517 3024 et
541 2972 655 3041 ignobili
681 2971 798 3023 civitatis
827 2969 1054 3021 administratione
1078 2975 1158 3019 notus
1188 2976 1253 3020 erat.

153 3049 210 3093 erat
228 3048 315 3093 autem
335 3042 388 3107 hic,
408 3046 453 3112 qui
472 3045 617 3110 potentiam
637 3058 652 3091 a
673 3040 788 3091 coelesti
808 3054 874 3106 rege
894 3046 1094 3105 comparaverat
1114 3046 1140 3087 et
1158 3038 1254 3105 dignus

153 3129 184 3164 ea
203 3121 260 3165 erat
277 3113 400 3178 habitus,
426 3115 592 3179 Nicephorus
617 3112 772 3162 Botaniates
799 3109 962 3175 curopalate,
983 3124 1060 3175 quern
1080 3108 1184 3175 quidem
1204 3124 1254 3159 va.

152 3186 192 3235 ric
216 3186 244 3235 in
269 3188 400 3252 scriptura
425 3192 454 3233 ut
485 3190 526 3231 ter
550 3183 676 3246 optimum
703 3182 980 3247 spectatissimumque
1005 3181 1164 3245 accepimus.
1210 3178 1254 3230 hic

153 3257 221 3307 enim
242 3256 342 3307 nobilis
360 3256 503 3314 intereos,
523 3254 567 3320 qui
587 3268 603 3302 a
621 3252 687 3304 eolis
701 3260 761 3303 ortu
779 3252 913 3315 habitant,
934 3253 1096 3305 constitutus
1116 3258 1143 3301 et
1161 3251 1254 3303 orien.

152 3328 186 3378 tis
204 3328 362 3395 provinciae
380 3324 462 3389 longe
481 3325 580 3390 primus
600 3325 702 3376 divitiis
727 3331 754 3374 et
772 3339 873 3393 genere
893 3332 920 3375 et
938 3324 1067 3375 factorum
1086 3330 1207 3375 veterum
1228 3332 1255 3376 et

67 3452 72 3459 Ι
150 3406 288 3450 recentum
306 3394 513 3461 magnificentia,
534 3403 561 3447 et
578 3396 717 3463 imperium
734 3396 834 3449 habens
853 3398 970 3449 eiusdem
989 3396 1154 3464 provinciae,
1174 3396 1253 3448 valde

152 3477 209 3521 erat
228 3470 329 3532 tristis„
341 3466 408 3517 haec
428 3466 553 3520 videndo.
567 3483 655 3535 neque
675 3470 745 3519 enim
765 3468 921 3533 sustinebat,
940 3476 1035 3520 natura
1053 3468 1188 3533 praeditus
1209 3468 1253 3533 pia

152 3547 180 3591 et
198 3540 242 3590 dei
260 3546 382 3599 amante,
400 3539 496 3590 vivere
521 3548 547 3590 et
565 3540 631 3591 talia
649 3542 787 3607 adspicere
813 3542 894 3607 impie
912 3540 991 3602 iacta,
1012 3546 1039 3589 et
1057 3546 1140 3588 totum
1159 3537 1252 3587 orien-

150 3618 204 3662 tem
222 3623 272 3674 per
290 3608 382 3661 hostes
401 3610 576 3676 devastatum,
597 3621 676 3679 atque
696 3614 780 3679 ipsam
793 3626 913 3680 magnam
930 3607 1181 3674 Constantinopolin
1202 3607 1252 3658 de.

149 3680 276 3733 bellatum
305 3681 494 3749 impotentibus
518 3684 704 3750 imperantium
732 3684 856 3747 iniuriis,
883 3689 910 3731 et
935 3678 1128 3731 occidentalem
1154 3686 1252 3731 terram

150 3754 283 3805 desectum
302 3767 350 3820 per
368 3767 487 3822 paganos
504 3762 531 3806 et
543 3756 632 3805 noxiis
647 3753 783 3806 consiliis:
804 3754 850 3806 sed
868 3760 991 3819 spectans
1010 3752 1042 3803 ad
1062 3752 1169 3819 generis
1189 3752 1252 3820 glo.

150 3824 215 3874 riam
235 3830 262 3874 et
279 3833 405 3891 reputans
425 3834 559 3889 accurate,
587 3827 747 3878 Graecorum
776 3834 873 3877 terram
891 3823 973 3874 multa
997 3824 1117 3892 gloriose
1137 3824 1206 3876 iacta
1226 3831 1252 3874 et

149 3894 250 3946 auxilia
268 3898 423 3964 percepisse
448 3898 624 3949 amaioribus
646 3898 701 3948 suis
726 3897 841 3949 diversis
866 3895 1049 3949 occasionibus
1076 3904 1102 3947 et
1120 3894 1250 3961 tempori.

148 3967 208 4032 bus,
229 3975 256 4017 et
273 3968 427 4018 inferiorem
449 3984 578 4037 apparere
597 3969 639 4021 hie
659 3968 796 4036 indiguum
813 3975 896 4032 ratus,
925 3970 948 4019 si
967 3968 1074 4021 aiiiictis
1095 3967 1250 4021 orthodoxis

148 4052 202 4089 non
225 4040 332 4091 reniret
357 4039 474 4104 auxilio,
501 4049 610 4108 propter
639 4054 705 4107 quos
734 4039 855 4105 Christus
884 4039 948 4093 deus
973 4050 1065 4093 noster
1093 4039 1250 4105 sanguinem

149 4124 223 4162 suum
245 4109 404 4176 effundebat,
425 4120 607 4181 propugnator
625 4112 687 4163 fidei
714 4112 914 4165 ardentissimus
939 4114 987 4175 iit,
1013 4120 1040 4161 et
1057 4110 1172 4160 animum
1191 4112 1249 4163 eius

150 4183 233 4234 tendit
256 4198 338 4251 super
366 4183 465 4238 Christi
491 4200 576 4254 grege
602 4192 628 4236 et
654 4192 747 4239 sancto
774 4186 830 4238 eius
856 4184 973 4252 populo:
1001 4190 1080 4250 atque
1108 4181 1248 4235 Turoarum
