<?xml version="1.0" encoding="UTF-8"?>
<!DOCTYPE html PUBLIC "-//W3C//DTD XHTML 1.0 Transitional//EN"
    "http://www.w3.org/TR/xhtml1/DTD/xhtml1-transitional.dtd">
<html xmlns="http://www.w3.org/1999/xhtml" xml:lang="en" lang="en">
 <head>
  <title>
</title>
<meta http-equiv="Content-Type" content="text/html;charset=utf-8" />
  <meta name='ocr-system' content='tesseract 3.04.00' />
  <meta name='ocr-capabilities' content='ocr_page ocr_carea ocr_par ocr_line ocrx_word'/>
</head>
<body>
  <div class='ocr_page' id='page_1' title='image "./corpusscriptoru05theogoog/corpusscriptoru05theogoog_0038.png"; bbox 0 0 2875 4734; ppageno 0'>
   <div class='ocr_carea' id='block_1_1' title="bbox 204 173 1019 261">
    <p class='ocr_par' dir='ltr' id='par_1_1' title="bbox 204 173 1019 261">
     <span class='ocr_line' id='line_1_1' title="bbox 204 173 1019 261; baseline -0.012 -1"><span class='ocrx_word' id='word_1_1' title='bbox 204 191 254 261; x_wconf 73' lang='lat' dir='ltr'><strong>to</strong></span> <span class='ocrx_word' id='word_1_2' title='bbox 456 178 459 186; x_wconf 55' lang='lat'><em>&#39;</em></span> <span class='ocrx_word' id='word_1_3' title='bbox 510 181 730 258; x_wconf 77' lang='lat' dir='ltr'><strong>ntentans</strong></span> <span class='ocrx_word' id='word_1_4' title='bbox 761 173 1019 253; x_wconf 66' lang='lat' dir='ltr'><strong>marmoren</strong></span> 
     </span>
    </p>
   </div>
   <div class='ocr_carea' id='block_1_2' title="bbox 184 333 1310 636">
    <p class='ocr_par' dir='ltr' id='par_1_2' title="bbox 184 333 1310 636">
     <span class='ocr_line' id='line_1_2' title="bbox 206 333 1310 445; baseline -0.017 -28"><span class='ocrx_word' id='word_1_5' title='bbox 206 349 444 438; x_wconf 76' lang='grc' dir='ltr'><strong><em>σεβαστοφύρος</em></strong></span> <span class='ocrx_word' id='word_1_6' title='bbox 461 351 624 436; x_wconf 81' lang='grc' dir='ltr'><strong><em>Στέφανος</em></strong></span> <span class='ocrx_word' id='word_1_7' title='bbox 658 349 712 416; x_wconf 85' lang='grc' dir='ltr'><strong><em>διά</em></strong></span> <span class='ocrx_word' id='word_1_8' title='bbox 737 353 792 445; x_wconf 83' lang='grc' dir='ltr'><strong><em>τῆς</em></strong></span> <span class='ocrx_word' id='word_1_9' title='bbox 812 351 939 433; x_wconf 81' lang='grc' dir='ltr'><strong><em>άγσράς,</em></strong></span> <span class='ocrx_word' id='word_1_10' title='bbox 962 341 1001 411; x_wconf 89' lang='grc' dir='ltr'><strong><em>τά</em></strong></span> <span class='ocrx_word' id='word_1_11' title='bbox 1025 343 1135 427; x_wconf 80' lang='grc' dir='ltr'><strong><em>πράτα</em></strong></span> <span class='ocrx_word' id='word_1_12' title='bbox 1156 333 1242 421; x_wconf 85' lang='grc' dir='ltr'><strong><em>παρά</em></strong></span> <span class='ocrx_word' id='word_1_13' title='bbox 1265 337 1310 422; x_wconf 75' lang='grc' dir='ltr'><strong><em>τῷ</em></strong></span> 
     </span>
     <span class='ocr_line' id='line_1_3' title="bbox 184 432 1308 545; baseline -0.012 -31"><span class='ocrx_word' id='word_1_14' title='bbox 184 457 336 534; x_wconf 75' lang='grc' dir='ltr'><strong><em>,βασιλεῖ</em></strong></span> <span class='ocrx_word' id='word_1_15' title='bbox 355 449 435 533; x_wconf 88' lang='grc' dir='ltr'><strong><em>μετά</em></strong></span> <span class='ocrx_word' id='word_1_16' title='bbox 458 453 574 536; x_wconf 80' lang='grc' dir='ltr'><strong><em>πολλῆς</em></strong></span> <span class='ocrx_word' id='word_1_17' title='bbox 606 451 661 534; x_wconf 79' lang='grc' dir='ltr'><strong><em>τῆς</em></strong></span> <span class='ocrx_word' id='word_1_18' title='bbox 684 448 905 545; x_wconf 79' lang='grc' dir='ltr'><strong><em>λαμπρότητος</em></strong></span> <span class='ocrx_word' id='word_1_19' title='bbox 928 445 1065 529; x_wconf 77' lang='grc' dir='ltr'><em>ἔσχηκε,</em></span> <span class='ocrx_word' id='word_1_20' title='bbox 1094 466 1147 506; x_wconf 92' lang='grc' dir='ltr'><strong><em>και</em></strong></span> <span class='ocrx_word' id='word_1_21' title='bbox 1142 432 1308 523; x_wconf 78' lang='grc' dir='ltr'><strong><em>ζηλωτάς</em></strong></span> 
     </span>
     <span class='ocr_line' id='line_1_4' title="bbox 206 542 1309 636; baseline -0.013 -20"><span class='ocrx_word' id='word_1_22' title='bbox 206 554 286 616; x_wconf 81' lang='grc' dir='ltr'><strong><em>πᾶσι</em></strong></span> <span class='ocrx_word' id='word_1_23' title='bbox 308 574 360 617; x_wconf 90' lang='grc' dir='ltr'><strong><em>και</em></strong></span> <span class='ocrx_word' id='word_1_24' title='bbox 357 551 646 636; x_wconf 74' lang='grc' dir='ltr'><strong><em>περισπούδαστος</em></strong></span> <span class='ocrx_word' id='word_1_25' title='bbox 665 551 860 631; x_wconf 66' lang='grc' dir='ltr'><strong><em>ε’μνωρίζετο.</em></strong></span> <span class='ocrx_word' id='word_1_26' title='bbox 904 547 971 612; x_wconf 73' lang='grc' dir='ltr'><strong><em>ἔπει</em></strong></span> <span class='ocrx_word' id='word_1_27' title='bbox 968 547 1028 610; x_wconf 81' lang='grc' dir='ltr'><strong><em>δὲ</em></strong></span> <span class='ocrx_word' id='word_1_28' title='bbox 1051 542 1089 608; x_wconf 87' lang='grc' dir='ltr'><strong><em>τά</em></strong></span> <span class='ocrx_word' id='word_1_29' title='bbox 1104 545 1169 625; x_wconf 80' lang='grc' dir='ltr'><strong><em>τῆς</em></strong></span> <span class='ocrx_word' id='word_1_30' title='bbox 1191 543 1309 604; x_wconf 84' lang='grc' dir='ltr'><strong><em>δεσπο-</em></strong></span> 
     </span>
    </p>
   </div>
   <div class='ocr_carea' id='block_1_3' title="bbox 106 637 1312 770">
    <p class='ocr_par' dir='ltr' id='par_1_3' title="bbox 106 637 1312 770">
     <span class='ocr_line' id='line_1_5' title="bbox 106 637 1312 770; baseline -0.014 -51"><span class='ocrx_word' id='word_1_31' title='bbox 106 644 124 680; x_wconf 58' lang='grc'><strong><em>““</em></strong></span> <span class='ocrx_word' id='word_1_32' title='bbox 150 666 153 670; x_wconf 88' lang='grc'><strong>’</strong></span> <span class='ocrx_word' id='word_1_33' title='bbox 205 654 290 737; x_wconf 77' lang='grc' dir='ltr'><strong><em>ττκῆς</em></strong></span> <span class='ocrx_word' id='word_1_34' title='bbox 310 653 523 770; x_wconf 84' lang='grc' dir='ltr'><strong><em>εύδαιμονίας</em></strong></span> <span class='ocrx_word' id='word_1_35' title='bbox 534 653 682 733; x_wconf 75' lang='grc' dir='ltr'><strong><em>ἀβέβαια,</em></strong></span> <span class='ocrx_word' id='word_1_36' title='bbox 705 651 899 735; x_wconf 81' lang='grc' dir='ltr'><strong><em>διαβληθείς</em></strong></span> <span class='ocrx_word' id='word_1_37' title='bbox 913 648 968 710; x_wconf 87' lang='grc' dir='ltr'><strong><em>καί</em></strong></span> <span class='ocrx_word' id='word_1_38' title='bbox 984 637 1073 719; x_wconf 90' lang='grc' dir='ltr'><strong><em>ουτος</em></strong></span> <span class='ocrx_word' id='word_1_39' title='bbox 1094 667 1138 718; x_wconf 89' lang='grc' dir='ltr'><strong><em>ως</em></strong></span> <span class='ocrx_word' id='word_1_40' title='bbox 1153 641 1202 727; x_wconf 77' lang='grc' dir='ltr'><strong><em>εἴη</em></strong></span> <span class='ocrx_word' id='word_1_41' title='bbox 1215 646 1312 760; x_wconf 81' lang='grc' dir='ltr'><strong><em>μελε-</em></strong></span> 
     </span>
    </p>
   </div>
   <div class='ocr_carea' id='block_1_4' title="bbox 129 741 1336 1232">
    <p class='ocr_par' dir='ltr' id='par_1_4' title="bbox 129 741 1336 1136">
     <span class='ocr_line' id='line_1_6' title="bbox 204 741 1336 836; baseline -0.015 -20"><span class='ocrx_word' id='word_1_42' title='bbox 204 754 267 816; x_wconf 82' lang='grc' dir='ltr'><strong><em>τύν</em></strong></span> <span class='ocrx_word' id='word_1_43' title='bbox 288 743 481 836; x_wconf 75' lang='grc' dir='ltr'><strong><em>ἐπιβουλήν,</em></strong></span> <span class='ocrx_word' id='word_1_44' title='bbox 504 746 677 834; x_wconf 82' lang='grc' dir='ltr'><strong><em>ύπερσριάν</em></strong></span> <span class='ocrx_word' id='word_1_45' title='bbox 700 751 815 815; x_wconf 86' lang='grc' dir='ltr'><strong><em>ου’τίκα</em></strong></span> <span class='ocrx_word' id='word_1_46' title='bbox 838 772 889 811; x_wconf 90' lang='grc' dir='ltr'><strong><em>και</em></strong></span> <span class='ocrx_word' id='word_1_47' title='bbox 885 745 1067 830; x_wconf 68' lang='grc' dir='ltr'><strong><em>δήμευσιν</em></strong></span> <span class='ocrx_word' id='word_1_48' title='bbox 1089 743 1145 807; x_wconf 84' lang='grc' dir='ltr'><strong><em>καί</em></strong></span> <span class='ocrx_word' id='word_1_49' title='bbox 1163 741 1310 822; x_wconf 84' lang='grc' dir='ltr'><strong><em>άπόκαρ-</em></strong></span> <span class='ocrx_word' id='word_1_50' title='bbox 1289 750 1336 799; x_wconf 80' lang='grc'><strong><em>.5</em></strong></span> 
     </span>
     <span class='ocr_line' id='line_1_7' title="bbox 129 834 1308 938; baseline -0.012 -21"><span class='ocrx_word' id='word_1_51' title='bbox 129 893 133 897; x_wconf 94' lang='grc'>-</span> <span class='ocrx_word' id='word_1_52' title='bbox 207 876 258 916; x_wconf 91' lang='grc' dir='ltr'><strong><em>σιν</em></strong></span> <span class='ocrx_word' id='word_1_53' title='bbox 280 851 469 938; x_wconf 85' lang='grc' dir='ltr'><strong><em>κατεκρίθη·</em></strong></span> <span class='ocrx_word' id='word_1_54' title='bbox 514 848 604 915; x_wconf 85' lang='grc' dir='ltr'><strong><em>καίδ</em></strong></span> <span class='ocrx_word' id='word_1_55' title='bbox 634 855 696 914; x_wconf 70' lang='grc' dir='ltr'><strong><em>ταῖν</em></strong></span> <span class='ocrx_word' id='word_1_56' title='bbox 719 847 920 914; x_wconf 78' lang='grc' dir='ltr'><strong><em>οἰκειοτάτων</em></strong></span> <span class='ocrx_word' id='word_1_57' title='bbox 940 846 1026 930; x_wconf 74' lang='grc' dir='ltr'><strong><em>αύτῷ</em></strong></span> <span class='ocrx_word' id='word_1_58' title='bbox 1046 837 1151 932; x_wconf 82' lang='grc' dir='ltr'><strong><em>εἷς,</em></strong></span> <span class='ocrx_word' id='word_1_59' title='bbox 1134 834 1160 907; x_wconf 80' lang='grc' dir='ltr'><strong><em>ά</em></strong></span> <span class='ocrx_word' id='word_1_60' title='bbox 1190 845 1245 906; x_wconf 84' lang='grc' dir='ltr'><strong><em>καί</em></strong></span> <span class='ocrx_word' id='word_1_61' title='bbox 1270 841 1308 906; x_wconf 86' lang='grc' dir='ltr'><strong><em>τύ</em></strong></span> 
     </span>
     <span class='ocr_line' id='line_1_8' title="bbox 208 945 1311 1036; baseline -0.008 -20"><span class='ocrx_word' id='word_1_62' title='bbox 208 951 323 1036; x_wconf 90' lang='grc' dir='ltr'><strong><em>κράτος</em></strong></span> <span class='ocrx_word' id='word_1_63' title='bbox 343 955 471 1034; x_wconf 81' lang='grc' dir='ltr'><strong><em>μέλλειν</em></strong></span> <span class='ocrx_word' id='word_1_64' title='bbox 491 955 671 1035; x_wconf 80' lang='grc' dir='ltr'><strong><em>περιθεῖναι</em></strong></span> <span class='ocrx_word' id='word_1_65' title='bbox 707 955 927 1034; x_wconf 73' lang='grc' dir='ltr'><strong><em>κατηγορεῖτο,</em></strong></span> <span class='ocrx_word' id='word_1_66' title='bbox 949 949 1013 1012; x_wconf 76' lang='grc' dir='ltr'><strong><em>τῶν</em></strong></span> <span class='ocrx_word' id='word_1_67' title='bbox 1035 945 1213 1030; x_wconf 71' lang='grc' dir='ltr'><strong><em>ὀφθαλμοῖν</em></strong></span> <span class='ocrx_word' id='word_1_68' title='bbox 1241 947 1311 1026; x_wconf 86' lang='grc' dir='ltr'><strong><em>μετ’</em></strong></span> 
     </span>
     <span class='ocr_line' id='line_1_9' title="bbox 204 1053 506 1136; baseline 0.003 -22"><span class='ocrx_word' id='word_1_69' title='bbox 204 1053 313 1136; x_wconf 75' lang='grc' dir='ltr'><strong><em>Ιε’λίγον</em></strong></span> <span class='ocrx_word' id='word_1_70' title='bbox 334 1053 506 1136; x_wconf 79' lang='grc' dir='ltr'><strong><em>ἐστέρηται.</em></strong></span> 
     </span>
    </p>

    <p class='ocr_par' dir='ltr' id='par_1_5' title="bbox 308 1143 1309 1232">
     <span class='ocr_line' id='line_1_10' title="bbox 308 1143 1309 1232; baseline -0.009 -15"><span class='ocrx_word' id='word_1_71' title='bbox 308 1151 514 1232; x_wconf 81' lang='grc' dir='ltr'><strong><em>Ἀπαλλαγείς</em></strong></span> <span class='ocrx_word' id='word_1_72' title='bbox 547 1143 604 1216; x_wconf 81' lang='grc' dir='ltr'><strong><em>σύν</em></strong></span> <span class='ocrx_word' id='word_1_73' title='bbox 632 1149 649 1214; x_wconf 82' lang='grc' dir='ltr'><em>ὃ</em></span> <span class='ocrx_word' id='word_1_74' title='bbox 682 1146 835 1231; x_wconf 81' lang='grc' dir='ltr'><strong><em>βασιλεύς</em></strong></span> <span class='ocrx_word' id='word_1_75' title='bbox 863 1151 918 1232; x_wconf 76' lang='grc' dir='ltr'><strong><em>τῆς</em></strong></span> <span class='ocrx_word' id='word_1_76' title='bbox 946 1145 1101 1230; x_wconf 79' lang='grc' dir='ltr'><strong><em>τοσαύτης</em></strong></span> <span class='ocrx_word' id='word_1_77' title='bbox 1127 1145 1309 1230; x_wconf 76' lang='grc' dir='ltr'><strong><em>φροντίδος,</em></strong></span> 
     </span>
    </p>
   </div>
   <div class='ocr_carea' id='block_1_5' title="bbox 68 1242 1357 1346">
    <p class='ocr_par' dir='ltr' id='par_1_6' title="bbox 68 1242 1357 1346">
     <span class='ocr_line' id='line_1_11' title="bbox 68 1242 1357 1346; baseline -0.011 -24"><span class='ocrx_word' id='word_1_78' title='bbox 68 1307 87 1324; x_wconf 83' lang='grc'><strong><em>.,</em></strong></span> <span class='ocrx_word' id='word_1_79' title='bbox 131 1315 133 1321; x_wconf 83' lang='grc'>,</span> <span class='ocrx_word' id='word_1_80' title='bbox 196 1253 255 1346; x_wconf 49' lang='grc' dir='ltr'><strong><em>Νείς</em></strong></span> <span class='ocrx_word' id='word_1_81' title='bbox 275 1248 387 1334; x_wconf 70' lang='grc' dir='ltr'><strong><em>ἑτέραν</em></strong></span> <span class='ocrx_word' id='word_1_82' title='bbox 415 1242 512 1328; x_wconf 69' lang='grc' dir='ltr'><strong><em>αὖθις</em></strong></span> <span class='ocrx_word' id='word_1_83' title='bbox 544 1248 682 1336; x_wconf 79' lang='grc' dir='ltr'><strong><em>άνάγκην</em></strong></span> <span class='ocrx_word' id='word_1_84' title='bbox 704 1251 841 1318; x_wconf 78' lang='grc' dir='ltr'><strong><em>ἐνέπεσε.</em></strong></span> <span class='ocrx_word' id='word_1_85' title='bbox 895 1245 1032 1328; x_wconf 82' lang='grc' dir='ltr'><strong><em>πόλεμος</em></strong></span> <span class='ocrx_word' id='word_1_86' title='bbox 1051 1245 1111 1330; x_wconf 76' lang='grc' dir='ltr'><strong><em>γάρ</em></strong></span> <span class='ocrx_word' id='word_1_87' title='bbox 1133 1244 1312 1330; x_wconf 83' lang='grc' dir='ltr'><strong><em>άλλόφυλος</em></strong></span> <span class='ocrx_word' id='word_1_88' title='bbox 1323 1270 1357 1321; x_wconf 87' lang='lat'><strong><em>10</em></strong></span> 
     </span>
    </p>
   </div>
   <div class='ocr_carea' id='block_1_6' title="bbox 208 1344 1314 1638">
    <p class='ocr_par' dir='ltr' id='par_1_7' title="bbox 208 1344 1314 1638">
     <span class='ocr_line' id='line_1_12' title="bbox 210 1344 1313 1436; baseline -0.007 -18"><span class='ocrx_word' id='word_1_89' title='bbox 210 1349 358 1426; x_wconf 84' lang='grc' dir='ltr'><strong><em>ναυτικάς</em></strong></span> <span class='ocrx_word' id='word_1_90' title='bbox 376 1344 454 1434; x_wconf 80' lang='grc' dir='ltr'><strong><em>άχρι</em></strong></span> <span class='ocrx_word' id='word_1_91' title='bbox 467 1355 520 1436; x_wconf 78' lang='grc' dir='ltr'><strong><em>τῆς</em></strong></span> <span class='ocrx_word' id='word_1_92' title='bbox 534 1353 755 1434; x_wconf 88' lang='grc' dir='ltr'><strong><em>Προποντίδος</em></strong></span> <span class='ocrx_word' id='word_1_93' title='bbox 771 1347 830 1434; x_wconf 75' lang='grc' dir='ltr'><strong><em>τὴν</em></strong></span> <span class='ocrx_word' id='word_1_94' title='bbox 848 1352 1000 1430; x_wconf 78' lang='grc' dir='ltr'><strong><em>βασιλίδα</em></strong></span> <span class='ocrx_word' id='word_1_95' title='bbox 1014 1350 1177 1430; x_wconf 79' lang='grc' dir='ltr'><strong><em>κατέλαβε,</em></strong></span> <span class='ocrx_word' id='word_1_96' title='bbox 1194 1349 1313 1410; x_wconf 84' lang='grc' dir='ltr'><strong><em>πλοίων</em></strong></span> 
     </span>
     <span class='ocr_line' id='line_1_13' title="bbox 208 1443 1314 1535; baseline -0.009 -16"><span class='ocrx_word' id='word_1_97' title='bbox 208 1449 368 1519; x_wconf 78' lang='grc' dir='ltr'><strong><em>Ῥωσικάν</em></strong></span> <span class='ocrx_word' id='word_1_98' title='bbox 405 1455 469 1517; x_wconf 80' lang='grc' dir='ltr'><strong><em>τάν</em></strong></span> <span class='ocrx_word' id='word_1_99' title='bbox 501 1447 713 1535; x_wconf 82' lang='grc' dir='ltr'><strong><em>τετρακοσίων</em></strong></span> <span class='ocrx_word' id='word_1_100' title='bbox 750 1449 808 1511; x_wconf 88' lang='grc' dir='ltr'><strong><em>ούκ</em></strong></span> <span class='ocrx_word' id='word_1_101' title='bbox 841 1447 1039 1512; x_wconf 87' lang='grc' dir='ltr'><strong><em>άποδεόντων</em></strong></span> <span class='ocrx_word' id='word_1_102' title='bbox 1076 1443 1314 1531; x_wconf 76' lang='grc' dir='ltr'><strong><em>ἑπιρραξάντων</em></strong></span> 
     </span>
     <span class='ocr_line' id='line_1_14' title="bbox 211 1544 1312 1638; baseline -0.007 -22"><span class='ocrx_word' id='word_1_103' title='bbox 211 1553 306 1638; x_wconf 77' lang='grc' dir='ltr'><strong><em>αύτῇ,</em></strong></span> <span class='ocrx_word' id='word_1_104' title='bbox 328 1552 560 1637; x_wconf 80' lang='grc' dir='ltr'><strong><em>καταφράκτων</em></strong></span> <span class='ocrx_word' id='word_1_105' title='bbox 582 1545 688 1624; x_wconf 80' lang='grc' dir='ltr'><strong><em>ὅπλοις</em></strong></span> <span class='ocrx_word' id='word_1_106' title='bbox 704 1571 738 1616; x_wconf 84' lang='grc' dir='ltr'><strong><em>τε</em></strong></span> <span class='ocrx_word' id='word_1_107' title='bbox 755 1549 810 1612; x_wconf 83' lang='grc' dir='ltr'><strong><em>καί</em></strong></span> <span class='ocrx_word' id='word_1_108' title='bbox 829 1548 981 1635; x_wconf 77' lang='grc' dir='ltr'><strong><em>πολεμικῇ</em></strong></span> <span class='ocrx_word' id='word_1_109' title='bbox 998 1544 1146 1632; x_wconf 75' lang='grc' dir='ltr'><strong><em>ἐμπειρίᾳ</em></strong></span> <span class='ocrx_word' id='word_1_110' title='bbox 1168 1545 1222 1610; x_wconf 83' lang='grc' dir='ltr'><strong><em>καί</em></strong></span> <span class='ocrx_word' id='word_1_111' title='bbox 1233 1545 1312 1629; x_wconf 78' lang='grc' dir='ltr'><strong><em>πλη-</em></strong></span> 
     </span>
    </p>
   </div>
   <div class='ocr_carea' id='block_1_7' title="bbox 211 1642 1425 2378">
    <p class='ocr_par' dir='ltr' id='par_1_8' title="bbox 211 1642 1425 2340">
     <span class='ocr_line' id='line_1_15' title="bbox 211 1642 1425 1734; baseline -0.007 -18"><span class='ocrx_word' id='word_1_112' title='bbox 211 1657 264 1716; x_wconf 90' lang='grc' dir='ltr'><strong><em>θει</em></strong></span> <span class='ocrx_word' id='word_1_113' title='bbox 284 1654 348 1716; x_wconf 75' lang='grc' dir='ltr'><strong><em>τῶν</em></strong></span> <span class='ocrx_word' id='word_1_114' title='bbox 369 1653 402 1715; x_wconf 77' lang='grc' dir='ltr'><strong><em>ἐν</em></strong></span> <span class='ocrx_word' id='word_1_115' title='bbox 424 1653 532 1726; x_wconf 83' lang='grc' dir='ltr'><strong><em>αύτοῑς</em></strong></span> <span class='ocrx_word' id='word_1_116' title='bbox 557 1648 773 1715; x_wconf 84' lang='grc' dir='ltr'><strong><em>εἰσπλεόντων.</em></strong></span> <span class='ocrx_word' id='word_1_117' title='bbox 816 1649 876 1721; x_wconf 76' lang='grc' dir='ltr'><strong><em>κατ’1</em></strong></span> <span class='ocrx_word' id='word_1_118' title='bbox 898 1655 1027 1730; x_wconf 76' lang='grc' dir='ltr'><strong><em>κατεῖχε</em></strong></span> <span class='ocrx_word' id='word_1_119' title='bbox 1049 1647 1147 1734; x_wconf 82' lang='grc' dir='ltr'><strong><em>φόβος</em></strong></span> <span class='ocrx_word' id='word_1_120' title='bbox 1168 1643 1226 1732; x_wconf 77' lang='grc' dir='ltr'><strong><em>την</em></strong></span> <span class='ocrx_word' id='word_1_121' title='bbox 1243 1642 1314 1709; x_wconf 88' lang='grc' dir='ltr'><strong><em>Βύ-</em></strong></span> <span class='ocrx_word' id='word_1_122' title='bbox 1342 1707 1347 1715; x_wconf 77' lang='grc'>,</span> <span class='ocrx_word' id='word_1_123' title='bbox 1424 1648 1425 1655; x_wconf 74' lang='grc'>’</span> 
     </span>
     <span class='ocr_line' id='line_1_16' title="bbox 214 1743 1425 1836; baseline -0.001 -20"><span class='ocrx_word' id='word_1_124' title='bbox 214 1754 324 1831; x_wconf 88' lang='grc' dir='ltr'><strong><em>ζαντος</em></strong></span> <span class='ocrx_word' id='word_1_125' title='bbox 347 1753 405 1814; x_wconf 88' lang='grc' dir='ltr'><strong><em>ούκ</em></strong></span> <span class='ocrx_word' id='word_1_126' title='bbox 425 1752 593 1836; x_wconf 79' lang='grc' dir='ltr'><strong><em>ἐλάχιστος</em></strong></span> <span class='ocrx_word' id='word_1_127' title='bbox 607 1747 668 1833; x_wconf 83' lang='grc' dir='ltr'><strong><em>Ιδιά</em></strong></span> <span class='ocrx_word' id='word_1_128' title='bbox 689 1748 736 1819; x_wconf 76' lang='grc' dir='ltr'><strong><em>τά,</em></strong></span> <span class='ocrx_word' id='word_1_129' title='bbox 751 1746 976 1834; x_wconf 85' lang='grc' dir='ltr'><strong><em>άπαράσκεοον</em></strong></span> <span class='ocrx_word' id='word_1_130' title='bbox 998 1750 1033 1813; x_wconf 75' lang='grc' dir='ltr'><strong><em>ἐκ</em></strong></span> <span class='ocrx_word' id='word_1_131' title='bbox 1053 1749 1107 1832; x_wconf 81' lang='grc' dir='ltr'><strong><em>τῆς</em></strong></span> <span class='ocrx_word' id='word_1_132' title='bbox 1128 1743 1313 1831; x_wconf 86' lang='grc' dir='ltr'><strong><em>άπροάπτου</em></strong></span> <span class='ocrx_word' id='word_1_133' title='bbox 1325 1763 1359 1814; x_wconf 79' lang='grc'><strong><em>15</em></strong></span> <span class='ocrx_word' id='word_1_134' title='bbox 1424 1762 1425 1773; x_wconf 74' lang='grc'>’</span> 
     </span>
     <span class='ocr_line' id='line_1_17' title="bbox 211 1845 1314 1938; baseline -0.006 -21"><span class='ocrx_word' id='word_1_135' title='bbox 211 1852 271 1917; x_wconf 84' lang='grc' dir='ltr'><strong><em>τού</em></strong></span> <span class='ocrx_word' id='word_1_136' title='bbox 291 1849 404 1928; x_wconf 79' lang='grc' dir='ltr'><strong><em>ἔθνους</em></strong></span> <span class='ocrx_word' id='word_1_137' title='bbox 432 1850 610 1938; x_wconf 79' lang='grc' dir='ltr'><strong><em>ἐπιδημίας,</em></strong></span> <span class='ocrx_word' id='word_1_138' title='bbox 660 1845 746 1934; x_wconf 78' lang='grc' dir='ltr'><strong><em>ὅμως</em></strong></span> <span class='ocrx_word' id='word_1_139' title='bbox 772 1847 1061 1934; x_wconf 81' lang='grc' dir='ltr'><strong><em>τάπαρατνχύντα</em></strong></span> <span class='ocrx_word' id='word_1_140' title='bbox 1088 1846 1197 1934; x_wconf 85' lang='grc' dir='ltr'><strong><em>μακρά</em></strong></span> <span class='ocrx_word' id='word_1_141' title='bbox 1217 1851 1314 1910; x_wconf 82' lang='grc' dir='ltr'><strong><em>πλοῖα</em></strong></span> 
     </span>
     <span class='ocr_line' id='line_1_18' title="bbox 213 1948 1314 2035; baseline -0.007 -18"><span class='ocrx_word' id='word_1_142' title='bbox 213 1953 268 2020; x_wconf 83' lang='grc' dir='ltr'><strong><em>καί</em></strong></span> <span class='ocrx_word' id='word_1_143' title='bbox 289 1949 400 2028; x_wconf 90' lang='grc' dir='ltr'><strong><em>λοιπάς</em></strong></span> <span class='ocrx_word' id='word_1_144' title='bbox 421 1948 532 2035; x_wconf 76' lang='grc' dir='ltr'><strong><em>ἑτέρας</em></strong></span> <span class='ocrx_word' id='word_1_145' title='bbox 554 1954 633 2028; x_wconf 79' lang='grc' dir='ltr'><strong><em>ναῦς</em></strong></span> <span class='ocrx_word' id='word_1_146' title='bbox 659 1951 832 2034; x_wconf 85' lang='grc' dir='ltr'><strong><em>πολεμικάς</em></strong></span> <span class='ocrx_word' id='word_1_147' title='bbox 852 1949 870 2013; x_wconf 81' lang='grc' dir='ltr'><strong><em>ὅ</em></strong></span> <span class='ocrx_word' id='word_1_148' title='bbox 894 1949 1045 2033; x_wconf 79' lang='grc' dir='ltr'><strong><em>βασιλεύς</em></strong></span> <span class='ocrx_word' id='word_1_149' title='bbox 1065 1949 1314 2032; x_wconf 86' lang='grc' dir='ltr'><strong><em>συστησάμενος,</em></strong></span> 
     </span>
     <span class='ocr_line' id='line_1_19' title="bbox 215 2046 1315 2139; baseline -0.008 -21"><span class='ocrx_word' id='word_1_150' title='bbox 215 2053 271 2118; x_wconf 86' lang='grc' dir='ltr'><strong><em>καί</em></strong></span> <span class='ocrx_word' id='word_1_151' title='bbox 292 2053 403 2139; x_wconf 77' lang='grc' dir='ltr'><strong><em>πεζικῇ</em></strong></span> <span class='ocrx_word' id='word_1_152' title='bbox 427 2049 562 2134; x_wconf 90' lang='grc' dir='ltr'><strong><em>δυνάμει</em></strong></span> <span class='ocrx_word' id='word_1_153' title='bbox 592 2049 667 2128; x_wconf 87' lang='grc' dir='ltr'><strong><em>τούς</em></strong></span> <span class='ocrx_word' id='word_1_154' title='bbox 697 2053 949 2136; x_wconf 81' lang='grc' dir='ltr'><strong><em>παρακειμένους</em></strong></span> <span class='ocrx_word' id='word_1_155' title='bbox 977 2046 1139 2134; x_wconf 76' lang='grc' dir='ltr'><strong><em>αἰγιαλούς</em></strong></span> <span class='ocrx_word' id='word_1_156' title='bbox 1158 2068 1315 2132; x_wconf 85' lang='grc' dir='ltr'><strong><em>συμπερι-</em></strong></span> 
     </span>
     <span class='ocr_line' id='line_1_20' title="bbox 215 2147 1425 2272; baseline -0.005 -56"><span class='ocrx_word' id='word_1_157' title='bbox 215 2151 341 2272; x_wconf 65' lang='lat' dir='ltr'><strong>deripis,</strong></span> <span class='ocrx_word' id='word_1_158' title='bbox 369 2177 422 2219; x_wconf 87' lang='grc' dir='ltr'><strong><em>και</em></strong></span> <span class='ocrx_word' id='word_1_159' title='bbox 449 2147 676 2238; x_wconf 73' lang='grc' dir='ltr'><strong><em>προσθήκηνι</em></strong></span> <span class='ocrx_word' id='word_1_160' title='bbox 662 2149 808 2218; x_wconf 88' lang='grc' dir='ltr'><strong><em>εκάστοτε</em></strong></span> <span class='ocrx_word' id='word_1_161' title='bbox 837 2154 893 2234; x_wconf 81' lang='grc' dir='ltr'><strong><em>τῆς</em></strong></span> <span class='ocrx_word' id='word_1_162' title='bbox 926 2152 1067 2234; x_wconf 80' lang='grc' dir='ltr'><strong><em>πεζικῆς</em></strong></span> <span class='ocrx_word' id='word_1_163' title='bbox 1083 2149 1139 2213; x_wconf 84' lang='grc' dir='ltr'><strong><em>καί</em></strong></span> <span class='ocrx_word' id='word_1_164' title='bbox 1165 2149 1317 2230; x_wconf 76' lang='grc' dir='ltr'><strong><em>ναυτικῆς</em></strong></span> <span class='ocrx_word' id='word_1_165' title='bbox 1424 2218 1425 2229; x_wconf 23' lang='grc' dir='ltr'><strong><em>η</em></strong></span> 
     </span>
     <span class='ocr_line' id='line_1_21' title="bbox 215 2243 1425 2378; baseline -0.007 -60"><span class='ocrx_word' id='word_1_166' title='bbox 215 2248 329 2336; x_wconf 83' lang='grc' dir='ltr'><strong><em>ἰσχύος</em></strong></span> <span class='ocrx_word' id='word_1_167' title='bbox 332 2251 571 2378; x_wconf 79' lang='grc' dir='ltr'><strong><em>λαμβανούσης</em></strong></span> <span class='ocrx_word' id='word_1_168' title='bbox 593 2251 646 2318; x_wconf 88' lang='grc' dir='ltr'><strong><em>διά</em></strong></span> <span class='ocrx_word' id='word_1_169' title='bbox 667 2252 860 2340; x_wconf 79' lang='grc' dir='ltr'><strong><em>γραμμάτων</em></strong></span> <span class='ocrx_word' id='word_1_170' title='bbox 881 2247 1066 2338; x_wconf 77' lang='grc' dir='ltr'><strong><em>φοιτώντων</em></strong></span> <span class='ocrx_word' id='word_1_171' title='bbox 1085 2253 1131 2328; x_wconf 89' lang='grc' dir='ltr'><strong><em>είς</em></strong></span> <span class='ocrx_word' id='word_1_172' title='bbox 1152 2274 1211 2326; x_wconf 90' lang='grc' dir='ltr'><strong><em>τας</em></strong></span> <span class='ocrx_word' id='word_1_173' title='bbox 1221 2243 1361 2338; x_wconf 48' lang='lat' dir='ltr'><strong>parabo</strong></span> <span class='ocrx_word' id='word_1_174' title='bbox 1424 2246 1425 2255; x_wconf 70' lang='grc'>’</span> 
     </span>
    </p>
   </div>
   <div class='ocr_carea' id='block_1_8' title="bbox 215 2345 1319 2639">
    <p class='ocr_par' dir='ltr' id='par_1_9' title="bbox 215 2345 1319 2639">
     <span class='ocr_line' id='line_1_22' title="bbox 215 2345 1317 2478; baseline -0.005 -59"><span class='ocrx_word' id='word_1_175' title='bbox 215 2351 327 2438; x_wconf 83' lang='grc' dir='ltr'><strong><em>χάραν</em></strong></span> <span class='ocrx_word' id='word_1_176' title='bbox 349 2349 527 2439; x_wconf 79' lang='grc' dir='ltr'><strong><em>ἡγεμονίας,</em></strong></span> <span class='ocrx_word' id='word_1_177' title='bbox 551 2358 584 2421; x_wconf 80' lang='grc' dir='ltr'><strong><em>ἐν</em></strong></span> <span class='ocrx_word' id='word_1_178' title='bbox 606 2351 709 2478; x_wconf 74' lang='grc' dir='ltr'><strong><em>ἡμέρη</em></strong></span> <span class='ocrx_word' id='word_1_179' title='bbox 731 2351 842 2443; x_wconf 83' lang='grc' dir='ltr'><strong><em>προύτη</em></strong></span> <span class='ocrx_word' id='word_1_180' title='bbox 863 2353 920 2436; x_wconf 80' lang='grc' dir='ltr'><strong><em>τῆς</em></strong></span> <span class='ocrx_word' id='word_1_181' title='bbox 940 2345 1158 2434; x_wconf 75' lang='grc' dir='ltr'><strong><em>εςλδομάδοςι</em></strong></span> <span class='ocrx_word' id='word_1_182' title='bbox 1136 2376 1175 2437; x_wconf 83' lang='grc' dir='ltr'><strong><em>ην</em></strong></span> <span class='ocrx_word' id='word_1_183' title='bbox 1199 2359 1317 2433; x_wconf 81' lang='grc' dir='ltr'><strong><em>κυρια-</em></strong></span> 
     </span>
     <span class='ocr_line' id='line_1_23' title="bbox 216 2447 1318 2539; baseline -0.005 -20"><span class='ocrx_word' id='word_1_184' title='bbox 216 2455 271 2538; x_wconf 75' lang='grc' dir='ltr'><strong><em>κὴν</em></strong></span> <span class='ocrx_word' id='word_1_185' title='bbox 292 2453 308 2519; x_wconf 84' lang='grc' dir='ltr'><strong><em>ὅ</em></strong></span> <span class='ocrx_word' id='word_1_186' title='bbox 327 2451 625 2539; x_wconf 84' lang='grc' dir='ltr'><strong><em>χριστιανικύτατος</em></strong></span> <span class='ocrx_word' id='word_1_187' title='bbox 655 2447 722 2518; x_wconf 85' lang='grc' dir='ltr'><strong><em>οἶδε</em></strong></span> <span class='ocrx_word' id='word_1_188' title='bbox 757 2452 875 2529; x_wconf 86' lang='grc' dir='ltr'><strong><em>λυὸς’</em></strong></span> <span class='ocrx_word' id='word_1_189' title='bbox 861 2479 894 2518; x_wconf 88' lang='grc' dir='ltr'><strong><em>εκ</em></strong></span> <span class='ocrx_word' id='word_1_190' title='bbox 921 2462 978 2538; x_wconf 79' lang='grc' dir='ltr'><strong><em>τῆς</em></strong></span> <span class='ocrx_word' id='word_1_191' title='bbox 998 2455 1056 2518; x_wconf 82' lang='grc' dir='ltr'><strong><em>τού</em></strong></span> <span class='ocrx_word' id='word_1_192' title='bbox 1085 2457 1198 2536; x_wconf 88' lang='grc' dir='ltr'><strong><em>κυρίου</em></strong></span> <span class='ocrx_word' id='word_1_193' title='bbox 1228 2450 1318 2536; x_wconf 76' lang='grc' dir='ltr'><strong><em>ἡμων</em></strong></span> 
     </span>
     <span class='ocr_line' id='line_1_24' title="bbox 218 2544 1319 2639; baseline -0.002 -23"><span class='ocrx_word' id='word_1_194' title='bbox 218 2553 437 2638; x_wconf 84' lang='grc' dir='ltr'><strong><em>α’ναστάσεως,</em></strong></span> <span class='ocrx_word' id='word_1_195' title='bbox 462 2553 593 2632; x_wconf 76' lang='grc' dir='ltr'><strong><em>ἐκτάξας</em></strong></span> <span class='ocrx_word' id='word_1_196' title='bbox 622 2544 722 2639; x_wconf 83' lang='grc' dir='ltr'><strong><em>άμφω</em></strong></span> <span class='ocrx_word' id='word_1_197' title='bbox 755 2551 812 2629; x_wconf 85' lang='grc' dir='ltr'><strong><em>τάς</em></strong></span> <span class='ocrx_word' id='word_1_198' title='bbox 840 2551 992 2636; x_wconf 85' lang='grc' dir='ltr'><strong><em>δυνάμεις</em></strong></span> <span class='ocrx_word' id='word_1_199' title='bbox 1023 2553 1157 2638; x_wconf 81' lang='grc' dir='ltr'><strong><em>(άνῆλθε</em></strong></span> <span class='ocrx_word' id='word_1_200' title='bbox 1178 2549 1240 2638; x_wconf 77' lang='grc' dir='ltr'><strong><em>γάρ</em></strong></span> <span class='ocrx_word' id='word_1_201' title='bbox 1263 2548 1319 2616; x_wconf 84' lang='grc' dir='ltr'><strong><em>καὶ</em></strong></span> 
     </span>
    </p>
   </div>
   <div class='ocr_carea' id='block_1_9' title="bbox 219 2856 1319 3145">
    <p class='ocr_par' dir='ltr' id='par_1_10' title="bbox 219 2856 1319 3145">
     <span class='ocr_line' id='line_1_25' title="bbox 220 2856 1317 2931; baseline -0.002 -15"><span class='ocrx_word' id='word_1_202' title='bbox 220 2862 328 2916; x_wconf 77' lang='grc' dir='ltr'><strong><em>Ιτολοιιίλτ</em></strong></span> <span class='ocrx_word' id='word_1_203' title='bbox 348 2870 374 2916; x_wconf 88' lang='lat' dir='ltr'><strong><em>et</em></strong></span> <span class='ocrx_word' id='word_1_204' title='bbox 387 2861 565 2915; x_wconf 76' lang='lat' dir='ltr'><strong>aemulatione</strong></span> <span class='ocrx_word' id='word_1_205' title='bbox 584 2861 705 2916; x_wconf 84' lang='lat' dir='ltr'><strong>omnibus</strong></span> <span class='ocrx_word' id='word_1_206' title='bbox 724 2871 751 2914; x_wconf 88' lang='lat' dir='ltr'><strong><em>et</em></strong></span> <span class='ocrx_word' id='word_1_207' title='bbox 768 2863 954 2916; x_wconf 77' lang='lat' dir='ltr'><strong>aestimatione</strong></span> <span class='ocrx_word' id='word_1_208' title='bbox 970 2862 1066 2931; x_wconf 75' lang='lat' dir='ltr'><strong>dignus</strong></span> <span class='ocrx_word' id='word_1_209' title='bbox 1087 2856 1235 2916; x_wconf 87' lang='lat' dir='ltr'><strong>videba&#39;tur.</strong></span> <span class='ocrx_word' id='word_1_210' title='bbox 1257 2877 1317 2914; x_wconf 90' lang='lat' dir='ltr'><strong><em>cum</em></strong></span> 
     </span>
     <span class='ocr_line' id='line_1_26' title="bbox 219 2931 1319 3002; baseline -0.002 -16"><span class='ocrx_word' id='word_1_211' title='bbox 219 2943 307 2986; x_wconf 87' lang='lat' dir='ltr'><strong>autem</strong></span> <span class='ocrx_word' id='word_1_212' title='bbox 324 2931 470 3001; x_wconf 79' lang='lat' dir='ltr'><strong>imperandi</strong></span> <span class='ocrx_word' id='word_1_213' title='bbox 490 2935 595 2986; x_wconf 82' lang='lat' dir='ltr'><strong>fortuna</strong></span> <span class='ocrx_word' id='word_1_214' title='bbox 615 2935 718 2986; x_wconf 91' lang='lat' dir='ltr'><strong>incerta</strong></span> <span class='ocrx_word' id='word_1_215' title='bbox 732 2936 776 2997; x_wconf 92' lang='lat' dir='ltr'><strong>sit,</strong></span> <span class='ocrx_word' id='word_1_216' title='bbox 790 2940 928 2987; x_wconf 88' lang='lat' dir='ltr'><strong>accusatus</strong></span> <span class='ocrx_word' id='word_1_217' title='bbox 947 2942 974 2986; x_wconf 91' lang='lat' dir='ltr'><strong><em>et</em></strong></span> <span class='ocrx_word' id='word_1_218' title='bbox 991 2934 1035 2984; x_wconf 91' lang='lat' dir='ltr'><strong><em>bic</em></strong></span> <span class='ocrx_word' id='word_1_219' title='bbox 1052 2936 1128 3002; x_wconf 89' lang='lat' dir='ltr'><strong>quasi</strong></span> <span class='ocrx_word' id='word_1_220' title='bbox 1146 2935 1319 2985; x_wconf 83' lang='lat' dir='ltr'><strong>meditaretur</strong></span> 
     </span>
     <span class='ocr_line' id='line_1_27' title="bbox 219 3005 1318 3072; baseline -0.002 -15"><span class='ocrx_word' id='word_1_221' title='bbox 219 3006 339 3070; x_wconf 85' lang='lat' dir='ltr'><strong>insidias,</strong></span> <span class='ocrx_word' id='word_1_222' title='bbox 361 3005 451 3063; x_wconf 69' lang='lat' dir='ltr'><strong>exsilii</strong></span> <span class='ocrx_word' id='word_1_223' title='bbox 469 3007 556 3059; x_wconf 86' lang='lat' dir='ltr'><strong>statim</strong></span> <span class='ocrx_word' id='word_1_224' title='bbox 583 3015 609 3058; x_wconf 87' lang='lat' dir='ltr'><strong><em>et</em></strong></span> <span class='ocrx_word' id='word_1_225' title='bbox 626 3005 817 3072; x_wconf 83' lang='lat' dir='ltr'><strong>publicationis</strong></span> <span class='ocrx_word' id='word_1_226' title='bbox 841 3005 971 3059; x_wconf 86' lang='lat' dir='ltr'><strong>bonorum</strong></span> <span class='ocrx_word' id='word_1_227' title='bbox 992 3013 1019 3056; x_wconf 89' lang='lat' dir='ltr'><strong><em>et</em></strong></span> <span class='ocrx_word' id='word_1_228' title='bbox 1037 3014 1164 3058; x_wconf 79' lang='lat' dir='ltr'><strong>tonsurae</strong></span> <span class='ocrx_word' id='word_1_229' title='bbox 1181 3007 1318 3057; x_wconf 89' lang='lat' dir='ltr'><strong>damnatus</strong></span> 
     </span>
     <span class='ocr_line' id='line_1_28' title="bbox 221 3078 1319 3145; baseline -0.003 -17"><span class='ocrx_word' id='word_1_230' title='bbox 221 3085 276 3128; x_wconf 84' lang='lat' dir='ltr'><strong>cst:</strong></span> <span class='ocrx_word' id='word_1_231' title='bbox 290 3085 317 3127; x_wconf 82' lang='lat' dir='ltr'><strong><em>et</em></strong></span> <span class='ocrx_word' id='word_1_232' title='bbox 331 3093 365 3127; x_wconf 82' lang='lat' dir='ltr'><strong>ex</strong></span> <span class='ocrx_word' id='word_1_233' title='bbox 378 3078 609 3145; x_wconf 79' lang='lat' dir='ltr'><strong>propinquissimis</strong></span> <span class='ocrx_word' id='word_1_234' title='bbox 627 3079 653 3127; x_wconf 91' lang='lat' dir='ltr'><strong>ei</strong></span> <span class='ocrx_word' id='word_1_235' title='bbox 671 3093 749 3141; x_wconf 90' lang='lat' dir='ltr'><strong>unus,</strong></span> <span class='ocrx_word' id='word_1_236' title='bbox 766 3092 847 3144; x_wconf 83' lang='lat' dir='ltr'><strong>quem</strong></span> <span class='ocrx_word' id='word_1_237' title='bbox 867 3078 944 3128; x_wconf 89' lang='lat' dir='ltr'><strong>etiam</strong></span> <span class='ocrx_word' id='word_1_238' title='bbox 961 3079 1086 3143; x_wconf 88' lang='lat' dir='ltr'><strong>potentia</strong></span> <span class='ocrx_word' id='word_1_239' title='bbox 1102 3078 1240 3129; x_wconf 87' lang='lat' dir='ltr'><strong>induturus</strong></span> <span class='ocrx_word' id='word_1_240' title='bbox 1258 3091 1319 3127; x_wconf 89' lang='lat' dir='ltr'><strong>esse</strong></span> 
     </span>
    </p>
   </div>
   <div class='ocr_carea' id='block_1_10' title="bbox 219 3146 1385 3216">
    <p class='ocr_par' dir='ltr' id='par_1_11' title="bbox 219 3146 1385 3216">
     <span class='ocr_line' id='line_1_29' title="bbox 219 3146 1385 3216; baseline 0 -18"><span class='ocrx_word' id='word_1_241' title='bbox 219 3146 401 3212; x_wconf 85' lang='lat' dir='ltr'><strong>accusabatur,</strong></span> <span class='ocrx_word' id='word_1_242' title='bbox 425 3148 511 3200; x_wconf 86' lang='lat' dir='ltr'><strong>oculis</strong></span> <span class='ocrx_word' id='word_1_243' title='bbox 529 3165 587 3199; x_wconf 90' lang='lat' dir='ltr'><strong><em>cum</em></strong></span> <span class='ocrx_word' id='word_1_244' title='bbox 604 3150 696 3215; x_wconf 91' lang='lat' dir='ltr'><strong>paucis</strong></span> <span class='ocrx_word' id='word_1_245' title='bbox 718 3150 838 3215; x_wconf 85' lang='lat' dir='ltr'><strong>privatus</strong></span> <span class='ocrx_word' id='word_1_246' title='bbox 857 3157 905 3200; x_wconf 89' lang='lat' dir='ltr'><strong>est.</strong></span> <span class='ocrx_word' id='word_1_247' title='bbox 942 3148 1071 3200; x_wconf 89' lang='lat' dir='ltr'><strong>liberatus</strong></span> <span class='ocrx_word' id='word_1_248' title='bbox 1086 3149 1168 3216; x_wconf 76' lang='lat' dir='ltr'><strong>igitur</strong></span> <span class='ocrx_word' id='word_1_249' title='bbox 1183 3161 1231 3198; x_wconf 85' lang='lat' dir='ltr'><strong><em>rex</em></strong></span> <span class='ocrx_word' id='word_1_250' title='bbox 1246 3153 1319 3199; x_wconf 83' lang='lat' dir='ltr'><strong>tanta</strong></span> <span class='ocrx_word' id='word_1_251' title='bbox 1382 3186 1385 3190; x_wconf 80' lang='lat'>.</span> 
     </span>
    </p>
   </div>
   <div class='ocr_carea' id='block_1_11' title="bbox 220 3218 931 3272">
    <p class='ocr_par' dir='ltr' id='par_1_12' title="bbox 220 3218 931 3272">
     <span class='ocr_line' id='line_1_30' title="bbox 220 3218 931 3272; baseline 0.003 -4"><span class='ocrx_word' id='word_1_252' title='bbox 220 3233 284 3270; x_wconf 88' lang='lat' dir='ltr'><strong>cura</strong></span> <span class='ocrx_word' id='word_1_253' title='bbox 301 3220 329 3269; x_wconf 91' lang='lat' dir='ltr'><strong><em>in</em></strong></span> <span class='ocrx_word' id='word_1_254' title='bbox 347 3218 457 3270; x_wconf 90' lang='lat' dir='ltr'><strong>alteram</strong></span> <span class='ocrx_word' id='word_1_255' title='bbox 475 3235 565 3272; x_wconf 89' lang='lat' dir='ltr'><strong>rursus</strong></span> <span class='ocrx_word' id='word_1_256' title='bbox 584 3220 809 3272; x_wconf 86' lang='lat' dir='ltr'><strong>necessitudinem</strong></span> <span class='ocrx_word' id='word_1_257' title='bbox 830 3219 931 3271; x_wconf 87' lang='lat' dir='ltr'><strong>incidit.</strong></span> 
     </span>
    </p>
   </div>
   <div class='ocr_carea' id='block_1_12' title="bbox 319 3284 1393 3359">
    <p class='ocr_par' dir='ltr' id='par_1_13' title="bbox 319 3284 1393 3359">
     <span class='ocr_line' id='line_1_31' title="bbox 319 3284 1393 3359; baseline -0.003 -19"><span class='ocrx_word' id='word_1_258' title='bbox 319 3287 424 3340; x_wconf 89' lang='lat' dir='ltr'><strong>Bellum</strong></span> <span class='ocrx_word' id='word_1_259' title='bbox 445 3291 514 3342; x_wconf 84' lang='lat' dir='ltr'><strong>eninr</strong></span> <span class='ocrx_word' id='word_1_260' title='bbox 532 3293 703 3359; x_wconf 80' lang='lat' dir='ltr'><strong>peregrinum</strong></span> <span class='ocrx_word' id='word_1_261' title='bbox 726 3290 824 3342; x_wconf 87' lang='lat' dir='ltr'><strong>navale</strong></span> <span class='ocrx_word' id='word_1_262' title='bbox 840 3307 926 3359; x_wconf 86' lang='lat' dir='ltr'><strong>usque</strong></span> <span class='ocrx_word' id='word_1_263' title='bbox 950 3292 983 3342; x_wconf 89' lang='lat' dir='ltr'><strong>ad</strong></span> <span class='ocrx_word' id='word_1_264' title='bbox 1000 3288 1189 3356; x_wconf 85' lang='lat' dir='ltr'><strong>Propontidem</strong></span> <span class='ocrx_word' id='word_1_265' title='bbox 1207 3303 1319 3355; x_wconf 76' lang='lat' dir='ltr'><strong>regnum</strong></span> <span class='ocrx_word' id='word_1_266' title='bbox 1389 3284 1393 3292; x_wconf 85' lang='lat'>&#39;</span> 
     </span>
    </p>
   </div>
   <div class='ocr_carea' id='block_1_13' title="bbox 151 3360 1332 4137">
    <p class='ocr_par' dir='ltr' id='par_1_14' title="bbox 151 3360 1332 3858">
     <span class='ocr_line' id='line_1_32' title="bbox 151 3360 1318 3430; baseline -0.003 -18"><span class='ocrx_word' id='word_1_267' title='bbox 151 3376 163 3414; x_wconf 62' lang='grc' dir='ltr'><strong><em>κ</em></strong></span> <span class='ocrx_word' id='word_1_268' title='bbox 221 3360 373 3427; x_wconf 82' lang='lat' dir='ltr'><strong>occupavit,</strong></span> <span class='ocrx_word' id='word_1_269' title='bbox 402 3376 461 3412; x_wconf 88' lang='lat' dir='ltr'><strong><em>oum</em></strong></span> <span class='ocrx_word' id='word_1_270' title='bbox 485 3375 568 3412; x_wconf 85' lang='lat' dir='ltr'><strong>naves</strong></span> <span class='ocrx_word' id='word_1_271' title='bbox 593 3363 708 3414; x_wconf 81' lang='lat' dir='ltr'><strong>Rosicae</strong></span> <span class='ocrx_word' id='word_1_272' title='bbox 737 3363 795 3413; x_wconf 85' lang='lat' dir='ltr'><strong>fere</strong></span> <span class='ocrx_word' id='word_1_273' title='bbox 823 3363 1033 3430; x_wconf 77' lang='lat' dir='ltr'><strong>quadringentae</strong></span> <span class='ocrx_word' id='word_1_274' title='bbox 1057 3361 1084 3412; x_wconf 90' lang='lat' dir='ltr'><strong><em>id</em></strong></span> <span class='ocrx_word' id='word_1_275' title='bbox 1107 3361 1318 3428; x_wconf 80' lang='lat' dir='ltr'><strong>aggrederentur</strong></span> 
     </span>
     <span class='ocr_line' id='line_1_33' title="bbox 220 3430 1319 3499; baseline -0.003 -17"><span class='ocrx_word' id='word_1_276' title='bbox 220 3431 366 3484; x_wconf 73' lang='lat' dir='ltr'><strong>instructae</strong></span> <span class='ocrx_word' id='word_1_277' title='bbox 379 3432 458 3484; x_wconf 86' lang='lat' dir='ltr'><strong>armis</strong></span> <span class='ocrx_word' id='word_1_278' title='bbox 470 3439 497 3482; x_wconf 86' lang='lat' dir='ltr'><strong><em>et</em></strong></span> <span class='ocrx_word' id='word_1_279' title='bbox 515 3432 581 3484; x_wconf 90' lang='lat' dir='ltr'><strong>belli</strong></span> <span class='ocrx_word' id='word_1_280' title='bbox 601 3433 698 3499; x_wconf 85' lang='lat' dir='ltr'><strong>peritia</strong></span> <span class='ocrx_word' id='word_1_281' title='bbox 719 3441 747 3483; x_wconf 91' lang='lat' dir='ltr'><strong><em>et</em></strong></span> <span class='ocrx_word' id='word_1_282' title='bbox 766 3431 934 3484; x_wconf 82' lang='lat' dir='ltr'><strong>multitudine</strong></span> <span class='ocrx_word' id='word_1_283' title='bbox 955 3447 1056 3495; x_wconf 90' lang='lat' dir='ltr'><strong>eornm,</strong></span> <span class='ocrx_word' id='word_1_284' title='bbox 1076 3432 1167 3499; x_wconf 88' lang='lat' dir='ltr'><strong>quiin</strong></span> <span class='ocrx_word' id='word_1_285' title='bbox 1186 3431 1219 3481; x_wconf 85' lang='lat' dir='ltr'><strong><em>iis</em></strong></span> <span class='ocrx_word' id='word_1_286' title='bbox 1238 3430 1319 3481; x_wconf 84' lang='lat' dir='ltr'><strong>navi-</strong></span> 
     </span>
     <span class='ocr_line' id='line_1_34' title="bbox 221 3503 1318 3571; baseline -0.001 -17"><span class='ocrx_word' id='word_1_287' title='bbox 221 3511 334 3571; x_wconf 79' lang='lat' dir='ltr'><strong>garent:</strong></span> <span class='ocrx_word' id='word_1_288' title='bbox 355 3511 382 3554; x_wconf 89' lang='lat' dir='ltr'><strong><em>et</em></strong></span> <span class='ocrx_word' id='word_1_289' title='bbox 408 3503 523 3554; x_wconf 80' lang='lat' dir='ltr'><strong>obtinuit</strong></span> <span class='ocrx_word' id='word_1_290' title='bbox 543 3506 621 3554; x_wconf 86' lang='lat' dir='ltr'><strong>timor</strong></span> <span class='ocrx_word' id='word_1_291' title='bbox 640 3503 767 3569; x_wconf 78' lang='lat' dir='ltr'><strong>Byzantia</strong></span> <span class='ocrx_word' id='word_1_292' title='bbox 786 3503 878 3554; x_wconf 89' lang='lat' dir='ltr'><strong>urbem</strong></span> <span class='ocrx_word' id='word_1_293' title='bbox 901 3519 955 3554; x_wconf 93' lang='lat' dir='ltr'><strong><em>non</em></strong></span> <span class='ocrx_word' id='word_1_294' title='bbox 973 3503 1096 3554; x_wconf 89' lang='lat' dir='ltr'><strong>minimus</strong></span> <span class='ocrx_word' id='word_1_295' title='bbox 1117 3518 1176 3553; x_wconf 91' lang='lat' dir='ltr'><strong><em>cum</em></strong></span> <span class='ocrx_word' id='word_1_296' title='bbox 1197 3516 1251 3552; x_wconf 92' lang='lat' dir='ltr'><strong><em>non</em></strong></span> <span class='ocrx_word' id='word_1_297' title='bbox 1273 3516 1318 3553; x_wconf 87' lang='lat' dir='ltr'><strong>es-</strong></span> 
     </span>
     <span class='ocr_line' id='line_1_35' title="bbox 221 3572 1320 3642; baseline -0.005 -15"><span class='ocrx_word' id='word_1_298' title='bbox 221 3582 281 3627; x_wconf 78' lang='lat' dir='ltr'><strong>sent</strong></span> <span class='ocrx_word' id='word_1_299' title='bbox 297 3575 381 3640; x_wconf 88' lang='lat' dir='ltr'><strong>parati</strong></span> <span class='ocrx_word' id='word_1_300' title='bbox 394 3582 505 3642; x_wconf 90' lang='lat' dir='ltr'><strong>propter</strong></span> <span class='ocrx_word' id='word_1_301' title='bbox 522 3576 733 3641; x_wconf 82' lang='lat' dir='ltr'><strong>inexspectatum</strong></span> <span class='ocrx_word' id='word_1_302' title='bbox 754 3575 848 3640; x_wconf 88' lang='lat' dir='ltr'><strong>populi</strong></span> <span class='ocrx_word' id='word_1_303' title='bbox 861 3575 1011 3627; x_wconf 85' lang='lat' dir='ltr'><strong>adventum.</strong></span> <span class='ocrx_word' id='word_1_304' title='bbox 1050 3582 1139 3624; x_wconf 86' lang='lat' dir='ltr'><strong>tamen</strong></span> <span class='ocrx_word' id='word_1_305' title='bbox 1160 3587 1229 3640; x_wconf 90' lang='lat' dir='ltr'><strong>quae</strong></span> <span class='ocrx_word' id='word_1_306' title='bbox 1249 3572 1320 3622; x_wconf 85' lang='lat' dir='ltr'><strong>forte</strong></span> 
     </span>
     <span class='ocr_line' id='line_1_36' title="bbox 222 3643 1332 3728; baseline -0.003 -33"><span class='ocrx_word' id='word_1_307' title='bbox 222 3645 329 3696; x_wconf 78' lang='lat' dir='ltr'><strong>fortuna</strong></span> <span class='ocrx_word' id='word_1_308' title='bbox 346 3646 465 3710; x_wconf 87' lang='lat' dir='ltr'><strong>aderant,</strong></span> <span class='ocrx_word' id='word_1_309' title='bbox 484 3662 567 3698; x_wconf 89' lang='lat' dir='ltr'><strong>naves</strong></span> <span class='ocrx_word' id='word_1_310' title='bbox 588 3645 689 3728; x_wconf 38' lang='lat' dir='ltr'><strong>longas·</strong></span> <span class='ocrx_word' id='word_1_311' title='bbox 704 3653 732 3695; x_wconf 88' lang='lat' dir='ltr'><strong><em>et</em></strong></span> <span class='ocrx_word' id='word_1_312' title='bbox 750 3644 855 3713; x_wconf 87' lang='lat' dir='ltr'><strong>reliqua</strong></span> <span class='ocrx_word' id='word_1_313' title='bbox 877 3645 931 3696; x_wconf 87' lang='lat' dir='ltr'><strong>alia</strong></span> <span class='ocrx_word' id='word_1_314' title='bbox 950 3645 1059 3712; x_wconf 86' lang='lat' dir='ltr'><strong>navigia</strong></span> <span class='ocrx_word' id='word_1_315' title='bbox 1077 3643 1177 3696; x_wconf 90' lang='lat' dir='ltr'><strong>bellica</strong></span> <span class='ocrx_word' id='word_1_316' title='bbox 1194 3657 1242 3693; x_wconf 82' lang='lat' dir='ltr'><strong><em>rex</em></strong></span> <span class='ocrx_word' id='word_1_317' title='bbox 1261 3657 1332 3693; x_wconf 72' lang='lat' dir='ltr'><strong>cunm</strong></span> 
     </span>
     <span class='ocr_line' id='line_1_37' title="bbox 222 3716 1319 3800; baseline -0.003 -33"><span class='ocrx_word' id='word_1_318' title='bbox 222 3719 417 3800; x_wconf 88' lang='lat' dir='ltr'><strong>composuisset</strong></span> <span class='ocrx_word' id='word_1_319' title='bbox 434 3718 588 3783; x_wconf 88' lang='lat' dir='ltr'><strong>etpedestri</strong></span> <span class='ocrx_word' id='word_1_320' title='bbox 600 3717 721 3768; x_wconf 86' lang='lat' dir='ltr'><strong>exercitu</strong></span> <span class='ocrx_word' id='word_1_321' title='bbox 737 3717 827 3767; x_wconf 78' lang='lat' dir='ltr'><strong>vicina</strong></span> <span class='ocrx_word' id='word_1_322' title='bbox 846 3716 926 3768; x_wconf 88' lang='lat' dir='ltr'><strong>litora</strong></span> <span class='ocrx_word' id='word_1_323' title='bbox 943 3717 1072 3767; x_wconf 78' lang='lat' dir='ltr'><strong>firmasset</strong></span> <span class='ocrx_word' id='word_1_324' title='bbox 1092 3730 1205 3783; x_wconf 89' lang='lat' dir='ltr'><strong>cumque</strong></span> <span class='ocrx_word' id='word_1_325' title='bbox 1224 3728 1319 3764; x_wconf 87' lang='lat' dir='ltr'><strong>acces-</strong></span> 
     </span>
     <span class='ocr_line' id='line_1_38' title="bbox 221 3784 1320 3858; baseline -0.006 -17"><span class='ocrx_word' id='word_1_326' title='bbox 221 3788 323 3841; x_wconf 83' lang='lat' dir='ltr'><strong>sionem</strong></span> <span class='ocrx_word' id='word_1_327' title='bbox 338 3787 454 3855; x_wconf 89' lang='lat' dir='ltr'><strong>undique</strong></span> <span class='ocrx_word' id='word_1_328' title='bbox 467 3790 508 3839; x_wconf 85' lang='lat' dir='ltr'><strong><em>vis</em></strong></span> <span class='ocrx_word' id='word_1_329' title='bbox 519 3789 650 3855; x_wconf 86' lang='lat' dir='ltr'><strong>pedestris</strong></span> <span class='ocrx_word' id='word_1_330' title='bbox 671 3795 697 3838; x_wconf 87' lang='lat' dir='ltr'><strong><em>et</em></strong></span> <span class='ocrx_word' id='word_1_331' title='bbox 708 3786 812 3839; x_wconf 85' lang='lat' dir='ltr'><strong>navalis</strong></span> <span class='ocrx_word' id='word_1_332' title='bbox 825 3788 984 3858; x_wconf 88' lang='lat' dir='ltr'><strong>accepisset,</strong></span> <span class='ocrx_word' id='word_1_333' title='bbox 1003 3786 1088 3837; x_wconf 88' lang='lat' dir='ltr'><strong>literis</strong></span> <span class='ocrx_word' id='word_1_334' title='bbox 1107 3801 1176 3853; x_wconf 84' lang='lat' dir='ltr'><strong>quae</strong></span> <span class='ocrx_word' id='word_1_335' title='bbox 1194 3784 1320 3851; x_wconf 74' lang='lat' dir='ltr'><strong>divulga.</strong></span> 
     </span>
    </p>

    <p class='ocr_par' dir='ltr' id='par_1_15' title="bbox 221 3855 1321 4137">
     <span class='ocr_line' id='line_1_39' title="bbox 222 3855 1321 3939; baseline -0.002 -31"><span class='ocrx_word' id='word_1_336' title='bbox 222 3865 314 3909; x_wconf 89' lang='lat' dir='ltr'><strong>rentur</strong></span> <span class='ocrx_word' id='word_1_337' title='bbox 327 3857 354 3907; x_wconf 90' lang='lat' dir='ltr'><strong><em>in</em></strong></span> <span class='ocrx_word' id='word_1_338' title='bbox 365 3859 443 3939; x_wconf 80' lang='lat' dir='ltr'><strong>regni</strong></span> <span class='ocrx_word' id='word_1_339' title='bbox 455 3859 575 3923; x_wconf 84' lang='lat' dir='ltr'><strong>imperia,</strong></span> <span class='ocrx_word' id='word_1_340' title='bbox 589 3859 633 3910; x_wconf 90' lang='lat' dir='ltr'><strong>die</strong></span> <span class='ocrx_word' id='word_1_341' title='bbox 646 3859 731 3924; x_wconf 87' lang='lat' dir='ltr'><strong>primo</strong></span> <span class='ocrx_word' id='word_1_342' title='bbox 744 3858 922 3920; x_wconf 86' lang='lat' dir='ltr'><strong>hebdomadis,</strong></span> <span class='ocrx_word' id='word_1_343' title='bbox 934 3872 1012 3925; x_wconf 86' lang='lat' dir='ltr'><strong>quam</strong></span> <span class='ocrx_word' id='word_1_344' title='bbox 1024 3857 1182 3908; x_wconf 89' lang='lat' dir='ltr'><strong>dominicam</strong></span> <span class='ocrx_word' id='word_1_345' title='bbox 1194 3855 1321 3908; x_wconf 89' lang='lat' dir='ltr'><strong>christia-</strong></span> 
     </span>
     <span class='ocr_line' id='line_1_40' title="bbox 221 3927 1321 3995; baseline -0.004 -15"><span class='ocrx_word' id='word_1_346' title='bbox 221 3929 345 3980; x_wconf 89' lang='lat' dir='ltr'><strong>nissimus</strong></span> <span class='ocrx_word' id='word_1_347' title='bbox 369 3929 446 3979; x_wconf 88' lang='lat' dir='ltr'><strong>novit</strong></span> <span class='ocrx_word' id='word_1_348' title='bbox 466 3928 579 3993; x_wconf 86' lang='lat' dir='ltr'><strong>populus</strong></span> <span class='ocrx_word' id='word_1_349' title='bbox 602 3945 636 3979; x_wconf 86' lang='lat' dir='ltr'><strong>ex</strong></span> <span class='ocrx_word' id='word_1_350' title='bbox 660 3930 760 3981; x_wconf 90' lang='lat' dir='ltr'><strong>domini</strong></span> <span class='ocrx_word' id='word_1_351' title='bbox 779 3930 864 3980; x_wconf 88' lang='lat' dir='ltr'><strong>nostri</strong></span> <span class='ocrx_word' id='word_1_352' title='bbox 882 3929 1094 3992; x_wconf 88' lang='lat' dir='ltr'><strong>resurrectione,</strong></span> <span class='ocrx_word' id='word_1_353' title='bbox 1119 3935 1258 3995; x_wconf 86' lang='lat' dir='ltr'><strong>postquam</strong></span> <span class='ocrx_word' id='word_1_354' title='bbox 1276 3927 1321 3977; x_wconf 91' lang='lat' dir='ltr'><strong><em>in-</em></strong></span> 
     </span>
     <span class='ocr_line' id='line_1_41' title="bbox 222 3998 1320 4080; baseline -0.005 -29"><span class='ocrx_word' id='word_1_355' title='bbox 222 4001 319 4051; x_wconf 81' lang='lat' dir='ltr'><strong>struxit</strong></span> <span class='ocrx_word' id='word_1_356' title='bbox 336 3998 426 4049; x_wconf 89' lang='lat' dir='ltr'><strong>ambos</strong></span> <span class='ocrx_word' id='word_1_357' title='bbox 454 3999 606 4049; x_wconf 84' lang='lat' dir='ltr'><strong>exercitus:</strong></span> <span class='ocrx_word' id='word_1_358' title='bbox 627 3999 763 4064; x_wconf 82' lang='lat' dir='ltr'><strong>proiectus</strong></span> <span class='ocrx_word' id='word_1_359' title='bbox 788 4008 829 4068; x_wconf 83' lang='lat' dir='ltr'><strong><em>est</em></strong></span> <span class='ocrx_word' id='word_1_360' title='bbox 849 4000 919 4050; x_wconf 89' lang='lat' dir='ltr'><strong>enim</strong></span> <span class='ocrx_word' id='word_1_361' title='bbox 939 3999 1042 4080; x_wconf 86' lang='lat' dir='ltr'><strong>etipse</strong></span> <span class='ocrx_word' id='word_1_362' title='bbox 1061 3999 1214 4066; x_wconf 83' lang='lat' dir='ltr'><strong>cumregia</strong></span> <span class='ocrx_word' id='word_1_363' title='bbox 1233 4011 1320 4049; x_wconf 84' lang='lat' dir='ltr'><strong>nave:</strong></span> 
     </span>
     <span class='ocr_line' id='line_1_42' title="bbox 224 4067 1321 4137; baseline 0 -17"><span class='ocrx_word' id='word_1_364' title='bbox 224 4078 252 4121; x_wconf 90' lang='lat' dir='ltr'><strong><em>et</em></strong></span> <span class='ocrx_word' id='word_1_365' title='bbox 270 4085 317 4122; x_wconf 89' lang='lat' dir='ltr'><strong>eos</strong></span> <span class='ocrx_word' id='word_1_366' title='bbox 338 4069 481 4122; x_wconf 87' lang='lat' dir='ltr'><strong>clamorem</strong></span> <span class='ocrx_word' id='word_1_367' title='bbox 501 4067 629 4122; x_wconf 87' lang='lat' dir='ltr'><strong>bellicum</strong></span> <span class='ocrx_word' id='word_1_368' title='bbox 649 4071 729 4123; x_wconf 90' lang='lat' dir='ltr'><strong>edere</strong></span> <span class='ocrx_word' id='word_1_369' title='bbox 748 4071 840 4135; x_wconf 89' lang='lat' dir='ltr'><strong>iussit,</strong></span> <span class='ocrx_word' id='word_1_370' title='bbox 860 4071 1018 4137; x_wconf 88' lang='lat' dir='ltr'><strong>supervenit</strong></span> <span class='ocrx_word' id='word_1_371' title='bbox 1035 4068 1142 4136; x_wconf 88' lang='lat' dir='ltr'><strong>hostes,</strong></span> <span class='ocrx_word' id='word_1_372' title='bbox 1162 4071 1256 4136; x_wconf 78' lang='lat' dir='ltr'><strong>proras</strong></span> <span class='ocrx_word' id='word_1_373' title='bbox 1274 4083 1321 4120; x_wconf 86' lang='grc' dir='ltr'><strong><em>οτ-</em></strong></span> 
     </span>
    </p>
   </div>
   <div class='ocr_carea' id='block_1_14' title="bbox 0 0 1465 4734">
    <p class='ocr_par' dir='ltr' id='par_1_16' title="bbox 0 0 1465 4734">
     <span class='ocr_line' id='line_1_43' title="bbox 0 0 1465 4734; baseline 0 0"><span class='ocrx_word' id='word_1_374' title='bbox 0 0 1465 4734; x_wconf 95' lang='lat' dir='ltr'><strong><em> </em></strong></span> 
     </span>
    </p>
   </div>
  </div>
 </body>
</html>
