2875 4734
218 219 290 294 tto
507 210 727 286 miculmis
757 203 1016 284 lmlniorln

215 350 303 475 γετό)
323 386 499 470 κατεσχέθη
527 381 612 466 παρά
642 382 704 448 τῶν
727 368 868 499 α’γόντων
889 374 1005 455 ον’τόν,
1025 371 1084 449 ἓοος
1105 374 1140 439 du
1161 371 1322 453 βασιλέως

216 487 387 574 πρόσταξις
414 510 460 561 τις
491 485 691 570 ἐπιφοιτήσει
720 479 756 545 τό
786 484 928 565 ποιητέον
959 478 1048 561 περι
1063 469 1164 542 advos*
1191 467 1320 536 ἐπιτάτ-

217 613 327 655 τουσα.
354 576 480 651 ἀλλ’
460 609 533 669 ηκεν
554 585 689 668 ημόραις
704 576 834 665 ύσεερον
855 578 874 663 ἦ
895 577 1022 643 πάντων
1045 576 1250 699 άθηνεοτόρα
1264 596 1322 636 και

218 690 449 777 α’ποφημοτόρα
481 686 559 751 κατά
588 688 646 751 τού
666 684 706 750 τό
740 684 873 749 τοιαῦτα
902 674 1209 775 όεόυστνχηκότος’
1189 674 1321 759 οπύφα-

216 814 285 869 εις,
323 790 524 879 όιοριζομέννγ
552 784 627 863 τούς
652 782 845 872 ὀφθαλμούς
880 779 993 847 τούτου
1032 776 1212 862 παραυτίκα
1249 776 1320 838 dtu·
1330 778 1348 829 5

142 924 146 927 ·
218 892 363 976 ρυγῆναι.

323 993 364 1054 Τι’
384 988 459 1077 φής,
483 981 511 1053 d
531 991 668 1072 βασιλεύ
689 1012 742 1051 και
763 984 792 1050 οἱ
813 983 873 1051 σύν
898 1008 949 1050 σοι
971 1006 1029 1066 την
1051 983 1181 1046 α’νοσιάν
1201 975 1322 1063 βουλὴν

158 1144 164 1150 .
218 1090 542 1172 κατασκευασάμενοι.
594 1087 710 1172 άνόρός
742 1086 932 1172 ὀφθαλμούς
969 1085 1069 1169 μηδὲν
1100 1078 1321 1165 άόικὴσανιος,

220 1192 302 1258 οἶλλά
332 1190 389 1275 τὴν
417 1188 537 1256 ἑαυτοῦ
557 1186 668 1272 ψυχήν
695 1188 776 1272 ύπὲρ
808 1184 922 1271 πόσης
939 1187 996 1270 τῆς
1021 1184 1188 1263 Ῥωμαίων
1211 1182 1321 1263 εύετη-

220 1292 310 1378 ριάς,
337 1295 392 1357 trus*
424 1300 488 1367 τοῖς
522 1290 786 1372 πολεμικωτάτοις
812 1284 936 1352 ἔθνεσιν
966 1287 1216 1363 α’ντιταξαμένου
1238 1277 1319 1362 μετά
1331 1300 1368 1352 10

219 1396 374 1477 καρτεροῦ
390 1395 448 1457 sod
464 1391 694 1473 συντάγματος,
715 1386 785 1466 ἐξόν
798 1379 833 1452 όν
853 1387 938 1471 αύτῷ
952 1380 1125 1458 ἀκινδύνως
1137 1380 1211 1457 τοῖς
1222 1386 1322 1464 βασι-

219 1497 314 1570 λείοις
337 1496 524 1579 προσμένειν
542 1495 597 1556 κατ’
615 1486 864 1571 στρατιωτικούς
878 1488 994 1561 πόνους
1016 1482 1071 1548 καὶ
1093 1481 1215 1569 φόβους
1238 1484 1318 1545 α’πο.

220 1591 450 1674 τινόοσεσθαις
484 1590 603 1657 ἐκείνου
628 1579 666 1654 οἷν
687 1591 744 1653 καί
768 1586 824 1671 τὴν
858 1584 973 1670 άρειὴν
993 1589 1140 1667 πολέμιος
1161 1581 1322 1656 αἰδεσθεὶς
1373 1604 1380 1613 ·

220 1693 388 1777 ἠσπάσατό
411 1716 446 1758 τε
466 1695 600 1777 γνησάοος
627 1692 683 1755 κατ’
700 1688 801 1773 λόγων
823 1688 877 1753 καί
905 1683 989 1753 ἅλιόν
1009 1686 1052 1761 uic
1073 1686 1203 1771 α’όελφρό
1221 1706 1322 1764 μετα-

223 1794 356 1879 όόάοοκε,
389 1792 442 1858 κατ’
468 1796 643 1878 σύνθρονον
674 1789 731 1856 τόν
756 1786 961 1872 αἰχμάλωτον
993 1782 1181 1872 ἐποιήσατο,
1202 1782 1257 1847 καί
1279 1782 1377 1861 ὦςς5,

223 1893 381 1979 ἀγαθός
367 1894 476 1981 ιατρός
498 1895 667 1982 φάρμακον
701 1889 901 1958 α’κεσοόόυνον
923 1889 980 1966 τάς
1007 1885 1159 2011 τριαύτας
1180 1908 1322 2006 παρεγγρ-

166 2053 176 2061 ,
222 2000 295 2080 ριἀς
315 2021 358 2121 περ
384 1998 608 2083 φλεγμαίνοντι
626 1999 681 2078 τῆς
705 1993 806 2077 λύπης
829 1986 1031 2091 ἐπέθηκεν,
1012 1983 1094 2057 ders
1113 1991 1242 2064 όικαόιος
1264 1987 1322 2070 τὴν

222 2101 311 2183 νάκην
331 2098 384 2162 ὕπ’
420 2099 581 2184 detonsus
604 2100 669 2184 θεῷ
699 2092 853 2178 λαβεῖν
838 2118 853 2157 ο
878 2076 1050 2169 σουλτάνος
1072 2090 1323 2211 διαγινώσκεται,

179 2270 182 2274 7
222 2202 366 2274 τοιοῦτος
389 2198 596 2280 οἷποόειχθεός
618 2191 805 2279 ἅνθρωπος,
839 2219 891 2259 και
912 2196 1061 2259 τοσούτον
1085 2186 1175 2275 ὄγκον
1200 2186 1323 2276 φρονή-

199 2325 303 2379 ,σεως
324 2300 380 2367 καί
398 2302 595 2379 α’νεξικακιάς
627 2294 872 2379 ἐπιδειξάμενος.
926 2292 966 2360 σύ
993 2296 1028 2357 δὲ
1054 2292 1090 2358 τό
1106 2292 1323 2378 προστάττεις,
1332 2305 1368 2360 20

222 2393 251 2465 ια’
270 2406 426 2483 βασιλεύς
450 2401 707 2494 α’πορτερνγθῆναι
728 2401 784 2463 καί
803 2398 902 2463 αύτού
924 2399 981 2460 τού
1006 2392 1112 2481 φωτός
1132 2393 1187 2458 καὶ
1201 2396 1257 2478 τῆς
1270 2395 1322 2457 δε-

203 2503 357 2587 ’όομόνης
379 2504 467 2590 αύτῷ
489 2499 607 2565 θεόθεν
621 2501 691 2565 τεόν
718 2494 888 2582 όροομόνιον
916 2496 1135 2581 κατανοὴσεως
1156 2494 1227 2559 τόνα
1248 2496 1323 2559 τοῦ-

223 2622 277 2665 τον
288 2628 299 2684 ,·
321 2603 374 2669 τὸν
394 2597 583 2687 πατρόςέπί
602 2599 653 2667 σοι’
665 2600 780 2686 πρᾶξιν
799 2599 950 2685 εἰληφότα
969 2595 1023 2663 καί
1040 2596 1127 2686 νόμῳ
1146 2597 1201 2662 κατ’
1221 2594 1324 2680 πράγ-

225 2920 292 2975 rege
309 2904 460 2957 mundatum
478 2903 637 2969 deferretur,
656 2905 719 2973 quid
738 2905 766 2956 in
786 2920 846 2956 eum
863 2904 1013 2957 faciendum
1033 2910 1116 2969 esset,
1146 2904 1257 2960 iubens·
1276 2905 1323 2957 sed

225 2978 314 3030 deleta
333 2984 374 3029 est
393 2976 537 3029 nonnullis
548 2976 642 3030 diebus
660 2986 722 3044 post
738 2977 854 3028 omnium
877 2975 1059 3028 crudelissima
1087 2985 1114 3027 et
1138 2977 1324 3029 immanissime

224 3058 408 3114 contiacum,
427 3048 718 3117 quitalinpcrpessus
738 3056 804 3112 erat,
823 3047 985 3113 declaratio,
1014 3048 1164 3115 imperans,
1194 3058 1223 3101 ut
1251 3049 1324 3101 oculi

138 3126 144 3133 '
224 3122 304 3176 huius
323 3119 457 3188 extemplo
485 3109 672 3173 effoderentur.

247 3244 252 3251 .
326 3208 395 3271 Quid
414 3222 529 3271 censes,
558 3222 641 3259 orex
663 3217 690 3259 ct
715 3207 761 3275 qui
783 3216 870 3259 tecum
889 3208 997 3273 impium
1016 3206 1158 3259 consilium
1179 3214 1322 3273 pararunt:

226 3278 341 3329 hominis
359 3277 450 3340 oculi,
482 3279 528 3344 qni
545 3279 614 3329 nihil
643 3280 737 3331 iniusti
756 3278 883 3342 lecisset,
914 3279 961 3331 sed
980 3294 1053 3331 suum
1074 3280 1156 3330 vitam
1175 3292 1223 3344 pro
1254 3278 1322 3329 omni

226 3349 388 3401 Graecorum
410 3347 516 3400 fortune
534 3349 613 3416 idque
632 3350 823 3403 inimicissimis
843 3349 949 3417 populis
980 3350 1150 3418 opposuisset
1174 3365 1232 3401 cum
1250 3350 1323 3401 lirmo

227 3421 363 3483 exercitu3
383 3435 442 3471 cum
461 3419 487 3470 ei
506 3418 611 3484 liceret,
631 3423 689 3472 sine
708 3420 830 3487 periculo
849 3424 876 3471 in
894 3422 970 3489 regis
997 3437 1125 3485 munere,
1150 3428 1178 3473 et
1196 3420 1324 3473 militares

222 3491 332 3545 labores
353 3500 380 3544 et
399 3492 525 3543 horrores
545 3499 680 3556 excutere,
699 3492 783 3556 illius,
802 3493 878 3544 cuius
899 3494 977 3544 etiam
996 3494 1122 3545 virtutem
1147 3492 1231 3545 hostis
1249 3494 1324 3544 veri.

226 3571 268 3617 tus
289 3580 348 3615 cum
368 3563 508 3647 amplexus
527 3572 568 3616 est
589 3562 705 3628 sincere,
726 3572 753 3614 et
771 3579 908 3615 sermones
930 3572 957 3615 et
973 3580 1090 3615 mensam
1108 3572 1139 3614 nt
1157 3580 1216 3615 cum
1244 3566 1324 3615 fratre

226 3636 442 3700 communicavit,
462 3642 490 3687 et
505 3635 585 3704 regni
604 3643 756 3686 consortem
775 3636 908 3701 captivum
928 3636 1051 3699 reddidit,
1071 3641 1098 3686 ct
1117 3644 1240 3719 tanquam
1266 3650 1325 3685 me-

226 3707 301 3757 dicus
320 3707 405 3759 bonus
422 3708 581 3759 medicinam
601 3705 709 3759 dolores
734 3706 879 3757 lenientem
904 3703 970 3757 tulin
988 3706 1082 3759 solatia
1101 3708 1232 3760 aestuanti
1250 3720 1325 3757 moc-

225 3775 292 3827 rore'
307 3778 441 3843 imposuit,
460 3780 497 3830 itu
515 3787 545 3830 ut
573 3779 632 3830 iure
656 3778 795 3829 victorium
821 3778 870 3829 deo
899 3779 1017 3845 praemia
1043 3778 1205 3845 disponente
1230 3792 1327 3844 repor-

227 3855 299 3899 tusse
319 3847 439 3899 soltanus
455 3858 646 3927 cognoscatur,
663 3849 726 3901 telis
743 3849 893 3902 declaratus
914 3849 1003 3913 homo,
1024 3857 1051 3899 et
1078 3856 1177 3901 tuntum
1207 3850 1327 3919 gravitu-

227 3926 280 3971 tem
298 3920 394 3969 mentis
414 3926 440 3970 et
452 3913 598 3985 patientioe
619 3929 765 3975 ostentans.
785 3928 813 3972 tu
830 3935 906 3984 vero,
928 3921 1017 3988 quid
1010 3935 1134 3987 imperas,
1153 3938 1211 3986 rex,
1229 3921 1328 3987 utpri.

226 3998 306 4042 vetur
326 3997 353 4040 et
366 3990 425 4055 ipso
446 3991 505 4042 viro
526 4001 553 4044 et
571 3994 630 4045 (λιιι
650 3995 676 4044 ei
695 3994 823 4045 divinitus
841 3992 989 4044 videntium
1010 3994 1183 4060 cognitione,
1196 3994 1240 4044 hic
1260 4006 1328 4060 qun.

227 4061 277 4114 lis!
297 4061 342 4130 qui
361 4060 444 4128 putris
464 4069 510 4112 tuo
521 4078 590 4116 aevo
610 4067 748 4132 negotium
768 4064 917 4129 susceperit
936 4070 962 4115 et
983 4063 1045 4133 lege
1065 4073 1092 4117 et
1111 4064 1193 4129 lucto,
1208 4064 1329 4133 quireg-

225 4145 288 4198 num
308 4134 427 4187 emiserit
448 4141 475 4185 et
496 4133 544 4186 tibi
564 4134 616 4188 hoc
633 4137 798 4202 proiecerit,
829 4135 875 4203 qui
905 4150 938 4185 ex
962 4150 1079 4203 purpura
1103 4136 1224 4191 sordidus
1244 4135 1329 4187 luctus
