2875 4734
226 284 300 370 stt
447 335 453 339 -
532 291 752 361 urcslnme
781 282 1042 356 stramonia

216 468 381 539 ἐίαελθων
409 470 455 543 εἰς
485 488 543 547 την
570 460 828 544 βασιλεύουσαν,
860 459 922 543 πρὸ
952 460 1009 522 τοῦ
1030 480 1085 540 την
1119 454 1204 520 ἰδίαν
1226 451 1330 519 οἰκίαν

228 571 416 649 καταλαβεῖν
446 567 611 649 παρῆλθον
633 562 678 638 εἰς
701 561 739 625 τά
761 564 927 643 βασίλεια,
948 556 1002 621 καί
1034 581 1077 643 τῳ
1062 557 1247 640 λαγοθέτη
1269 558 1331 620 Νι.

227 668 355 756 κηφάριρ
385 665 464 750 πρὸς
493 660 605 746 λόγους
628 658 732 725 ε’λθάν
752 662 853 724 πάντα
873 658 913 723 τὰ
939 656 1181 777 συνενεχθέντα
1189 648 1332 737 προσήγ-

225 775 325 857 γειλα,
350 770 406 832 καί
425 767 461 830 τά
482 767 625 849 ποιητέον
648 760 738 847 edroi
759 762 1003 841 συνεβούλευσα,
1027 756 1081 821 κατ’
1100 780 1144 830 ως
1165 749 1213 819 ὅτι
1234 752 1332 835 τάχι-

148 943 151 948 ,
227 892 290 936 στα
311 892 376 954 χρη
398 866 454 951 την
474 887 507 930 τε
530 860 717 929 Ῥαιδεστδν
748 859 975 947 χρυσοβοάλλρι
1007 858 1088 945 λόγῳ
1109 854 1358 934 κατακοιμίσαιξ,

226 971 282 1035 καί
303 962 546 1090 φιλανθρώποις
580 960 761 1046 διξαάσεσιν
792 960 1035 1042 οικειάσαοθαι,
1065 955 1121 1019 καί
1154 950 1210 1028 τάς
1233 948 1331 1027 άλλας

225 1069 333 1144 πόλεις
355 1066 518 1147 ωσαάτως,
538 1087 591 1127 και
614 1059 649 1126 τὸ
667 1058 897 1144 στρατιωτικὸν
918 1057 948 1135 ἐς
969 1056 1085 1124 ταύτόν
1105 1059 1330 1138 συναθροίσαι,
1411 1093 1417 1099 »

226 1173 282 1233 κατ’
301 1169 488 1285 παραλυσαι
508 1163 647 1248 τὴντῶν
669 1166 825 1226 πλείστων
847 1161 925 1245 πρὸς
954 1158 1009 1224 τὸν
1030 1154 1209 1238 ἀποστάτην
1229 1146 1332 1219 συνά-

183 1345 187 1354 ¹
224 1273 370 1354 θροισιν·
415 1260 500 1350 άπῆν
521 1264 583 1349 γάρ
606 1262 652 1337 ἔτι
667 1266 722 1347 τῆς
741 1257 1035 1346 Ἀδριανουπάλεως
1057 1260 1095 1321 ου’
1113 1254 1229 1337 μικρὸν
1250 1248 1331 1319 ino-

225 1372 294 1449 θον,
316 1361 443 1433 διτταί
465 1367 509 1455 τῷ
530 1361 729 1451 Βασιλάκη,’
731 1365 775 1481 sfgr
799 1362 1006 1480 ἀποσταλέντι
1034 1361 1098 1442 μετ’
1124 1353 1219 1420 ου’τάν
1240 1354 1334 1417 donat
1341 1373 1373 1425 10

226 1472 434 1556 Δυρραχίου,
467 1461 662 1553 παρατυχών
691 1462 779 1540 ε’ντάς
799 1455 856 1527 τοῦ
887 1455 997 1537 οἷστεος
1018 1464 1074 1545 τῆς
1098 1455 1330 1537 Θεσσαλονίκης

731 1588 767 1627 ε·
822 1560 877 1627 καί
898 1562 986 1646 εἴπερ
1009 1561 1119 1639 δεξιῶς
1140 1564 1203 1630 τοϊς
1229 1555 1329 1638 πράγ·

226 1692 326 1752 μασιν
340 1690 356 1730 ο
347 1665 565 1740 “Βασιλάκιος
583 1688 625 1750 την
645 1663 714 1729 τότε
737 1660 904 1747 ἐχρήσατο,
923 1664 1185 1743 κατεπολέμησεν
1193 1647 1233 1719 άν
1252 1658 1330 1719 τοῦ-

127 1801 137 1816 1
226 1789 281 1835 τον
301 1763 336 1832 δν
358 1768 445 1854 άρχη
466 1790 522 1850 της
541 1764 748 1841 α’ποστάσεως
770 1762 958 1829 σαλεύοντα.
1003 1757 1019 1824 ὃ
1045 1763 1079 1824 δὲ
1101 1758 1309 1842 λογοθὲτης’
1294 1779 1329 1819 εν

226 1865 418 1950 μειδιάματι
445 1870 631 1948 ποιούμενος
667 1862 709 1928 τά
737 1866 813 1945 παρ’
848 1866 929 1944 ἐμοῦ
957 1861 1056 1949 τούτῳ
1084 1884 1164 1943 μετα
1155 1857 1372 1939 σπουδῆς15

228 1964 457 2087 τίσηγοάμενα,
489 1974 721 2050 μετεωρισμοις
749 1963 818 2029 τισί
839 1970 895 2031 καί
915 1963 1088 2046 άναβολαΐς
1110 1986 1149 2027 τα
1140 1959 1252 2043 μηδὲ
1270 1981 1331 2038 μι-

227 2069 308 2151 αρᾶς
342 2067 546 2149 άπερθέσεως
588 2054 722 2147 δεόμενα
755 2068 1006 2149 παραδέδωκεν,
1032 2068 1118 2185 imon,
1112 2064 1177 2127 ’τοῦ
1207 2056 1331 2134 πάθεος
1386 2075 1390 2085 ·

229 2169 478 2252 φλεγμαίνοντος
507 2192 565 2252 την
595 2164 784 2252 ίατρειαν’
768 2170 956 2252 επεχείρηοε
982 2161 1110 2249 new
1089 2184 1177 2249 εγνω
1198 2166 1234 2227 δὲ
1265 2158 1332 2241 μά-

228 2266 285 2351 την
306 2268 490 2351 παρακινοῦν
510 2264 551 2330 τά
566 2265 708 2350 άκίνητα.
731 2270 784 2331 καί
804 2263 876 2331 τότε
898 2268 997 2331 πάλιν.
1014 2263 1160 2352 ιἦσθάμην
1182 2263 1225 2340 ὥς
1246 2263 1331 2348 καλῷ

228 2364 266 2432 τά
289 2365 387 2431 κακὸν
408 2370 522 2433 ἰᾶσθαι
544 2366 642 2450 α’λίγοι
668 2368 732 2431 τάν
756 2367 891 2450 ἐννῆμῖν
916 2366 1095 2449 α’νθριάπων
1114 2364 1308 2448 δεδύνηνται.
1340 2370 1374 2426 20

329 2464 533 2548 Καταλαβάν
560 2462 619 2530 σίν
639 2468 684 2541 εἰς
707 2467 960 2551 Τραϊανοάπολιν
987 2462 1195 2548 άΒρυέννιος
1215 2485 1331 2543 συνην-

230 2561 315 2650 τὴθη
339 2565 427 2651 παρὰ
450 2569 508 2630 τοῦ
528 2569 672 2653 α’δελφοά
703 2572 758 2631 καί
776 2567 839 2630 τῶν
860 2568 1089 2651 συναραμένων
1112 2564 1195 2650 αὐτῷ
1218 2558 1330 2643 Φράγ-

228 2686 293 2750 γων
313 2669 370 2729 κατ’
389 2667 620 2732 Μακεδονικῶν
641 2664 860 2756 παρατάξεωνἸ
880 2667 1095 2752 παρήχθησαν
1117 2665 1147 2727 δ’
1168 2660 1255 2747 αάτῷ
1277 2664 1332 2725 κατ’

1219 2766 1241 2803 ο

231 2947 325 3007 urbem
343 2955 486 3017 antequam
509 2963 593 2999 meam
611 2948 715 3000 domum
732 2956 890 3017 assequutus
917 2963 983 3013 sum,
1001 2946 1106 3001 accessi
1123 2946 1157 3000 ad
1174 2947 1284 3029 regiam,
1305 2956 1332 3000 et

231 3036 293 3073 eum
309 3019 449 3090 logotheta
468 3018 621 3087 Nicephoro
641 3019 793 3073 collocutus
822 3020 909 3071 omnia
928 3026 1086 3089 quaegesta
1106 3027 1182 3071 erant
1200 3018 1330 3084 nuntiavi,

232 3091 346 3161 quidve
357 3092 508 3143 laciendum
536 3099 608 3143 esset
637 3092 662 3141 ei
680 3093 819 3159 persuasi,
847 3100 927 3159 atque
948 3106 1025 3158 quam
1046 3090 1188 3141 celerrime
1207 3096 1331 3156 oportere

230 3152 393 3215 llaedestum
416 3163 589 3229 imperatoria
615 3165 737 3214 oratione
761 3162 913 3218 demulcere
933 3170 960 3213 et
984 3161 1103 3215 humanis
1122 3159 1330 3213 allocutionibus

220 3232 389 3297 ,conciliare
410 3241 489 3301 atque
507 3241 611 3285 ceteras
628 3235 709 3284 urbes
726 3234 799 3299 item,
822 3242 848 3285 et
866 3234 1011 3285 exercitum
1029 3234 1057 3283 in
1076 3246 1155 3282 unum
1174 3231 1262 3282 locum
1280 3245 1329 3281 co.

231 3317 299 3370 gere
325 3311 353 3354 et
366 3303 516 3355 dissolvere
537 3300 709 3369 plurimorum
728 3306 760 3357 ad
779 3312 924 3372 apostatam
943 3310 1121 3357 conventum·
1150 3303 1242 3354 aberat
1260 3302 1330 3353 enim

233 3372 368 3425 aurnum
396 3374 428 3426 ab
452 3374 629 3440 Adrianopoli
654 3390 709 3425 non
736 3375 852 3442 paulum,
878 3375 981 3442 quando
1013 3375 1091 3425 etiam
1115 3388 1172 3424 cum
1196 3368 1329 3436 Basileus,

232 3444 278 3513 qul
297 3445 331 3496 ad
344 3461 403 3497 eurn
412 3446 506 3508 missus
527 3454 593 3509 erat,
612 3445 845 3513 δαείΙλγττλιοαΙιίὶ
872 3447 1036 3499 conueniens
1054 3447 1124 3496 intra
1141 3443 1231 3495 urbem
1244 3440 1330 3497 Thes-

231 3512 372 3571 talonicen
390 3516 449 3569 de
440 3517 554 3583 imperio
578 3517 648 3599 egit.
675 3525 755 3585 atque
774 3518 796 3567 si
820 3518 912 3569 dextre
930 3517 1009 3569 rebus
1028 3516 1177 3569 basilacius
1196 3523 1250 3567 tum
1267 3530 1330 3567 usus

232 3594 320 3651 esset,
338 3586 508 3640 debellasset
531 3586 634 3637 bunc
626 3603 654 3638 m
679 3588 811 3655 principio
837 3588 979 3641 seditionis
1003 3588 1053 3640 sibi
1082 3602 1135 3638 non
1157 3594 1328 3639 constantem

231 3657 281 3711 ted
297 3656 436 3725 logotheta
453 3659 510 3710 risu
527 3659 666 3724 excipiens
685 3674 754 3727 quae
773 3674 788 3710 a
804 3675 846 3710 me
866 3659 927 3711 huic
947 3660 1065 3712 studiose
1083 3658 1265 3720 narrabantur,
1285 3656 1330 3710 le-

231 3726 312 3778 vitati
329 3735 357 3778 et
374 3728 523 3780 dilatationi
546 3744 587 3793 ea,
610 3744 679 3797 quae
708 3745 743 3781 ne
761 3732 894 3784 minimam
913 3732 1020 3799 quidem
1039 3731 1235 3782 cunctationem
1253 3737 1330 3796 pate.

117 3784 132 3850 ¹.
231 3804 343 3861 rentur,
361 3798 482 3864 tradidit,
502 3802 588 3853 donec
604 3799 676 3852 malo
695 3800 823 3870 llagrante
848 3802 1004 3855 medicinam
1029 3803 1197 3867 experiretur
1217 3800 1330 3868 quidem,

233 3867 283 3921 ted
300 3866 465 3937 intelligeret
490 3888 521 3925 se
546 3872 643 3924 frustra
661 3889 771 3926 movere
799 3889 866 3941 quae
888 3876 991 3925 moveri
1014 3888 1068 3924 non
1095 3881 1232 3940 poterant:
1252 3880 1331 3939 atque

232 3945 290 4061 ullum
312 3952 403 4062 {ursus
417 3944 507 4006 sensi,
538 3958 639 4009 paucos
665 3944 855 3997 hodiernorum
879 3944 1015 3996 bominum
1034 3946 1128 3997 ualere
1152 3944 1248 3997 malunt
1266 3941 1331 4009 pul-

235 4025 252 4060 c
270 4024 300 4062 ro
328 4024 418 4062 auare

333 4100 479 4153 Assecntns
496 4114 562 4167 crgo
581 4101 753 4170 Trianopolin
770 4102 922 4169 Bryennius
948 4104 1066 4155 occurrit
1085 4105 1221 4157 ordinibus
1240 4102 1333 4156 fratris

236 4172 265 4217 et
280 4168 327 4235 qui
345 4184 404 4222 cam
431 4185 463 4223 eo
486 4178 658 4225 sumerennt
675 4173 839 4241 Frangorum
865 4182 891 4226 et
914 4173 1102 4229 Macedonum:
1126 4174 1209 4231 allata
1227 4183 1288 4230 sunt
1307 4176 1333 4227 ei
