2875 4734
231 335 278 408 oo
536 315 752 408 urouauus
781 339 1041 408 amarioris

230 504 327 588 μόνον
351 505 421 571 ἄλλ’
445 497 506 588 ἤδη
522 507 577 568 καί
598 511 661 580 τοῖς
682 503 870 590 βαρβάροις,
892 506 934 582 air
949 504 1040 592 μάχη
1056 503 1255 590 κεκρατηκιός
1276 489 1337 570 τόό
1430 544 1431 571 ι

231 609 420 690 κρατοῦντος
453 605 508 670 καί
542 605 693 695 φασγάνῳ
717 609 871 695 τοσαύτην
903 605 1007 690 α’ρχην
1030 605 1178 691 δυνηθείς
1196 605 1336 688 περιζώ-
1430 574 1431 669 λ

166 768 169 782 ,
230 711 361 772 σασθαι.
406 714 671 792 στηλογραφεῖται
695 710 730 772 δὲ
746 707 801 771 καί
819 709 1017 788 ἐσπασμένον
1039 704 1121 790 ἔχων
1144 707 1199 770 τόν
1222 706 1337 772 άκινά-
1428 692 1432 711 ⁴

229 834 286 894 κην
308 812 352 898 τῷ
372 812 483 897 κη’νσιρ,
503 812 558 872 καί
571 803 657 872 οότω
681 811 736 892 τῆς
756 812 926 890 βασιλείας,
941 812 996 872 καί
1009 812 1070 874 τάν
1089 810 1204 893 ταότης
1229 809 1336 891 άπάρ·
1430 814 1431 821 '

228 933 322 994 χεται
343 914 496 994 πράξεων.
550 912 732 996 φιλοτίμοις
755 902 811 972 σόν
834 907 908 985 roric
936 914 1176 992 συναραμένους
1197 913 1252 973 καί
1276 915 1360 973 συ-5

230 1012 504 1093 ναγωνισαμένους
544 1009 623 1091 πρὸς
655 1009 690 1072 τό
730 1007 923 1092 κατόρθωμα
955 1009 1116 1091 κοσμήσας
1143 1017 1249 1089 τιμαῖς
1284 1014 1339 1074 καί

232 1102 423 1196 φροντιστὰς
444 1108 579 1184 πολλοός
601 1114 664 1174 τῶν
685 1110 846 1192 δημοσίων
867 1110 1038 1197 ἀναδείξας
1061 1107 1234 1191 συλλόγων,
1255 1103 1338 1173 οόιω

145 1243 149 1253 ’
231 1212 286 1276 καί
296 1210 328 1275 τό
346 1209 516 1295 δημοτικόν
528 1215 583 1294 τῆς
596 1209 814 1295 προσηκούσης
825 1214 918 1295 τιμῆς
932 1213 1023 1288 άξιοῖ.
1037 1209 1103 1290 πρό
1112 1211 1147 1272 δέ
1160 1213 1223 1272 τοῖν
1234 1199 1339 1274 ἄλλων
1356 1227 1359 1236 “

231 1313 312 1374 πολό
333 1338 363 1377 τι
395 1316 497 1393 νέμων
519 1313 627 1388 αι’δοῦς
649 1315 691 1398 τῷ
720 1310 915 1399 πατριάρχη,
938 1308 992 1375 ἴσα
1014 1310 1069 1374 καί
1085 1312 1207 1392 πατέρα
1228 1306 1337 1391 ἐτίμα,

232 1410 286 1476 καί
312 1409 388 1487 τοός
416 1409 532 1477 τοόνου
561 1410 713 1495 άνειμιοδς
742 1420 810 1487 ταῖς
839 1411 977 1492 πριόταις
1004 1412 1105 1487 α’ξιάις
1130 1412 1183 1473 καί
1203 1409 1336 1492 πράξεσι
1347 1421 1379 1473 10
1431 1462 1433 1471 .

232 1517 459 1598 περιβλέπτους
480 1510 706 1594 άποδεδειχοός.
761 1515 816 1579 καί
848 1511 887 1575 τά
909 1520 972 1587 τοῖς
993 1516 1169 1594 βασιλικοῖς
1202 1512 1337 1585 δικαιόις

231 1610 391 1698 προσόντα
414 1609 501 1697 παρά
524 1615 586 1676 ταῖν
603 1612 772 1696 λερατικῶν
789 1615 897 1676 δίκαια
919 1616 961 1700 τῇ,
972 1611 1093 1699 μεγάλη
1114 1615 1259 1700 ἐκκλησίᾳ
1279 1637 1336 1675 κα-

232 1717 354 1797 θιεροῖ,
382 1719 436 1779 καί
465 1713 584 1779 τούτων
611 1715 777 1794 άλλοτριοῖ
792 1713 977 1779 παντάπασι
1010 1711 1044 1780 τό
1067 1711 1233 1795 παλάτιον,
1254 1709 1335 1778 odora

232 1812 307 1898 μήτ’
326 1817 379 1878 ἐπί
400 1818 456 1898 τῆς
481 1814 657 1896 οἰκονομίας
677 1815 757 1900 μητε
785 1819 839 1898 τῆς
862 1819 921 1879 τιόν
950 1813 1044 1900 ἱερῶν
1067 1819 1235 1900 κειμηλίων
1257 1839 1336 1899 προ-

233 1917 320 1989 νοιάς
349 1919 404 1980 καί
438 1916 632 1998 προστασίας
664 1913 752 1998 παρά
780 1921 938 1998 ’βασιλέως
965 1913 1033 1980 τινά
1062 1918 1335 2004 προχειρίζεσθαι,
1346 1927 1379 1978 15

235 2011 316 2078 άλλά
337 2018 391 2099 τῆς
408 2021 464 2080 τοῦ
487 2017 689 2098 πατριάρχου
703 2017 850 2094 ἐξουσίας
872 2018 1032 2101 ἠρτῆσθαι
1055 2020 1109 2080 καί
1127 2015 1184 2098 την
1203 2020 1336 2099 προχεί-
1428 2046 1433 2065 ι

192 2169 197 2177 a
235 2138 321 2199 ρισιν
343 2119 406 2178 τάν
427 2114 604 2200 προσιόπιον
625 2114 755 2201 κοίτην
784 2120 846 2180 τάν
871 2113 1064 2198 πραγμάτων
1088 2118 1250 2200 διοίκησιν.

337 2213 406 2280 Καί
427 2213 703 2300 καταστησάμενος
725 2244 741 2282 τ

235 2318 298 2384 τάν
326 2316 544 2410 ἀναλωμάτων
580 2321 638 2402 τῆς
660 2321 835 2401 ,βασιλείας
868 2317 924 2383 καί
957 2319 1016 2383 τοῦ
1058 2318 1247 2399 όψωνισμοό
1276 2324 1337 2384 τῶν

235 2420 440 2502 στρατιωτῶν
462 2422 607 2500 μέγεθος,
630 2422 685 2482 καί
705 2419 747 2494 οἷς
770 2421 901 2499 πόλεμοι
923 2416 1024 2508 τοότιρ
1055 2418 1235 2504 πρόκεινται
1258 2425 1381 2483 πολ-20

237 2517 295 2603 λην
317 2519 462 2604 δαπάνην
483 2522 667 2603 ἐφέλκοντες
698 2518 760 2596 διάΦ
783 2519 817 2583 τό
847 2517 921 2597 τοός
952 2522 1110 2594 ἐναντίους
1142 2523 1334 2602 κατισχάσαι

1430 2474 1434 2514 t

235 2619 290 2682 καί
309 2616 512 2701 πανταχόθεν
528 2617 777 2704 κατεπαίρεσθαι
794 2625 857 2685 τῶν
873 2616 1050 2702 Ῥωμαίων.
1094 2622 1148 2685 καί
1163 2621 1336 2705 χρημάτων

237 2719 368 2785 δεῖσθαι
398 2717 569 2803 σιωπήσας,
602 2719 734 2804 κοίτην
755 2720 877 2786 τούτων
909 2721 1062 2804 εδπορίαν
1095 2725 1242 2805 πλείστην
1263 2714 1337 2805 όσην
1431 2756 1434 2863 η

310 2871 350 2924 16.
370 2875 558 2946 προχείρησιν
578 2874 608 2929 O.

242 3047 447 3115 imperatorem,
475 3056 501 3100 et
520 3048 610 3118 gladio
637 3055 735 3100 tantum
761 3048 899 3115 imperium
918 3047 1048 3115 potuisset
1065 3047 1116 3099 sibi
1134 3047 1292 3114 accingere:
1312 3049 1339 3098 ia

238 3119 364 3171 columna
384 3120 537 3172 inscribitur
557 3121 635 3172 ctiam
652 3121 777 3172 nudatum
795 3119 895 3171 habens
916 3117 1031 3188 gladium
1050 3135 1066 3169 a
1084 3134 1174 3181 censu,
1187 3126 1213 3168 et
1231 3120 1268 3169 ita
1287 3120 1338 3173 im.

239 3192 342 3259 perium
363 3198 389 3240 et
409 3194 465 3243 eius
484 3209 527 3243 res
547 3194 658 3259 insipit:
679 3193 773 3258 amplis
791 3192 872 3258 igitur
893 3208 949 3256 eos,
970 3192 1012 3259 qui
1034 3192 1059 3241 ei
1079 3189 1199 3241 auxiliati
1220 3198 1294 3240 erant
1314 3199 1341 3240 et

239 3278 298 3313 cum
321 3277 353 3310 co
375 3271 543 3314 certaverant
562 3265 593 3314 ad
612 3280 666 3313 rem
686 3263 755 3314 bene
774 3263 917 3330 gerendam
937 3278 1033 3313 ornans
1053 3259 1208 3324 honoribus,
1229 3269 1255 3310 et
1273 3276 1339 3327 pro.

240 3341 377 3383 curatores
402 3333 499 3384 multos
525 3332 690 3399 publicorum
716 3337 858 3385 instituens
885 3343 1084 3396 conventuum,
1115 3334 1151 3383 ita
1177 3334 1255 3384 etiam
1284 3349 1339 3383 rem
1379 3395 1382 3401 1

238 3403 371 3471 publicam
398 3411 458 3468 apto
486 3404 587 3455 honore
613 3406 751 3472 dignatur:
771 3414 831 3456 ante
851 3415 954 3457 ceteros
973 3413 1061 3456 autem
1080 3404 1189 3455 multum
1210 3404 1271 3472 quid
1288 3405 1340 3454 tri.
1361 3426 1366 3432 ·

236 3476 321 3527 boens
341 3476 509 3527 reverentiae
528 3476 703 3543 patriarchae,
724 3492 810 3544 aeque
829 3493 859 3528 ae
878 3484 977 3544 patrem
993 3474 1138 3527 honorabat
1158 3491 1226 3538 eum,
1238 3484 1264 3525 et
1283 3477 1340 3525 eius

237 3548 332 3601 affines
358 3550 465 3599 summis
490 3548 662 3616 dignitatibus
688 3555 714 3597 et
733 3548 812 3600 rebus
838 3549 956 3599 illustres
981 3548 1111 3610 reddens,
1142 3554 1169 3596 et
1194 3552 1262 3614 quae
1280 3546 1339 3611 regi

239 3624 308 3682 iusta
328 3629 419 3672 essent
442 3636 474 3671 cx
493 3621 575 3671 saeris
593 3621 663 3670 iusta
682 3635 795 3686 maguae
814 3620 948 3671 eeclesiae
968 3620 1087 3680 dedicat,
1107 3625 1187 3684 atque
1208 3617 1248 3668 his
1268 3616 1339 3667 alie.

238 3700 283 3742 nat
302 3691 428 3757 palatium
448 3692 484 3742 ita
505 3700 534 3743 ut
551 3707 640 3758 nequo
660 3692 686 3740 in
706 3692 934 3743 administratione
953 3706 1040 3757 neque
1059 3689 1227 3754 providentia
1246 3702 1339 3738 sacro.

238 3776 296 3812 runt
325 3762 508 3814 thesaurorum
539 3771 565 3814 ct
589 3763 784 3831 gubernatione
810 3780 843 3813 ex
867 3764 950 3829 regiis
972 3764 1108 3830 qaisquam
1128 3759 1179 3808 hoc
1197 3767 1338 3820 tractaret,

240 3831 287 3882 sed
308 3847 341 3882 ex
359 3833 526 3898 patriarchae
539 3843 672 3902 potestate
687 3836 816 3902 penderet
835 3843 862 3884 et
881 3835 981 3884 creatio
998 3846 1169 3898 personarum
1189 3839 1216 3880 et
1226 3830 1339 3880 admini-

239 3903 331 3954 stratio
351 3920 446 3956 rerum.

284 3993 289 4006 ν
347 3974 380 4026 Et
398 3984 536 4043 postquam
563 3980 700 4030 constituit
727 3979 865 4045 imperium
885 3983 987 4044 spectat
1000 3976 1080 4026 etiam
1099 3983 1198 4025 sumtus
1217 3974 1294 4042 regni
1314 3981 1340 4021 et

240 4045 432 4112 stipendiorum
451 4048 563 4099 miiitum
583 4050 799 4117 magnitudinem,
812 4058 838 4100 et
856 4049 928 4099 belia
947 4048 1010 4098 huic
1019 4048 1119 4097 instare
1137 4045 1248 4095 muitum
1267 4060 1339 4095 surn-

240 4126 294 4168 tum
314 4118 466 4181 moventia,
487 4120 558 4186 quod
579 4119 668 4171 hostes
691 4121 774 4172 validi
795 4128 884 4172 essent
902 4127 928 4169 ct
944 4119 1061 4185 undique
1079 4124 1253 4185 assurgerent
1272 4130 1338 4165 eon.

241 4195 283 4237 tra
302 4188 436 4253 Graecos,
465 4206 564 4259 eosque
585 4191 754 4243 facultatibus
773 4206 866 4241 carere
885 4190 1097 4241 animadvertens
1118 4197 1145 4238 et
1165 4188 1259 4238 horum
1277 4188 1338 4235 ino-

224 4259 314 4326 tpiam
340 4261 476 4312 maximam
502 4263 684 4314 inevitabilem
708 4270 849 4329 reputans,
875 4262 966 4329 gravis
995 4261 1079 4313 factas
1107 4268 1147 4312 est
1167 4253 1359 4325 vectigalium'‘
