2875 4734
190 224 268 302 238
471 214 692 293 menimis
725 214 986 291 irrisionis

190 413 282 475 τητος
302 395 368 465 τοῖς
390 390 453 453 τῶν
484 382 631 452 ααοὶντων
655 393 779 469 ψυχαῖς
802 386 942 467 ἐγένετο,
964 381 1019 443 καί
1040 372 1234 459 παγκόσμιος
1256 362 1297 455 ἦν

191 492 309 574 πόθος,
342 488 397 555 καί
421 493 481 572 μιά
501 489 630 579 ηλῶορα
652 484 687 552 τὸ
711 488 827 572 στέφος
852 483 938 571 αὐτῷ
971 482 1014 568 τῷ
1038 478 1096 567 οῐῷ
1118 480 1172 561 τῆς
1195 478 1298 556 βασι-

192 595 279 668 λειάς
303 582 439 669 α’ξίωξ’
423 617 458 655 εκ
478 593 598 656 πολλοῦ
618 591 674 654 τοῦ
689 588 807 673 χρόνον
822 585 1070 701 ἐπιφημίζοοσα.
1112 581 1168 641 καί
1188 574 1298 656 οἱμὲν

183 695 310 769 εἰδότες
330 691 428 759 αὐτόν
458 697 513 759 καί
540 718 645 778 ακρως
674 692 879 776 ἐξησκημένοι
907 710 962 771 την
994 677 1094 767 ἄκραν
1116 679 1216 745 αὐτοῦ
1237 678 1299 741 ια’-

192 801 323 877 τοίᾙμιαν
345 818 377 859 τε
409 820 461 859 και
458 796 620 916 α’νθρίαν
639 797 695 858 καί
716 784 813 865 αοθις
832 786 926 853 πάλιν
960 783 1016 869 την
1039 779 1219 867 α’γαθότητα
1242 779 1326 845 καίὸ

193 901 418 961 πλοντοποιίαν
453 922 505 961 και
528 894 563 959 τὸ
593 896 695 979 πρᾶον
727 890 780 957 καί
801 887 835 955 ssi
870 884 1051 972 ὃμιλητικὸν
1085 882 1139 949 καί
1172 877 1299 948 οἶοτεΐον
1373 920 1380 939 .

194 994 248 1060 και
268 991 395 1079 εὔχαρι,
415 999 473 1083 ἀφ’
495 990 617 1064 ἐαοτῶν
643 989 730 1112 εἶχρν
758 988 813 1075 την
835 988 1034 1075 μαρτνρί,αν
1057 1008 1224 1071 κεχηνοτες
1247 980 1301 1046 αδέ

194 1122 247 1162 και
243 1099 312 1160 δι’
334 1100 434 1180 εὐχῆς
465 1096 647 1215 ποιούμενοι
670 1092 704 1159 τὸ
730 1096 785 1176 τῆς
817 1090 983 1173 βασιλείας
1006 1085 1108 1175 τούτῳ
1131 1085 1300 1170 περίοπτον

194 1199 309 1283 κράτος
322 1196 475 1264 ἔσεσθαι·
499 1221 528 1261 οι
519 1195 578 1261 δὲ
593 1224 637 1280 μη
629 1188 809 1271 εἶθότες’
788 1221 809 1317 η
827 1190 906 1277 πρὸς
924 1190 1026 1273 ὀλίγον
1042 1192 1283 1272 γινώσκοντες,ε
1268 1186 1302 1262 ἐξ

196 1301 292 1383 ἀκοῆς
310 1297 521 1383 τυγχάνοντες
543 1296 711 1418 ἐρασταί,
709 1320 745 1361 ον
749 1322 771 1379 7
790 1318 884 1417 ηττον
908 1295 1032 1357 ἐκείνων
1054 1290 1112 1373 την
1133 1288 1212 1372 ὑπὲρ
1238 1284 1303 1349 αὖ.
1313 1284 1350 1337 10

197 1403 254 1466 τοῦ
271 1397 454 1481 ἐπιθυμίαν
475 1402 531 1465 καί
549 1424 606 1483 την
622 1394 802 1464 διάθεσιν
788 1395 933 1481 ε’.τρεφον
979 1393 1022 1469 ὥς
1044 1391 1113 1455 d'‘
1094 1418 1112 1474 7
1137 1388 1227 1476 φήμη
1246 1390 1303 1471 τῆς

198 1502 297 1566 αὐτοῦ
320 1499 524 1586 ἀναρρήσεως
553 1499 610 1583 την
642 1502 793 1582 βασιλίδα
816 1502 991 1577 κατέλαβε,
1012 1496 1167 1576 μετέωροι
1187 1491 1303 1563 πάντες

197 1601 343 1685 γεγόνασι
354 1608 409 1667 καί
429 1606 594 1685 χαρμονῆς
617 1600 863 1684 ἐνεπλήσθησαν.
908 1595 963 1660 καί
982 1587 1020 1678 ἦν
1042 1598 1122 1661 ἰδεῖν
1144 1590 1219 1668 τούς
1242 1592 1304 1656 ἅν-

197 1698 349 1791 θροίπρος
383 1699 484 1781 πτερέ
513 1705 692 1782 περιθεῖναι
718 1694 860 1782 ἓαοτοῖς,
882 1699 912 1762 εί
933 1691 996 1763 οἷόν
1019 1720 1052 1761 τε
1075 1687 1123 1777 ἦν,
1144 1694 1304 1775 βουλομέ-

198 1824 289 1882 νους,
318 1805 375 1867 καί
394 1800 474 1888 πρὸς
498 1800 595 1867 auctr
617 1804 814 1884 είποιιτῆναι,
846 1802 901 1863 καί
936 1801 1060 1863 παίδων
1088 1797 1302 1859 ἐπιλαθέσθαι
1315 1798 1352 1851 15

201 1901 256 1967 καί
276 1904 435 1986 γυναικῶν
454 1906 509 1969 καί
529 1904 635 1968 αὐτῶν
655 1902 774 1967 οἰκιῶν.
817 1897 836 1964 ίί
858 1900 896 1984 37
919 1904 973 1964 καί
995 1901 1106 1963 πολλοί
1126 1898 1188 1961 τοῖν
1210 1896 1305 1958 α’στι-

202 2006 265 2068 κῶν
288 2006 508 2088 πεποιήκασιν.
566 1999 774 2087 α’λογησαντες
805 2003 865 2086 γοὶρ
895 2003 949 2067 καί
977 2001 1082 2087 φόβον
1105 1997 1229 2072 παντὸς·
1244 1997 1304 2060 τοῦ

202 2102 271 2169 τότε
294 2107 481 2188 κρατοῦντος
513 2107 559 2181 είς
588 2103 622 2167 τὸ
646 2101 823 2182 Βυζάντιον
846 2102 902 2167 καί
923 2100 1092 2183 τιμωρίας
1109 2102 1150 2165 ts'
1175 2100 1305 2176 αἳματος

204 2207 260 2271 καί
281 2206 400 2272 οὕσιοῖν
427 2210 483 2272 καί
509 2208 571 2273 των
591 2192 777 2287 τοῦγένους
811 2203 972 2290 φιλτάτων
994 2200 1050 2265 καί
1078 2204 1142 2265 τῶν
1162 2202 1197 2263 ἐν
1219 2201 1304 2284 μέσῳ

204 2310 265 2390 τῆς
281 2306 361 2371 ὁδοῦ
382 2304 498 2389 κόπων,
522 2305 577 2372 καί
598 2308 680 2390 μηδὲ
702 2309 764 2370 τῶν
785 2301 1045 2371 ὃδοσκοποιίντων
1060 2298 1115 2365 καί
1131 2302 1188 2383 ,τῆς
1211 2297 1354 2366 ὑπαί-20

206 2411 288 2491 θροο
315 2406 509 2492 κρατούντων
534 2409 686 2491 Τούρκων
709 2403 744 2470 ed
762 2408 883 2489 πλῆθος
900 2408 1073 2478 δείσαντες,
1096 2396 1211 2481 συχνοί
1232 2400 1309 2461 καθ’

207 2501 343 2591 ἑκάστην
364 2509 603 2591 ἅπηοτομόλουν
618 2505 696 2591 πρὸς
718 2506 827 2589 αιίτόν,
850 2508 981 2589 πρᾶγμα
995 2506 1070 2587 πρίν
1093 2504 1241 2585 γενέσθαι
1262 2495 1306 2581 μὴ

209 2606 440 2687 πιστευόμενον.
484 2610 610 2700 ortega>
638 2608 700 2692 γάρ
722 2606 792 2672 τινα
828 2631 877 2681 τις
897 2600 978 2670 εἶδεν
999 2600 1061 2668 α’πὸ
1084 2605 1139 2685 τῆς
1156 2606 1310 2683 βασιλευ-

286 2765 327 2820 14.
348 2770 375 2823 si
390 2783 434 2821 om
453 2769 482 2823 G.
558 2772 600 2825 15.
621 2767 709 2837 αὐτὴν
729 2768 891 2837 α’ποοτῆναι
909 2768 939 2823 G.

211 2913 378 2984 declarabat)
397 2914 497 2983 duplex
523 2932 598 2969 umor
616 2926 645 2969 et
663 2917 740 2970 favor
766 2917 792 2967 in
826 2917 940 2969 omnium
976 2915 1069 2967 animis
1103 2913 1253 2967 oriebatur:
1285 2920 1312 2967 et

212 2987 283 3037 omni
311 2988 408 3038 mundo
439 2996 497 3040 erut
517 2989 677 3042 desiderium
703 2998 792 3040 etuua
821 2997 947 3040 cratrox
966 3002 1091 3039 coronam
1110 2988 1135 3037 ei
1154 2985 1211 3037 filio
1233 2986 1311 3051 regni

136 3084 139 3088 ν
211 3057 292 3126 digne
313 3074 346 3109 ex
366 3060 449 3112 multo
468 3067 589 3127 tempore
610 3062 781 3127 portendens,
801 3066 879 3128 atquc
899 3061 945 3127 qui
965 3076 1023 3111 eum
1042 3066 1175 3110 noverant
1195 3056 1311 3109 etvalde

212 3137 364 3196 spectarunt
383 3134 440 3183 eius
461 3147 586 3183 summam
605 3134 742 3184 audaciam
762 3140 788 3182 ct
816 3131 996 3183 fortitudinem
1021 3146 1165 3197 rursusque
1193 3128 1311 3181 strenui.

212 3207 293 3253 tutem
312 3209 339 3252 et
356 3201 549 3270 benignitatem
571 3212 599 3255 et
617 3205 787 3256 clementiam
807 3212 832 3255 et
851 3205 1002 3254 comitatem
1029 3211 1055 3253 ct
1081 3201 1258 3255 urbanitatem
1287 3206 1313 3250 et

213 3273 338 3356 gratiam·
358 3288 392 3323 ex
411 3289 440 3325 se
461 3271 593 3341 habebunt
611 3276 807 3339 testimonium,
830 3277 968 3341 cupientes
988 3290 1092 3341 semper
1112 3282 1140 3323 ct
1156 3281 1309 3338 precantes,

213 3350 244 3393 ut
261 3344 340 3411 regni
359 3343 473 3395 illustris
492 3348 613 3411 potentia
632 3347 694 3397 huic
703 3347 905 3421 contingeret.
931 3348 950 3396 ii
974 3354 1071 3409 autem,
1097 3346 1141 3412 qui
1170 3359 1228 3393 cum
1259 3357 1313 3393 non

213 3422 347 3466 noverant
364 3423 410 3467 sut
427 3430 520 3482 parum
548 3418 679 3469 audiendo
714 3434 773 3469 eum
800 3427 994 3485 cognoscentes
1024 3433 1081 3467 eum
1110 3415 1239 3478 amabant,
1258 3425 1315 3463 non

214 3487 301 3537 miuus
321 3485 377 3539 iilis
399 3488 551 3554 cupidinem
581 3496 609 3539 ct
632 3491 834 3556 dispositionem
855 3506 918 3557 erga
938 3506 996 3540 eum
1015 3488 1131 3540 alebant.
1169 3501 1228 3536 cum
1246 3484 1315 3536 iarun

218 3559 274 3609 eius
293 3560 498 3612 renuntiationis
518 3560 610 3611 urbem
635 3570 811 3627 occupasset,
837 3561 900 3613 elati
928 3577 1019 3613 omncs
1046 3562 1153 3611 inerunt
1173 3565 1198 3609 ct
1219 3557 1314 3626 gaudio

216 3629 339 3695 impleti,
358 3633 439 3699 atque
458 3640 564 3698 poterat
582 3631 680 3700 aliquis
707 3633 802 3684 videre
827 3633 948 3685 homines
976 3632 1031 3684 alas
1057 3631 1107 3683 sibi
1127 3632 1149 3683 si
1170 3630 1229 3682 beri
1250 3643 1314 3696 pos-

217 3708 268 3763 set,
288 3702 451 3755 circumdare
470 3703 605 3767 volentes,
626 3713 652 3755 ct
675 3703 709 3756 ad
730 3720 787 3755 eum
806 3703 916 3757 avolare
938 3711 964 3755 et
981 3703 1126 3756 liberorum
1146 3701 1271 3754 oblivisci
1290 3707 1316 3751 st

218 3784 328 3821 uxorum
350 3781 376 3824 ct
394 3774 510 3840 ipsarum
530 3776 668 3827 domuum:
687 3776 713 3827 id
727 3776 798 3843 quod
819 3775 897 3827 etiam
916 3775 991 3826 multi
1013 3791 1046 3826 ex
1064 3774 1136 3825 urbis
1157 3772 1254 3826 incolis
1274 3771 1315 3823 is-

218 3849 321 3893 cerunt.
340 3858 429 3910 neque
448 3847 517 3896 enim
531 3848 662 3897 rationem
683 3846 810 3899 habentes
830 3848 915 3898 omnis
934 3848 1035 3899 timoris
1049 3854 1102 3898 tum
1121 3847 1149 3895 in
1161 3844 1316 3913 B7⁷mntium

219 3914 379 3965 dominantis
400 3923 427 3967 ct
446 3917 557 3967 ultionis
577 3919 706 3985 sangnine
727 3925 753 3969 et
770 3917 858 3981 bonis,
885 3926 911 3969 ct
929 3919 1042 3968 maxime
1063 3916 1230 3981 dilectorum,
1250 3928 1316 3983 quae

219 3987 326 4038 suntin
345 4000 457 4053 genere,
477 3987 643 4040 st·laborum
661 3989 706 4056 qui
734 3988 761 4038 in
786 3989 874 4040 medio
893 3991 990 4040 itinere
1010 3996 1084 4039 erant
1111 3988 1249 4051 subeundi,
1265 4000 1317 4035 ne-

219 4072 272 4125 que
292 4059 350 4111 vias
370 4059 575 4111 custodientium
595 4067 622 4110 et
641 4067 733 4126 aperta
759 4059 820 4111 locu
840 4062 986 4112 tenentium
1004 4059 1145 4113 Tuscorum
1170 4056 1318 4110 multitudi-

187 4159 190 4170 ι
219 4141 280 4178 uem
310 4136 460 4185 metuentes
488 4129 564 4182 multi
591 4132 710 4200 quotidie
736 4132 949 4202 transfugiebant
978 4130 1011 4185 ad
1030 4147 1106 4197 eum,
1127 4146 1196 4201 quae
1215 4128 1319 4201 quidem
