2875 4734
515 231 723 316 menenio.
849 185 856 198 „
1120 235 1169 313 tt·
1240 195 1243 200 ⁵

13 397 14 402 ἵ
68 412 204 492 νομένσυ
227 406 371 492 μείζονος
397 413 455 492 μέν
476 411 538 476 τόν
557 409 636 492 μετὰ
657 411 758 476 ταῦτα
779 411 928 492 συχνῶν,
950 403 1115 483 έλόττονος
1135 407 1170 474 δέ

70 515 133 577 rosi-
149 509 259 597 προόην
283 515 452 596 μεγίστου,
484 516 621 578 πέπονθε
643 515 761 578 πτῶσιν
781 511 801 596 ἦ
821 511 900 576 κατὰ
923 512 1083 578 Βιθυνίαν
1105 509 1170 574 Νέ-

69 637 147 678 καια
178 616 235 678 κατ’
268 615 492 695 πανωλεθρίαι
519 615 637 697 μικροῦ
663 615 729 678 δεῖν
753 614 808 676 κατ’
827 608 1053 697 καταστροφήν
1087 622 1290 679 παν-λλθὸτ.

69 715 154 796 τελή.
198 697 227 776 οἱ
258 710 320 795 χόρ
344 713 564 798 ἐπισημότατοι
591 710 705 798 ταότης
736 715 809 777 ναοέ
833 710 889 776 καί
916 712 1081 794 μέγιστοι,
1101 703 1121 772 ό
1143 712 1169 774 τ’

45 817 118 881 δότ’
141 810 272 895 σ’νόματι
308 797 365 896 τ’ής
397 815 457 878 soti
491 816 570 878 θεοό
598 811 689 897 λόγου
716 812 835 899 οοφέας
861 813 1098 896 καθιέρυμένος
1117 812 1173 876 κατ’

72 915 306 998 καθιερωμένος
329 915 367 1001 σή
395 913 587 999 μητροπόλει
608 918 663 980 κατ’
690 912 706 979 ό
728 916 805 979 τῶν·
822 912 921 997 αἰγέων
942 916 1096 997 πατέρων,
1118 908 1171 979 ἔι-

75 1021 179 1100 θαπερ
216 1013 236 1097 ή
257 1012 336 1079 κατὰ
359 1017 416 1080 τοῦ
435 1015 562 1100 Ἀρειόυ
583 1013 715 1092 σόνοόσς
742 1023 806 1091 τοῖς
825 1010 1015 1090 όστωτότοις
1036 1015 1092 1078 κατ’
1112 1011 1172 1097 σ’ρ-

6 1131 8 1150 *
72 1110 219 1194 θοδόξοις
239 1111 421 1202 έβεβαιοόθη
445 1115 682 1201 πατράσι,καί
709 1113 744 1182 τό
767 1111 948 1201 όρθότομον
970 1115 1171 1200 έπαρρησιό-

71 1219 135 1300 σθη
157 1213 212 1280 κατ’
233 1221 482 1302 τηλαυγέστερον
499 1219 590 1301 ἡλίου
612 1221 791 1300 διέλαμψε,
812 1218 1087 1302 συνταραχθέντες
1108 1239 1190 1296 xor

28 1317 334 1402 1οτηόαφέσθησαν·
366 1321 421 1382 κατ’
442 1317 481 1383 τό
502 1320 593 1404 τείχη
615 1320 677 1409 τῆς·
692 1316 805 1399 ὅμοιἀς
825 1312 924 1403 τόχης
942 1313 1008 1382 σόν
1026 1324 1089 1392 τοῖς
1110 1342 1170 1382 πσ-
1272 1364 1275 1369 ,

71 1421 201 1491 λιτικοῖς
225 1414 374 1503 οἰκήμασι
401 1415 627 1504 μετεσχήκασι.
672 1422 727 1484 κατ’
753 1415 807 1482 ἀπ’
836 1419 955 1502 έκεένης
974 1421 1029 1501 τῆς
1047 1417 1170 1504 ἠμέρας
1242 1444 1244 1448 ’

69 1517 107 1580 τα“
131 1519 188 1580 rosi
216 1517 333 1601 τρόμου
367 1525 540 1605 κατέληξεν.
585 1514 687 1587 Ἦσαν
722 1523 757 1585 δέ
786 1523 890 1586 ταῦτα
919 1521 976 1585 κατ’
1006 1515 1170 1599 ιῖσπραξις

71 1612 311 1702 ἁμαρτημάτων
338 1625 394 1686 κατ’
410 1619 504 1706 χόλος
528 1627 615 1699 θεῖος
644 1624 676 1701 ἐξ
701 1617 848 1699 ἅπαντας,
869 1620 1033 1710 η’νέττοντο
1057 1621 1104 1701 δέ,
1124 1618 1169 1694 ὥς

0 1746 1 1755 ¹
70 1713 162 1800 ἔοικε,
184 1723 241 1784 κατ’
259 1719 316 1806 τήν
335 1726 395 1788 τοῦ
424 1709 592 1809 εἰρημένου
621 1721 736 1800 ἔθνους
768 1722 970 1810 όπιφοέτησιν
990 1723 1046 1786 κατ’
1070 1715 1170 1787 κατά.

25 1825 177 1885 15λυοιν·
221 1824 255 1888 ἐν
272 1820 332 1908 γὰρ
353 1832 425 1900 ταῖς
445 1827 635 1910 θεοσημέπις
663 1827 744 1909 πρός
764 1831 831 1900 τοῖς
852 1827 1029 1910 εἰρημένοις
1061 1819 1121 1888 κατ’
1136 1845 1168 1888 τι

67 1923 184 2002 μέλλον
199 1923 377 2008 έπισκήψαι
395 1925 663 2012 προτεθεοόρηται.

170 2035 283 2098 Μαΐου
298 2035 334 2098 δέ
347 2033 447 2120 μηνός
460 2039 514 2120 τής
534 2034 562 2100 ὅ
584 2038 779 2114 ι’νδικτιοόυος
796 2035 1047 2111 ἐνόιιππεόοντος
1066 2034 1168 2123 ε’φοὶνη

69 2130 206 2217 κομήτης
227 2133 338 2218 α’στήρ,
361 2134 493 2200 κατόπιν
512 2139 571 2201 τοῦ
594 2139 685 2220 ήλιόυ
709 2135 838 2218 δόντος,
858 2133 895 2200 τό
915 2139 1051 2220 μέγεθος
1073 2140 1170 2222 οέλη-

67 2240 156 2295 ναῖον
171 2235 288 2318 φέρων,
309 2227 421 2318 όταυή
438 2234 550 2321 σελήνη
565 2238 749 2323 πλησιφαής
763 2240 903 2321 γένηται.
923 2239 980 2300 κατ’
1000 2234 1088 2324 ἐηόκει
1110 2240 1170 2317 μέν
1280 2321 1284 2326 .

20 2335 237 2414 Ωθιηνικαότα
269 2329 384 2398 καπνόν
413 2357 482 2400 τινα
520 2341 573 2402 καί
608 2336 744 2423 ὁμίχλην
777 2340 973 2418 έκπέμπειυ,
1006 2334 1039 2401 έν
1066 2337 1101 2400 δέ
1130 2339 1170 2424 τῇ

68 2430 202 2520 έπιοόση
225 2425 343 2518 ήρξατο
365 2438 610 2520 παραδεικνόειν
640 2437 840 2524 βοστρύχους
873 2435 980 2514 τινός·
1022 2438 1076 2500 καί
1094 2432 1170 2501 όσον

67 2522 158 2597 οὗτοι
177 2534 457 2623 προεπετάνυυυτο,
477 2541 622 2604 τοσοῦτον
642 2563 677 2604 το
701 2543 837 2625 μέγεθος
854 2544 910 2606 τοῦ
930 2540 1065 2627 α’στέρος
1088 2535 1169 2604 όπέ-

67 2639 169 2719 ληχευ.
213 2637 357 2704 α’τιέτεινε
379 2639 415 2705 δέ
437 2639 493 2716 τὰς
517 2635 644 2722 ἀκτῖνας
664 2643 708 2720 σός
730 2637 808 2731 πρός
836 2637 931 2727 idos,
950 2640 1007 2709 κατ’
1026 2639 1070 2723 τός
1090 2639 1170 2728 πρός

66 2988 160 3056 priore
185 2990 316 3055 maximo,
347 3007 434 3044 cusum
462 3009 539 3060 posse
557 3002 598 3048 est
613 2994 757 3059 Bithyniae
781 2993 844 3044 urbo
863 2992 962 3044 itiones
991 3000 1018 3043 et
1035 2992 1170 3044 interitum

67 3075 156 3127 paene
181 3069 207 3110 et
233 3064 400 3115 eversionem
428 3065 585 3118 absolutam.
623 3064 804 3115 illustrissime
833 3064 902 3112 enim
928 3063 1006 3113 huius
1025 3062 1124 3127 templo
1145 3072 1171 3114 et

66 3133 182 3182 maxima
207 3140 233 3182 et
258 3133 299 3197 id,
326 3137 396 3203 quod
415 3137 463 3188 sub
484 3137 591 3186 nomine
611 3135 759 3201 sapientiae
778 3134 887 3185 divinoe
905 3133 1018 3183 rationis
1035 3133 1170 3184 conditum

69 3210 112 3253 est
131 3211 158 3252 et
176 3212 305 3256 secretum
323 3206 383 3257 urbi
403 3205 528 3271 capitali,
549 3213 576 3256 et
593 3205 721 3272 templum
738 3213 890 3256 sanctorum
901 3211 1023 3270 petrum,
1037 3202 1083 3254 ubi
1102 3218 1170 3254 con.

70 3273 160 3325 silium
180 3283 272 3326 eontra
291 3278 384 3330 Arium
403 3290 418 3325 α
438 3276 563 3341 piissimis
584 3285 610 3327 et
620 3276 775 3328 orthodoxis
794 3276 976 3328 confirmatum
993 3283 1035 3326 est
1052 3275 1171 3341 patribus

70 3354 97 3396 et
119 3360 183 3396 vera
202 3347 267 3400 fides
286 3349 373 3399 libere
391 3346 538 3398 deliberato
559 3355 599 3399 est
620 3356 646 3398 et
673 3348 771 3400 clarius
795 3347 855 3400 soie
879 3347 1029 3414 splenduit,
1059 3357 1170 3398 oontnr-
1225 3345 1230 3350 ’

69 3417 133 3468 hoto
157 3417 261 3470 deiecta
287 3426 349 3470 sunt
374 3418 529 3470 etmoenio
549 3420 666 3471 eiusdem
686 3420 809 3471 fortunae
829 3435 889 3470 eum
906 3419 1023 3470 civitatis
1041 3419 1171 3470 aedificiis

69 3489 213 3556 participia
239 3489 348 3540 iuerunt
373 3496 400 3539 et
422 3489 484 3539 inde
510 3490 542 3540 ab
567 3489 616 3541 illo
644 3491 687 3542 die
715 3492 837 3542 tremitus
863 3491 951 3543 desiit.
990 3496 1066 3540 erent
1083 3497 1171 3538 nutem

70 3559 137 3610 haec
158 3567 184 3610 et
204 3561 309 3610 exactio
329 3569 496 3627 peccatorum
518 3570 544 3612 et
562 3562 602 3611 ira
623 3563 714 3613 divine
734 3563 856 3613 omnino:
877 3569 904 3613 et
922 3558 1123 3628 significabunt,
1143 3565 1172 3607 ut

70 3638 191 3698 apparet,
213 3637 239 3679 ot
257 3631 350 3697 popuii
371 3633 567 3684 commemorati
586 3633 728 3685 adventum
744 3642 770 3683 et
788 3633 997 3699 dissipationem.
1035 3629 1062 3677 in
1073 3629 1171 3679 divinis

70 3702 139 3753 enim
165 3700 249 3768 signis
276 3712 382 3768 praeter
412 3712 614 3755 commemorota
639 3706 718 3772 etiam
752 3705 868 3755 futurum
897 3699 999 3766 aliquid
1031 3715 1171 3766 erumpere

68 3780 146 3824 antea
165 3773 358 3826 consideratum
386 3783 436 3827 est.

169 3871 239 3924 Maio
258 3877 346 3921 nutem
363 3882 455 3924 mense
474 3874 647 3924 indictionem
666 3871 701 3942 ly
721 3871 909 3938 perequitante
927 3868 1050 3934 oppomit
1069 3875 1171 3919 comete

68 3949 129 4007 post
148 3942 232 3994 solem
252 3943 416 3992 occidentem
435 3944 642 4012 magnitudinem
657 3943 743 3992 inune
761 3939 873 4002 hebens,
893 3938 997 4007 quando
1016 3938 1080 3988 luno
1091 3938 1172 4004 pleno

68 4011 169 4086 iumine
196 4023 253 4077 est,
283 4020 309 4064 et
336 4014 475 4067 videbatur
500 4024 554 4066 tum
580 4015 678 4065 fumum
703 4013 832 4080 quendem
852 4019 879 4061 et
897 4009 1022 4062 nebuiem
1041 4010 1177 4081 emittere3·

16 4143 24 4156 Ι
68 4091 180 4150 postero
200 4093 287 4136 nutem
307 4083 350 4135 die
371 4087 461 4152 coepit
485 4087 626 4138 ostendere
647 4086 759 4137 crinium
780 4083 875 4136 enudus
894 4083 1028 4152 quosdam,
1042 4087 1070 4129 et
1084 4090 1173 4144 'quen-

67 4162 124 4206 tnm
144 4155 194 4209 ime
214 4156 436 4223 extendebantur,
457 4167 556 4215 tontum
573 4157 726 4226 magnitudo
741 4155 838 4209 stellae
852 4154 1007 4208 deiciebntz
1019 4146 1174 4219 porrigebat
