<?xml version="1.0" encoding="UTF-8"?>
<!DOCTYPE html PUBLIC "-//W3C//DTD XHTML 1.0 Transitional//EN"
    "http://www.w3.org/TR/xhtml1/DTD/xhtml1-transitional.dtd">
<html xmlns="http://www.w3.org/1999/xhtml" xml:lang="en" lang="en">
 <head>
  <title>
</title>
<meta http-equiv="Content-Type" content="text/html;charset=utf-8" />
  <meta name='ocr-system' content='tesseract 3.04.00' />
  <meta name='ocr-capabilities' content='ocr_page ocr_carea ocr_par ocr_line ocrx_word'/>
</head>
<body>
  <div class='ocr_page' id='page_1' title='image "./corpusscriptoru05theogoog/corpusscriptoru05theogoog_0287.png"; bbox 0 0 2875 4734; ppageno 0'>
   <div class='ocr_carea' id='block_1_1' title="bbox 580 223 1233 307">
    <p class='ocr_par' dir='ltr' id='par_1_1' title="bbox 580 223 1233 307">
     <span class='ocr_line' id='line_1_1' title="bbox 580 223 1233 307; baseline 0 -2"><span class='ocrx_word' id='word_1_1' title='bbox 580 223 788 307; x_wconf 73' lang='lat' dir='ltr'>buroam.</span> <span class='ocrx_word' id='word_1_2' title='bbox 1158 225 1233 305; x_wconf 79' lang='lat' dir='ltr'>tot</span> 
     </span>
    </p>
   </div>
   <div class='ocr_carea' id='block_1_2' title="bbox 51 390 1355 2398">
    <p class='ocr_par' dir='ltr' id='par_1_2' title="bbox 51 390 1355 2398">
     <span class='ocr_line' id='line_1_2' title="bbox 135 390 1233 483; baseline 0.003 -26"><span class='ocrx_word' id='word_1_3' title='bbox 135 392 230 479; x_wconf 86' lang='grc' dir='ltr'><strong><em>ούσης</em></strong></span> <span class='ocrx_word' id='word_1_4' title='bbox 251 400 296 472; x_wconf 81' lang='grc' dir='ltr'><strong><em>εἰς</em></strong></span> <span class='ocrx_word' id='word_1_5' title='bbox 318 391 475 482; x_wconf 70' lang='grc' dir='ltr'><strong><em>ἐπαρχίαν</em></strong></span> <span class='ocrx_word' id='word_1_6' title='bbox 508 402 706 483; x_wconf 79' lang='grc' dir='ltr'><strong><em>προσρυέντα</em></strong></span> <span class='ocrx_word' id='word_1_7' title='bbox 725 402 788 465; x_wconf 82' lang='grc' dir='ltr'><strong><em>τινί</em></strong></span> <span class='ocrx_word' id='word_1_8' title='bbox 818 397 999 481; x_wconf 85' lang='grc' dir='ltr'><strong><em>ἀντόραντι,</em></strong></span> <span class='ocrx_word' id='word_1_9' title='bbox 1021 397 1076 463; x_wconf 82' lang='grc' dir='ltr'>καί</span> <span class='ocrx_word' id='word_1_10' title='bbox 1096 393 1164 463; x_wconf 78' lang='grc' dir='ltr'><strong><em>τότε</em></strong></span> <span class='ocrx_word' id='word_1_11' title='bbox 1183 390 1233 461; x_wconf 80' lang='grc' dir='ltr'><strong><em>ὅτε</em></strong></span> 
     </span>
     <span class='ocr_line' id='line_1_3' title="bbox 132 496 1232 583; baseline 0 -23"><span class='ocrx_word' id='word_1_12' title='bbox 132 498 214 581; x_wconf 78' lang='grc' dir='ltr'><strong><em>μηδὲ</em></strong></span> <span class='ocrx_word' id='word_1_13' title='bbox 246 501 389 579; x_wconf 82' lang='grc' dir='ltr'><strong><em>πολέμιοι</em></strong></span> <span class='ocrx_word' id='word_1_14' title='bbox 423 498 480 583; x_wconf 64' lang='grc' dir='ltr'>τὴν</span> <span class='ocrx_word' id='word_1_15' title='bbox 509 503 616 565; x_wconf 83' lang='grc' dir='ltr'><strong><em>πᾶσαν</em></strong></span> <span class='ocrx_word' id='word_1_16' title='bbox 647 500 758 583; x_wconf 78' lang='grc' dir='ltr'><strong><em>χώραν</em></strong></span> <span class='ocrx_word' id='word_1_17' title='bbox 788 508 933 582; x_wconf 80' lang='grc' dir='ltr'><strong><em>κατεῖχον</em></strong></span> <span class='ocrx_word' id='word_1_18' title='bbox 963 500 1017 562; x_wconf 85' lang='grc' dir='ltr'>καί</span> <span class='ocrx_word' id='word_1_19' title='bbox 1048 505 1115 575; x_wconf 81' lang='grc' dir='ltr'><strong><em>ταῖς</em></strong></span> <span class='ocrx_word' id='word_1_20' title='bbox 1146 496 1232 571; x_wconf 84' lang='grc' dir='ltr'><strong><em>όδυῖς</em></strong></span> 
     </span>
     <span class='ocr_line' id='line_1_4' title="bbox 133 595 1232 685; baseline 0 -22"><span class='ocrx_word' id='word_1_21' title='bbox 133 598 273 673; x_wconf 81' lang='grc' dir='ltr'><strong><em>άπάσαις</em></strong></span> <span class='ocrx_word' id='word_1_22' title='bbox 294 598 482 685; x_wconf 71' lang='grc' dir='ltr'><strong><em>ἐφήδρευον,</em></strong></span> <span class='ocrx_word' id='word_1_23' title='bbox 499 604 620 682; x_wconf 84' lang='grc' dir='ltr'><strong><em>μᾶλλον</em></strong></span> <span class='ocrx_word' id='word_1_24' title='bbox 635 604 670 665; x_wconf 85' lang='grc' dir='ltr'>δὲ</span> <span class='ocrx_word' id='word_1_25' title='bbox 694 595 751 665; x_wconf 85' lang='grc' dir='ltr'>ἀπ’</span> <span class='ocrx_word' id='word_1_26' title='bbox 772 603 898 665; x_wconf 78' lang='grc' dir='ltr'><strong><em>ἐκείνων</em></strong></span> <span class='ocrx_word' id='word_1_27' title='bbox 920 602 964 675; x_wconf 83' lang='grc' dir='ltr'><strong><em>εἰς</em></strong></span> <span class='ocrx_word' id='word_1_28' title='bbox 979 596 1052 675; x_wconf 88' lang='grc' dir='ltr'><strong><em>τοδς</em></strong></span> <span class='ocrx_word' id='word_1_29' title='bbox 1074 597 1154 663; x_wconf 82' lang='grc' dir='ltr'><strong><em>κατά</em></strong></span> <span class='ocrx_word' id='word_1_30' title='bbox 1177 595 1232 683; x_wconf 80' lang='grc' dir='ltr'><strong><em>τήν</em></strong></span> 
     </span>
     <span class='ocr_line' id='line_1_5' title="bbox 131 688 1322 785; baseline 0 -21"><span class='ocrx_word' id='word_1_31' title='bbox 131 699 283 780; x_wconf 76' lang='grc' dir='ltr'>βασιλίδα</span> <span class='ocrx_word' id='word_1_32' title='bbox 303 702 497 781; x_wconf 78' lang='grc' dir='ltr'><strong><em>κρατοῦντας</em></strong></span> <span class='ocrx_word' id='word_1_33' title='bbox 518 700 653 778; x_wconf 79' lang='grc' dir='ltr'><strong><em>πολλούς</em></strong></span> <span class='ocrx_word' id='word_1_34' title='bbox 677 703 868 785; x_wconf 80' lang='grc' dir='ltr'><strong><em>εἰσρέοντας,</em></strong></span> <span class='ocrx_word' id='word_1_35' title='bbox 910 704 966 765; x_wconf 84' lang='grc' dir='ltr'>νόν</span> <span class='ocrx_word' id='word_1_36' title='bbox 987 702 1023 765; x_wconf 80' lang='grc' dir='ltr'>δὲ</span> <span class='ocrx_word' id='word_1_37' title='bbox 1045 690 1112 764; x_wconf 80' lang='grc' dir='ltr'><strong><em>ἀνω</em></strong></span> <span class='ocrx_word' id='word_1_38' title='bbox 1135 724 1233 764; x_wconf 86' lang='grc' dir='ltr'><strong><em>ποτα·</em></strong></span> <span class='ocrx_word' id='word_1_39' title='bbox 1318 688 1322 701; x_wconf 58' lang='grc'><em>’</em></span> 
     </span>
     <span class='ocr_line' id='line_1_6' title="bbox 106 790 1233 887; baseline 0.002 -26"><span class='ocrx_word' id='word_1_40' title='bbox 106 804 189 881; x_wconf 76' lang='grc' dir='ltr'><strong><em>ὅμοι’</em></strong></span> <span class='ocrx_word' id='word_1_41' title='bbox 208 798 243 864; x_wconf 91' lang='grc' dir='ltr'><strong><em>τό</em></strong></span> <span class='ocrx_word' id='word_1_42' title='bbox 264 803 396 883; x_wconf 83' lang='grc' dir='ltr'><strong><em>πρᾶγμα</em></strong></span> <span class='ocrx_word' id='word_1_43' title='bbox 418 790 589 887; x_wconf 80' lang='grc' dir='ltr'><strong><em>κεχοόρηκε.</em></strong></span> <span class='ocrx_word' id='word_1_44' title='bbox 613 805 672 867; x_wconf 84' lang='grc' dir='ltr'><strong><em>τού</em></strong></span> <span class='ocrx_word' id='word_1_45' title='bbox 694 802 811 887; x_wconf 69' lang='grc' dir='ltr'><strong><em>χάριτος</em></strong></span> <span class='ocrx_word' id='word_1_46' title='bbox 833 796 880 867; x_wconf 84' lang='grc' dir='ltr'><strong><em>ότι</em></strong></span> <span class='ocrx_word' id='word_1_47' title='bbox 902 796 976 875; x_wconf 83' lang='grc' dir='ltr'><strong><em>τούς</em></strong></span> <span class='ocrx_word' id='word_1_48' title='bbox 996 802 1056 881; x_wconf 81' lang='grc' dir='ltr'><strong><em>μὲν</em></strong></span> <span class='ocrx_word' id='word_1_49' title='bbox 1077 803 1233 880; x_wconf 81' lang='grc' dir='ltr'><strong><em>κρατούν-</em></strong></span> 
     </span>
     <span class='ocr_line' id='line_1_7' title="bbox 131 895 1232 986; baseline -0.003 -21"><span class='ocrx_word' id='word_1_50' title='bbox 131 924 187 976; x_wconf 82' lang='grc' dir='ltr'>τας</span> <span class='ocrx_word' id='word_1_51' title='bbox 207 896 382 984; x_wconf 78' lang='grc' dir='ltr'><strong><em>τυράννους</em></strong></span> <span class='ocrx_word' id='word_1_52' title='bbox 412 899 508 983; x_wconf 82' lang='grc' dir='ltr'><strong><em>ἔγνων</em></strong></span> <span class='ocrx_word' id='word_1_53' title='bbox 537 899 567 965; x_wconf 81' lang='grc' dir='ltr'>οἱ</span> <span class='ocrx_word' id='word_1_54' title='bbox 602 895 765 986; x_wconf 66' lang='grc' dir='ltr'><strong><em>ἅνθρωποι</em></strong></span> <span class='ocrx_word' id='word_1_55' title='bbox 795 901 851 966; x_wconf 85' lang='grc' dir='ltr'>καί</span> <span class='ocrx_word' id='word_1_56' title='bbox 882 901 999 977; x_wconf 88' lang='grc' dir='ltr'><strong><em>ἀδίκως</em></strong></span> <span class='ocrx_word' id='word_1_57' title='bbox 1028 899 1082 964; x_wconf 82' lang='grc' dir='ltr'>καί</span> <span class='ocrx_word' id='word_1_58' title='bbox 1103 898 1232 985; x_wconf 75' lang='grc' dir='ltr'><strong><em>ἀφελῶς</em></strong></span> 
     </span>
     <span class='ocr_line' id='line_1_8' title="bbox 129 996 1229 1089; baseline 0.003 -27"><span class='ocrx_word' id='word_1_59' title='bbox 129 996 188 1082; x_wconf 70' lang='grc' dir='ltr'>τὴν</span> <span class='ocrx_word' id='word_1_60' title='bbox 207 1004 373 1081; x_wconf 78' lang='grc' dir='ltr'><strong><em>βασιλείαν</em></strong></span> <span class='ocrx_word' id='word_1_61' title='bbox 396 999 583 1085; x_wconf 70' lang='grc' dir='ltr'><strong><em>ι’δύνοντας,</em></strong></span> <span class='ocrx_word' id='word_1_62' title='bbox 604 1000 658 1068; x_wconf 88' lang='grc' dir='ltr'>τόν</span> <span class='ocrx_word' id='word_1_63' title='bbox 690 1005 718 1067; x_wconf 89' lang='grc' dir='ltr'>δ’</span> <span class='ocrx_word' id='word_1_64' title='bbox 753 1001 839 1077; x_wconf 86' lang='grc' dir='ltr'><strong><em>ε’κτός</em></strong></span> <span class='ocrx_word' id='word_1_65' title='bbox 873 1003 970 1089; x_wconf 76' lang='grc' dir='ltr'><strong><em>ἀρετῇ</em></strong></span> <span class='ocrx_word' id='word_1_66' title='bbox 1000 1001 1229 1081; x_wconf 86' lang='grc' dir='ltr'><strong><em>διαλάμποντα,</em></strong></span> 
     </span>
     <span class='ocr_line' id='line_1_9' title="bbox 130 1090 1355 1191; baseline 0.004 -30"><span class='ocrx_word' id='word_1_67' title='bbox 130 1102 186 1187; x_wconf 76' lang='grc' dir='ltr'><strong><em>κατ’</em></strong></span> <span class='ocrx_word' id='word_1_68' title='bbox 206 1099 341 1190; x_wconf 75' lang='grc' dir='ltr'><strong><em>ἀληθείᾳ</em></strong></span> <span class='ocrx_word' id='word_1_69' title='bbox 372 1101 426 1166; x_wconf 86' lang='grc' dir='ltr'>καί</span> <span class='ocrx_word' id='word_1_70' title='bbox 453 1102 608 1188; x_wconf 76' lang='grc' dir='ltr'><strong><em>πραότητι</em></strong></span> <span class='ocrx_word' id='word_1_71' title='bbox 628 1090 684 1167; x_wconf 66' lang='grc' dir='ltr'><strong><em>κάτ’</em></strong></span> <span class='ocrx_word' id='word_1_72' title='bbox 712 1101 893 1191; x_wconf 73' lang='grc' dir='ltr'><strong><em>δικαιοσύνῃ</em></strong></span> <span class='ocrx_word' id='word_1_73' title='bbox 923 1101 1230 1185; x_wconf 82' lang='grc' dir='ltr'><strong><em>κατακοσμούμενον,</em></strong></span> <span class='ocrx_word' id='word_1_74' title='bbox 1241 1111 1320 1167; x_wconf 72' lang='lat' dir='ltr'>tata</span> <span class='ocrx_word' id='word_1_75' title='bbox 1332 1128 1355 1166; x_wconf 88' lang='lat' dir='ltr'>r.</span> 
     </span>
     <span class='ocr_line' id='line_1_10' title="bbox 130 1198 1231 1289; baseline 0.002 -24"><span class='ocrx_word' id='word_1_76' title='bbox 130 1200 185 1266; x_wconf 74' lang='grc' dir='ltr'><strong><em>κατ’</em></strong></span> <span class='ocrx_word' id='word_1_77' title='bbox 206 1198 316 1267; x_wconf 82' lang='grc' dir='ltr'><strong><em>ἱκανόν</em></strong></span> <span class='ocrx_word' id='word_1_78' title='bbox 345 1205 510 1285; x_wconf 78' lang='grc' dir='ltr'><strong><em>βασιλείας</em></strong></span> <span class='ocrx_word' id='word_1_79' title='bbox 530 1207 641 1286; x_wconf 87' lang='grc' dir='ltr'><strong><em>κρότος</em></strong></span> <span class='ocrx_word' id='word_1_80' title='bbox 668 1204 703 1270; x_wconf 77' lang='grc' dir='ltr'><strong><em>ἐν</em></strong></span> <span class='ocrx_word' id='word_1_81' title='bbox 725 1213 847 1289; x_wconf 79' lang='grc' dir='ltr'><strong><em>καιροῖς</em></strong></span> <span class='ocrx_word' id='word_1_82' title='bbox 876 1203 1055 1287; x_wconf 75' lang='grc' dir='ltr'><strong><em>ἀνωμάλοις</em></strong></span> <span class='ocrx_word' id='word_1_83' title='bbox 1076 1205 1231 1289; x_wconf 72' lang='grc' dir='ltr'><strong><em>ἀσφαλῶς</em></strong></span> 
     </span>
     <span class='ocr_line' id='line_1_11' title="bbox 75 1296 1230 1394; baseline -0.001 -29"><span class='ocrx_word' id='word_1_84' title='bbox 75 1314 121 1367; x_wconf 88' lang='grc'>-10</span> <span class='ocrx_word' id='word_1_85' title='bbox 130 1304 392 1386; x_wconf 78' lang='grc' dir='ltr'><strong><em>διακυβερνῆσαι,</em></strong></span> <span class='ocrx_word' id='word_1_86' title='bbox 411 1305 523 1390; x_wconf 84' lang='grc' dir='ltr'><strong><em>κράτος</em></strong></span> <span class='ocrx_word' id='word_1_87' title='bbox 547 1309 586 1391; x_wconf 81' lang='grc' dir='ltr'><strong><em>τῇ</em></strong></span> <span class='ocrx_word' id='word_1_88' title='bbox 606 1307 669 1369; x_wconf 82' lang='grc' dir='ltr'><strong><em>τιύν</em></strong></span> <span class='ocrx_word' id='word_1_89' title='bbox 692 1306 888 1390; x_wconf 73' lang='grc' dir='ltr'><strong><em>κρατούντων</em></strong></span> <span class='ocrx_word' id='word_1_90' title='bbox 902 1310 1045 1394; x_wconf 81' lang='grc' dir='ltr'><strong><em>κακονοίρι</em></strong></span> <span class='ocrx_word' id='word_1_91' title='bbox 1066 1302 1145 1390; x_wconf 84' lang='grc' dir='ltr'><strong><em>πρός</em></strong></span> <span class='ocrx_word' id='word_1_92' title='bbox 1166 1296 1230 1369; x_wconf 83' lang='grc' dir='ltr'><strong><em>όλι.</em></strong></span> 
     </span>
     <span class='ocr_line' id='line_1_12' title="bbox 129 1398 1233 1488; baseline 0.001 -19"><span class='ocrx_word' id='word_1_93' title='bbox 129 1407 210 1469; x_wconf 73' lang='lat' dir='ltr'>stov</span> <span class='ocrx_word' id='word_1_94' title='bbox 235 1403 276 1465; x_wconf 83' lang='grc' dir='ltr'>ου’</span> <span class='ocrx_word' id='word_1_95' title='bbox 301 1402 417 1486; x_wconf 91' lang='grc' dir='ltr'><strong><em>μικρόν</em></strong></span> <span class='ocrx_word' id='word_1_96' title='bbox 448 1407 502 1469; x_wconf 87' lang='grc' dir='ltr'>καί</span> <span class='ocrx_word' id='word_1_97' title='bbox 529 1404 695 1487; x_wconf 73' lang='grc' dir='ltr'><strong><em>βάραθρον</em></strong></span> <span class='ocrx_word' id='word_1_98' title='bbox 730 1406 887 1479; x_wconf 86' lang='grc' dir='ltr'><strong><em>ἀπωλείας</em></strong></span> <span class='ocrx_word' id='word_1_99' title='bbox 917 1398 978 1488; x_wconf 75' lang='grc' dir='ltr'>ἤδη</span> <span class='ocrx_word' id='word_1_100' title='bbox 1008 1406 1159 1469; x_wconf 79' lang='grc' dir='ltr'><strong><em>συννεύον</em></strong></span> <span class='ocrx_word' id='word_1_101' title='bbox 1177 1404 1233 1470; x_wconf 83' lang='grc' dir='ltr'>καί</span> 
     </span>
     <span class='ocr_line' id='line_1_13' title="bbox 51 1500 1232 1589; baseline 0.001 -22"><span class='ocrx_word' id='word_1_102' title='bbox 51 1531 58 1537; x_wconf 88' lang='grc'><em>·</em></span> <span class='ocrx_word' id='word_1_103' title='bbox 131 1501 363 1585; x_wconf 73' lang='grc' dir='ltr'><strong><em>ἀναδούμενον.</em></strong></span> <span class='ocrx_word' id='word_1_104' title='bbox 406 1510 468 1569; x_wconf 74' lang='grc' dir='ltr'><strong><em>τοῖν</em></strong></span> <span class='ocrx_word' id='word_1_105' title='bbox 488 1509 594 1571; x_wconf 83' lang='grc' dir='ltr'><strong><em>τοίνυν</em></strong></span> <span class='ocrx_word' id='word_1_106' title='bbox 616 1506 796 1588; x_wconf 76' lang='grc' dir='ltr'><strong><em>ἀνθρώπων</em></strong></span> <span class='ocrx_word' id='word_1_107' title='bbox 826 1500 924 1582; x_wconf 81' lang='grc' dir='ltr'><strong><em>ούτως</em></strong></span> <span class='ocrx_word' id='word_1_108' title='bbox 946 1502 1084 1588; x_wconf 78' lang='grc' dir='ltr'><strong><em>ἐχόντων</em></strong></span> <span class='ocrx_word' id='word_1_109' title='bbox 1106 1502 1232 1589; x_wconf 85' lang='grc' dir='ltr'><strong><em>γνιόμης</em></strong></span> 
     </span>
     <span class='ocr_line' id='line_1_14' title="bbox 131 1600 1354 1701; baseline 0.002 -34"><span class='ocrx_word' id='word_1_110' title='bbox 131 1605 188 1669; x_wconf 84' lang='grc' dir='ltr'>καί</span> <span class='ocrx_word' id='word_1_111' title='bbox 206 1610 438 1690; x_wconf 77' lang='grc' dir='ltr'><strong><em>προαιρέσεως,</em></strong></span> <span class='ocrx_word' id='word_1_112' title='bbox 459 1611 736 1693; x_wconf 79' lang='grc' dir='ltr'><strong><em>συντιίεψηφίζετο</em></strong></span> <span class='ocrx_word' id='word_1_113' title='bbox 758 1607 813 1673; x_wconf 86' lang='grc' dir='ltr'>καί</span> <span class='ocrx_word' id='word_1_114' title='bbox 842 1606 917 1683; x_wconf 77' lang='grc' dir='ltr'><strong><em>θεός</em></strong></span> <span class='ocrx_word' id='word_1_115' title='bbox 939 1600 1078 1689; x_wconf 74' lang='grc' dir='ltr'><strong><em>ἀνωθεν,</em></strong></span> <span class='ocrx_word' id='word_1_116' title='bbox 1102 1609 1157 1671; x_wconf 86' lang='grc' dir='ltr'>καί</span> <span class='ocrx_word' id='word_1_117' title='bbox 1176 1609 1257 1701; x_wconf 27' lang='grc' dir='ltr'>δεῇ</span> <span class='ocrx_word' id='word_1_118' title='bbox 1349 1632 1354 1649; x_wconf 77' lang='lat'><strong><em>‘</em></strong></span> 
     </span>
     <span class='ocr_line' id='line_1_15' title="bbox 131 1692 1230 1796; baseline 0.002 -27"><span class='ocrx_word' id='word_1_119' title='bbox 131 1708 183 1785; x_wconf 83' lang='grc' dir='ltr'>ξιά</span> <span class='ocrx_word' id='word_1_120' title='bbox 204 1706 308 1782; x_wconf 83' lang='grc' dir='ltr'><strong><em>πάντα</em></strong></span> <span class='ocrx_word' id='word_1_121' title='bbox 331 1708 432 1796; x_wconf 81' lang='grc' dir='ltr'><strong><em>τούτῳ</em></strong></span> <span class='ocrx_word' id='word_1_122' title='bbox 455 1708 509 1773; x_wconf 80' lang='grc' dir='ltr'>καί</span> <span class='ocrx_word' id='word_1_123' title='bbox 529 1707 591 1793; x_wconf 91' lang='grc' dir='ltr'>πρό</span> <span class='ocrx_word' id='word_1_124' title='bbox 605 1711 658 1793; x_wconf 76' lang='grc' dir='ltr'>τῆς</span> <span class='ocrx_word' id='word_1_125' title='bbox 680 1710 850 1794; x_wconf 79' lang='grc' dir='ltr'><strong><em>ἐπιδημίας</em></strong></span> <span class='ocrx_word' id='word_1_126' title='bbox 864 1692 1230 1792; x_wconf 73' lang='grc' dir='ltr'><strong><em>θαυμαστόδόετίδετυ,</em></strong></span> 
     </span>
     <span class='ocr_line' id='line_1_16' title="bbox 87 1797 1232 1893; baseline 0.001 -23"><span class='ocrx_word' id='word_1_127' title='bbox 87 1797 174 1881; x_wconf 73' lang='grc' dir='ltr'><strong><em>15ο3ς</em></strong></span> <span class='ocrx_word' id='word_1_128' title='bbox 203 1809 258 1872; x_wconf 89' lang='grc' dir='ltr'>καί</span> <span class='ocrx_word' id='word_1_129' title='bbox 288 1802 385 1892; x_wconf 72' lang='grc' dir='ltr'><strong><em>αότόγν</em></strong></span> <span class='ocrx_word' id='word_1_130' title='bbox 414 1806 471 1891; x_wconf 76' lang='grc' dir='ltr'>τήν</span> <span class='ocrx_word' id='word_1_131' title='bbox 499 1811 621 1892; x_wconf 80' lang='grc' dir='ltr'><strong><em>μητέρα</em></strong></span> <span class='ocrx_word' id='word_1_132' title='bbox 650 1811 705 1873; x_wconf 84' lang='grc' dir='ltr'>καί</span> <span class='ocrx_word' id='word_1_133' title='bbox 727 1809 802 1885; x_wconf 85' lang='grc' dir='ltr'><strong><em>τούς</em></strong></span> <span class='ocrx_word' id='word_1_134' title='bbox 829 1819 988 1893; x_wconf 75' lang='grc' dir='ltr'><strong><em>συγγενεῖς</em></strong></span> <span class='ocrx_word' id='word_1_135' title='bbox 1011 1803 1153 1884; x_wconf 72' lang='grc' dir='ltr'><strong><em>ἅπαντας</em></strong></span> <span class='ocrx_word' id='word_1_136' title='bbox 1175 1809 1232 1873; x_wconf 85' lang='grc' dir='ltr'><strong><em>τού</em></strong></span> 
     </span>
     <span class='ocr_line' id='line_1_17' title="bbox 130 1906 1312 1996; baseline 0.003 -26"><span class='ocrx_word' id='word_1_137' title='bbox 130 1912 317 1991; x_wconf 79' lang='grc' dir='ltr'><strong><em>κρατοῦντος</em></strong></span> <span class='ocrx_word' id='word_1_138' title='bbox 339 1906 444 1996; x_wconf 80' lang='grc' dir='ltr'><strong><em>ἐκείνῳ</em></strong></span> <span class='ocrx_word' id='word_1_139' title='bbox 465 1907 523 1992; x_wconf 71' lang='grc' dir='ltr'>τὴν</span> <span class='ocrx_word' id='word_1_140' title='bbox 545 1914 712 1991; x_wconf 80' lang='grc' dir='ltr'><strong><em>βασιλείαν</em></strong></span> <span class='ocrx_word' id='word_1_141' title='bbox 733 1907 909 1994; x_wconf 73' lang='grc' dir='ltr'><strong><em>ἐπιτρέπειν</em></strong></span> <span class='ocrx_word' id='word_1_142' title='bbox 927 1908 1230 1993; x_wconf 69' lang='grc' dir='ltr'><strong><em>υυγκατατιθεσδαι,</em></strong></span> <span class='ocrx_word' id='word_1_143' title='bbox 1308 1917 1312 1921; x_wconf 89' lang='grc'><strong>’</strong></span> 
     </span>
     <span class='ocr_line' id='line_1_18' title="bbox 130 2006 1230 2097; baseline 0.005 -27"><span class='ocrx_word' id='word_1_144' title='bbox 130 2010 187 2070; x_wconf 80' lang='grc' dir='ltr'><strong><em>κατ’</em></strong></span> <span class='ocrx_word' id='word_1_145' title='bbox 208 2010 447 2090; x_wconf 72' lang='grc' dir='ltr'><strong><em>διαπέμπεσθαι</em></strong></span> <span class='ocrx_word' id='word_1_146' title='bbox 477 2009 558 2093; x_wconf 88' lang='grc' dir='ltr'><strong><em>πρός</em></strong></span> <span class='ocrx_word' id='word_1_147' title='bbox 590 2006 712 2092; x_wconf 70' lang='lat' dir='ltr'>ariade,</span> <span class='ocrx_word' id='word_1_148' title='bbox 740 2015 796 2089; x_wconf 79' lang='grc' dir='ltr'>καί</span> <span class='ocrx_word' id='word_1_149' title='bbox 816 2010 854 2075; x_wconf 83' lang='grc' dir='ltr'><strong><em>τά</em></strong></span> <span class='ocrx_word' id='word_1_150' title='bbox 882 2008 1073 2097; x_wconf 78' lang='grc' dir='ltr'><strong><em>ἑπιβατήρια</em></strong></span> <span class='ocrx_word' id='word_1_151' title='bbox 1094 2009 1230 2093; x_wconf 76' lang='grc' dir='ltr'><strong><em>ψάλλειν</em></strong></span> 
     </span>
     <span class='ocr_line' id='line_1_19' title="bbox 131 2107 1293 2195; baseline 0.004 -25"><span class='ocrx_word' id='word_1_152' title='bbox 131 2108 218 2193; x_wconf 76' lang='grc' dir='ltr'><strong><em>αύτῷ</em></strong></span> <span class='ocrx_word' id='word_1_153' title='bbox 239 2113 292 2175; x_wconf 75' lang='grc' dir='ltr'><strong><em>κατ’</em></strong></span> <span class='ocrx_word' id='word_1_154' title='bbox 315 2112 475 2178; x_wconf 84' lang='grc' dir='ltr'><strong><em>διαδονεΐν</em></strong></span> <span class='ocrx_word' id='word_1_155' title='bbox 495 2107 575 2191; x_wconf 83' lang='grc' dir='ltr'><strong><em>μετά</em></strong></span> <span class='ocrx_word' id='word_1_156' title='bbox 598 2114 654 2194; x_wconf 79' lang='grc' dir='ltr'>τῆς</span> <span class='ocrx_word' id='word_1_157' title='bbox 676 2115 787 2193; x_wconf 73' lang='grc' dir='ltr'><strong><em>λοιπῆς</em></strong></span> <span class='ocrx_word' id='word_1_158' title='bbox 808 2115 870 2177; x_wconf 73' lang='grc' dir='ltr'>τῶν</span> <span class='ocrx_word' id='word_1_159' title='bbox 884 2110 1228 2195; x_wconf 76' lang='grc' dir='ltr'><strong><em>πολιτοῖνόμηγύρτως.</em></strong></span> <span class='ocrx_word' id='word_1_160' title='bbox 1285 2148 1293 2158; x_wconf 81' lang='lat'>·</span> 
     </span>
     <span class='ocr_line' id='line_1_20' title="bbox 129 2206 1230 2296; baseline -0.001 -22"><span class='ocrx_word' id='word_1_161' title='bbox 129 2210 164 2274; x_wconf 89' lang='grc' dir='ltr'><strong><em>τό</em></strong></span> <span class='ocrx_word' id='word_1_162' title='bbox 190 2208 286 2292; x_wconf 71' lang='lat' dir='ltr'>dida}</span> <span class='ocrx_word' id='word_1_163' title='bbox 313 2219 451 2294; x_wconf 81' lang='grc' dir='ltr'><strong><em>κρεῖττον</em></strong></span> <span class='ocrx_word' id='word_1_164' title='bbox 477 2212 530 2277; x_wconf 76' lang='grc' dir='ltr'><strong><em>κατ’</em></strong></span> <span class='ocrx_word' id='word_1_165' title='bbox 551 2211 644 2293; x_wconf 88' lang='grc' dir='ltr'><strong><em>λόγου</em></strong></span> <span class='ocrx_word' id='word_1_166' title='bbox 668 2211 786 2287; x_wconf 86' lang='grc' dir='ltr'><strong><em>παντός</em></strong></span> <span class='ocrx_word' id='word_1_167' title='bbox 808 2208 1004 2296; x_wconf 77' lang='grc' dir='ltr'><strong><em>ὑψηλότερον</em></strong></span> <span class='ocrx_word' id='word_1_168' title='bbox 1033 2206 1055 2295; x_wconf 77' lang='grc' dir='ltr'><em>ἢ</em></span> <span class='ocrx_word' id='word_1_169' title='bbox 1083 2212 1230 2293; x_wconf 86' lang='grc' dir='ltr'><strong><em>παραδο-</em></strong></span> 
     </span>
     <span class='ocr_line' id='line_1_21' title="bbox 69 2306 1230 2398; baseline -0.003 -18"><span class='ocrx_word' id='word_1_170' title='bbox 69 2308 265 2393; x_wconf 62' lang='lat' dir='ltr'>totumue,</span> <span class='ocrx_word' id='word_1_171' title='bbox 288 2306 336 2377; x_wconf 86' lang='grc' dir='ltr'><strong><em>ότι</em></strong></span> <span class='ocrx_word' id='word_1_172' title='bbox 359 2338 417 2398; x_wconf 85' lang='grc' dir='ltr'>περ</span> <span class='ocrx_word' id='word_1_173' title='bbox 442 2312 471 2378; x_wconf 86' lang='grc' dir='ltr'>οἱ</span> <span class='ocrx_word' id='word_1_174' title='bbox 497 2318 644 2397; x_wconf 84' lang='grc' dir='ltr'><strong><em>Τούρκοι,</em></strong></span> <span class='ocrx_word' id='word_1_175' title='bbox 665 2316 719 2396; x_wconf 77' lang='grc' dir='ltr'>τῆς</span> <span class='ocrx_word' id='word_1_176' title='bbox 742 2312 896 2394; x_wconf 74' lang='grc' dir='ltr'><strong><em>ἀνατολῆς</em></strong></span> <span class='ocrx_word' id='word_1_177' title='bbox 916 2311 1017 2397; x_wconf 84' lang='grc' dir='ltr'><strong><em>πάσης</em></strong></span> <span class='ocrx_word' id='word_1_178' title='bbox 1036 2311 1230 2397; x_wconf 83' lang='grc' dir='ltr'><strong><em>κυριεύσαν-</em></strong></span> 
     </span>
    </p>
   </div>
   <div class='ocr_carea' id='block_1_3' title="bbox 128 2406 1293 2601">
    <p class='ocr_par' dir='ltr' id='par_1_3' title="bbox 128 2406 1293 2601">
     <span class='ocr_line' id='line_1_22' title="bbox 128 2406 1293 2500; baseline -0.003 -23"><span class='ocrx_word' id='word_1_179' title='bbox 128 2420 180 2488; x_wconf 87' lang='grc' dir='ltr'><strong><em>τες</em></strong></span> <span class='ocrx_word' id='word_1_180' title='bbox 201 2406 284 2497; x_wconf 80' lang='grc' dir='ltr'><strong><em>ἧδιγ,</em></strong></span> <span class='ocrx_word' id='word_1_181' title='bbox 305 2423 370 2491; x_wconf 82' lang='grc' dir='ltr'><strong><em>τοῖς</em></strong></span> <span class='ocrx_word' id='word_1_182' title='bbox 404 2416 618 2498; x_wconf 69' lang='grc' dir='ltr'><strong><em>αὐτομολοῦσι</em></strong></span> <span class='ocrx_word' id='word_1_183' title='bbox 649 2413 728 2500; x_wconf 90' lang='grc' dir='ltr'><strong><em>πρός</em></strong></span> <span class='ocrx_word' id='word_1_184' title='bbox 757 2412 812 2476; x_wconf 88' lang='grc' dir='ltr'>τόν</span> <span class='ocrx_word' id='word_1_185' title='bbox 842 2418 1053 2497; x_wconf 83' lang='grc' dir='ltr'><strong><em>Βοτανειάτην</em></strong></span> <span class='ocrx_word' id='word_1_186' title='bbox 1083 2413 1228 2487; x_wconf 87' lang='grc' dir='ltr'><strong><em>πολίταις</em></strong></span> <span class='ocrx_word' id='word_1_187' title='bbox 1291 2482 1293 2487; x_wconf 47' lang='grc'>,</span> 
     </span>
     <span class='ocr_line' id='line_1_23' title="bbox 128 2507 1227 2601; baseline 0 -24"><span class='ocrx_word' id='word_1_188' title='bbox 128 2507 196 2596; x_wconf 73' lang='grc' dir='ltr'>ἅμα</span> <span class='ocrx_word' id='word_1_189' title='bbox 217 2518 273 2582; x_wconf 85' lang='grc' dir='ltr'>καί</span> <span class='ocrx_word' id='word_1_190' title='bbox 294 2518 452 2601; x_wconf 86' lang='grc' dir='ltr'><strong><em>ἀγροίκοις</em></strong></span> <span class='ocrx_word' id='word_1_191' title='bbox 476 2515 624 2599; x_wconf 67' lang='lat' dir='ltr'>spector</span> <span class='ocrx_word' id='word_1_192' title='bbox 644 2516 683 2580; x_wconf 83' lang='grc' dir='ltr'>ου’</span> <span class='ocrx_word' id='word_1_193' title='bbox 698 2507 911 2581; x_wconf 72' lang='lat' dir='ltr'>&#39;anorbruvw</span> <span class='ocrx_word' id='word_1_194' title='bbox 959 2510 1040 2577; x_wconf 83' lang='grc' dir='ltr'><strong><em>ἀλλά</em></strong></span> <span class='ocrx_word' id='word_1_195' title='bbox 1065 2517 1146 2589; x_wconf 83' lang='grc' dir='ltr'><strong><em>τινὲς</em></strong></span> <span class='ocrx_word' id='word_1_196' title='bbox 1167 2514 1227 2595; x_wconf 79' lang='grc' dir='ltr'><strong><em>μὲν</em></strong></span> 
     </span>
    </p>
   </div>
   <div class='ocr_carea' id='block_1_4' title="bbox 199 2682 416 2759">
    <p class='ocr_par' dir='ltr' id='par_1_4' title="bbox 199 2682 416 2759">
     <span class='ocr_line' id='line_1_24' title="bbox 199 2682 416 2759; baseline -0.014 -19"><span class='ocrx_word' id='word_1_197' title='bbox 199 2682 226 2740; x_wconf 81' lang='lat'>4.</span> <span class='ocrx_word' id='word_1_198' title='bbox 246 2687 369 2759; x_wconf 68' lang='lat' dir='ltr'>areopagi</span> <span class='ocrx_word' id='word_1_199' title='bbox 387 2686 416 2740; x_wconf 83' lang='lat' dir='ltr'>G.</span> 
     </span>
    </p>
   </div>
   <div class='ocr_carea' id='block_1_5' title="bbox 44 2846 1300 4201">
    <p class='ocr_par' dir='ltr' id='par_1_5' title="bbox 44 2846 1300 4201">
     <span class='ocr_line' id='line_1_25' title="bbox 128 2846 1227 2921; baseline -0.001 -19"><span class='ocrx_word' id='word_1_200' title='bbox 128 2866 189 2915; x_wconf 87' lang='lat' dir='ltr'>res,</span> <span class='ocrx_word' id='word_1_201' title='bbox 209 2860 349 2921; x_wconf 90' lang='lat' dir='ltr'>antequam</span> <span class='ocrx_word' id='word_1_202' title='bbox 376 2852 446 2904; x_wconf 86' lang='lat' dir='ltr'>facta</span> <span class='ocrx_word' id='word_1_203' title='bbox 470 2846 525 2917; x_wconf 90' lang='lat' dir='ltr'>est,</span> <span class='ocrx_word' id='word_1_204' title='bbox 550 2866 604 2903; x_wconf 93' lang='lat' dir='ltr'>non</span> <span class='ocrx_word' id='word_1_205' title='bbox 635 2849 810 2903; x_wconf 71' lang='lat' dir='ltr'>credebatur:</span> <span class='ocrx_word' id='word_1_206' title='bbox 840 2848 954 2902; x_wconf 91' lang='lat' dir='ltr'>nondum</span> <span class='ocrx_word' id='word_1_207' title='bbox 980 2849 1050 2901; x_wconf 88' lang='lat' dir='ltr'>enirn</span> <span class='ocrx_word' id='word_1_208' title='bbox 1077 2863 1227 2918; x_wconf 82' lang='lat' dir='ltr'><strong>quenquam</strong></span> 
     </span>
     <span class='ocr_line' id='line_1_26' title="bbox 129 2920 1300 2991; baseline -0.002 -18"><span class='ocrx_word' id='word_1_209' title='bbox 129 2924 268 2991; x_wconf 87' lang='lat' dir='ltr'>quisquam</span> <span class='ocrx_word' id='word_1_210' title='bbox 287 2924 391 2975; x_wconf 87' lang='lat' dir='ltr'>viderat</span> <span class='ocrx_word' id='word_1_211' title='bbox 410 2940 443 2974; x_wconf 86' lang='lat' dir='ltr'>ex</span> <span class='ocrx_word' id='word_1_212' title='bbox 461 2924 526 2974; x_wconf 88' lang='lat' dir='ltr'>urbe</span> <span class='ocrx_word' id='word_1_213' title='bbox 551 2925 577 2974; x_wconf 90' lang='lat' dir='ltr'>in</span> <span class='ocrx_word' id='word_1_214' title='bbox 597 2924 762 2990; x_wconf 89' lang='lat' dir='ltr'>provinciam</span> <span class='ocrx_word' id='word_1_215' title='bbox 784 2922 942 2973; x_wconf 76' lang='lat' dir='ltr'>&#39;affluentem</span> <span class='ocrx_word' id='word_1_216' title='bbox 967 2920 1048 2971; x_wconf 87' lang='lat' dir='ltr'>alicui</span> <span class='ocrx_word' id='word_1_217' title='bbox 1068 2920 1226 2972; x_wconf 77' lang='lat' dir='ltr'><strong>seditionem</strong></span> <span class='ocrx_word' id='word_1_218' title='bbox 1294 2960 1300 2978; x_wconf 51' lang='lat' dir='ltr'><em>s</em></span> 
     </span>
     <span class='ocr_line' id='line_1_27' title="bbox 128 2994 1227 3063; baseline -0.004 -18"><span class='ocrx_word' id='word_1_219' title='bbox 128 2996 265 3046; x_wconf 83' lang='lat' dir='ltr'>moventi:</span> <span class='ocrx_word' id='word_1_220' title='bbox 290 3002 370 3063; x_wconf 88' lang='lat' dir='ltr'>atquc</span> <span class='ocrx_word' id='word_1_221' title='bbox 398 3004 467 3059; x_wconf 89' lang='lat' dir='ltr'>tum,</span> <span class='ocrx_word' id='word_1_222' title='bbox 487 3012 545 3046; x_wconf 91' lang='lat' dir='ltr'>curn</span> <span class='ocrx_word' id='word_1_223' title='bbox 572 3011 607 3045; x_wconf 90' lang='lat' dir='ltr'>ne</span> <span class='ocrx_word' id='word_1_224' title='bbox 628 2994 718 3047; x_wconf 89' lang='lat' dir='ltr'>hostes</span> <span class='ocrx_word' id='word_1_225' title='bbox 737 2995 842 3062; x_wconf 89' lang='lat' dir='ltr'>quidem</span> <span class='ocrx_word' id='word_1_226' title='bbox 868 2995 1085 3043; x_wconf 80' lang='lat' dir='ltr'>omnem‘terram</span> <span class='ocrx_word' id='word_1_227' title='bbox 1103 2997 1227 3043; x_wconf 85' lang='lat' dir='ltr'>tenerent</span> 
     </span>
     <span class='ocr_line' id='line_1_28' title="bbox 128 3061 1227 3133; baseline -0.004 -17"><span class='ocrx_word' id='word_1_228' title='bbox 128 3074 157 3117; x_wconf 91' lang='lat' dir='ltr'>et</span> <span class='ocrx_word' id='word_1_229' title='bbox 174 3067 227 3119; x_wconf 86' lang='lat' dir='ltr'>viis</span> <span class='ocrx_word' id='word_1_230' title='bbox 256 3068 377 3118; x_wconf 88' lang='lat' dir='ltr'>omnibus</span> <span class='ocrx_word' id='word_1_231' title='bbox 402 3069 566 3131; x_wconf 78' lang='lat' dir='ltr'>insiderent,</span> <span class='ocrx_word' id='word_1_232' title='bbox 594 3068 679 3133; x_wconf 87' lang='lat' dir='ltr'>magis</span> <span class='ocrx_word' id='word_1_233' title='bbox 708 3066 741 3116; x_wconf 89' lang='lat' dir='ltr'>ab</span> <span class='ocrx_word' id='word_1_234' title='bbox 768 3065 824 3116; x_wconf 90' lang='lat' dir='ltr'>iliis</span> <span class='ocrx_word' id='word_1_235' title='bbox 856 3064 887 3115; x_wconf 91' lang='lat' dir='ltr'>ad</span> <span class='ocrx_word' id='word_1_236' title='bbox 907 3063 1072 3114; x_wconf 84' lang='lat' dir='ltr'>dominantes</span> <span class='ocrx_word' id='word_1_237' title='bbox 1087 3062 1115 3113; x_wconf 89' lang='lat' dir='ltr'>in</span> <span class='ocrx_word' id='word_1_238' title='bbox 1134 3061 1227 3113; x_wconf 86' lang='lat' dir='ltr'>urbem</span> 
     </span>
     <span class='ocr_line' id='line_1_29' title="bbox 126 3129 1227 3201; baseline -0.005 -14"><span class='ocrx_word' id='word_1_239' title='bbox 126 3137 224 3189; x_wconf 86' lang='lat' dir='ltr'>multos</span> <span class='ocrx_word' id='word_1_240' title='bbox 248 3139 405 3191; x_wconf 84' lang='lat' dir='ltr'>affluentes:</span> <span class='ocrx_word' id='word_1_241' title='bbox 423 3154 494 3190; x_wconf 93' lang='lat' dir='ltr'>nunc</span> <span class='ocrx_word' id='word_1_242' title='bbox 520 3147 607 3190; x_wconf 87' lang='lat' dir='ltr'>autern</span> <span class='ocrx_word' id='word_1_243' title='bbox 626 3138 739 3188; x_wconf 86' lang='lat' dir='ltr'>adverso</span> <span class='ocrx_word' id='word_1_244' title='bbox 764 3137 871 3188; x_wconf 84' lang='lat' dir='ltr'>flumine</span> <span class='ocrx_word' id='word_1_245' title='bbox 899 3149 942 3185; x_wconf 87' lang='lat' dir='ltr'>res</span> <span class='ocrx_word' id='word_1_246' title='bbox 961 3133 1083 3184; x_wconf 78' lang='lat' dir='ltr'>recessit.</span> <span class='ocrx_word' id='word_1_247' title='bbox 1121 3129 1227 3201; x_wconf 73' lang='lat' dir='ltr'>quare?</span> 
     </span>
     <span class='ocr_line' id='line_1_30' title="bbox 115 3205 1227 3277; baseline -0.005 -18"><span class='ocrx_word' id='word_1_248' title='bbox 115 3210 190 3275; x_wconf 85' lang='lat' dir='ltr'>¹quia</span> <span class='ocrx_word' id='word_1_249' title='bbox 208 3210 369 3277; x_wconf 76' lang='lat' dir='ltr'>imperantes</span> <span class='ocrx_word' id='word_1_250' title='bbox 385 3220 512 3276; x_wconf 74' lang='lat' dir='ltr'>tyrannos</span> <span class='ocrx_word' id='word_1_251' title='bbox 527 3226 587 3263; x_wconf 86' lang='lat' dir='ltr'>esse</span> <span class='ocrx_word' id='word_1_252' title='bbox 600 3216 785 3277; x_wconf 76' lang='lat' dir='ltr'>cognorerunt</span> <span class='ocrx_word' id='word_1_253' title='bbox 803 3208 923 3258; x_wconf 87' lang='lat' dir='ltr'>homines</span> <span class='ocrx_word' id='word_1_254' title='bbox 939 3213 966 3256; x_wconf 88' lang='lat' dir='ltr'>et</span> <span class='ocrx_word' id='word_1_255' title='bbox 983 3205 1080 3255; x_wconf 88' lang='lat' dir='ltr'>iniuste</span> <span class='ocrx_word' id='word_1_256' title='bbox 1100 3212 1127 3255; x_wconf 91' lang='lat' dir='ltr'>et</span> <span class='ocrx_word' id='word_1_257' title='bbox 1146 3218 1227 3271; x_wconf 86' lang='lat' dir='ltr'>parce</span> 
     </span>
     <span class='ocr_line' id='line_1_31' title="bbox 127 3275 1226 3349; baseline -0.003 -20"><span class='ocrx_word' id='word_1_258' title='bbox 127 3296 238 3347; x_wconf 88' lang='lat' dir='ltr'>regnum</span> <span class='ocrx_word' id='word_1_259' title='bbox 257 3282 416 3349; x_wconf 89' lang='lat' dir='ltr'>gubernare,</span> <span class='ocrx_word' id='word_1_260' title='bbox 437 3298 496 3332; x_wconf 90' lang='lat' dir='ltr'>eum</span> <span class='ocrx_word' id='word_1_261' title='bbox 513 3291 609 3346; x_wconf 90' lang='lat' dir='ltr'>autem,</span> <span class='ocrx_word' id='word_1_262' title='bbox 633 3282 678 3348; x_wconf 89' lang='lat' dir='ltr'>qui</span> <span class='ocrx_word' id='word_1_263' title='bbox 699 3282 864 3331; x_wconf 83' lang='lat' dir='ltr'>extrinsecus</span> <span class='ocrx_word' id='word_1_264' title='bbox 885 3285 950 3341; x_wconf 86' lang='lat' dir='ltr'>erat,</span> <span class='ocrx_word' id='word_1_265' title='bbox 969 3277 1069 3328; x_wconf 88' lang='lat' dir='ltr'>virtute</span> <span class='ocrx_word' id='word_1_266' title='bbox 1086 3275 1179 3327; x_wconf 87' lang='lat' dir='ltr'>lucere</span> <span class='ocrx_word' id='word_1_267' title='bbox 1199 3282 1226 3326; x_wconf 90' lang='lat' dir='ltr'>et</span> 
     </span>
     <span class='ocr_line' id='line_1_32' title="bbox 127 3348 1225 3417; baseline -0.005 -15"><span class='ocrx_word' id='word_1_268' title='bbox 127 3353 242 3403; x_wconf 88' lang='lat' dir='ltr'>veritate</span> <span class='ocrx_word' id='word_1_269' title='bbox 262 3361 289 3403; x_wconf 90' lang='lat' dir='ltr'>et</span> <span class='ocrx_word' id='word_1_270' title='bbox 310 3352 452 3403; x_wconf 86' lang='lat' dir='ltr'>clementia</span> <span class='ocrx_word' id='word_1_271' title='bbox 477 3362 504 3404; x_wconf 91' lang='lat' dir='ltr'>ct</span> <span class='ocrx_word' id='word_1_272' title='bbox 521 3355 622 3406; x_wconf 88' lang='lat' dir='ltr'>iustitia</span> <span class='ocrx_word' id='word_1_273' title='bbox 637 3361 757 3405; x_wconf 88' lang='lat' dir='ltr'>ornatum</span> <span class='ocrx_word' id='word_1_274' title='bbox 786 3366 845 3402; x_wconf 85' lang='lat' dir='ltr'>esse</span> <span class='ocrx_word' id='word_1_275' title='bbox 875 3358 901 3401; x_wconf 88' lang='lat' dir='ltr'>et</span> <span class='ocrx_word' id='word_1_276' title='bbox 919 3356 1007 3415; x_wconf 89' lang='lat' dir='ltr'>aptum</span> <span class='ocrx_word' id='word_1_277' title='bbox 1026 3348 1059 3399; x_wconf 88' lang='lat' dir='ltr'>ad</span> <span class='ocrx_word' id='word_1_278' title='bbox 1076 3349 1155 3417; x_wconf 88' lang='lat' dir='ltr'>regni</span> <span class='ocrx_word' id='word_1_279' title='bbox 1173 3360 1225 3414; x_wconf 79' lang='lat' dir='ltr'>po-</span> 
     </span>
     <span class='ocr_line' id='line_1_33' title="bbox 127 3421 1225 3492; baseline -0.005 -17"><span class='ocrx_word' id='word_1_280' title='bbox 127 3424 236 3475; x_wconf 89' lang='lat' dir='ltr'>tentiam</span> <span class='ocrx_word' id='word_1_281' title='bbox 256 3430 414 3488; x_wconf 80' lang='lat' dir='ltr'>tempestate</span> <span class='ocrx_word' id='word_1_282' title='bbox 437 3424 539 3475; x_wconf 88' lang='lat' dir='ltr'>incerta</span> <span class='ocrx_word' id='word_1_283' title='bbox 564 3433 620 3476; x_wconf 92' lang='lat' dir='ltr'>tuto</span> <span class='ocrx_word' id='word_1_284' title='bbox 639 3423 850 3492; x_wconf 82' lang='lat' dir='ltr'>gubernandam,</span> <span class='ocrx_word' id='word_1_285' title='bbox 877 3422 1022 3487; x_wconf 89' lang='lat' dir='ltr'>potentiam</span> <span class='ocrx_word' id='word_1_286' title='bbox 1039 3421 1225 3485; x_wconf 87' lang='lat' dir='ltr'>imperantium</span> 
     </span>
     <span class='ocr_line' id='line_1_34' title="bbox 126 3490 1225 3562; baseline -0.005 -20"><span class='ocrx_word' id='word_1_287' title='bbox 126 3494 305 3559; x_wconf 87' lang='lat' dir='ltr'>imprudentia</span> <span class='ocrx_word' id='word_1_288' title='bbox 324 3493 357 3543; x_wconf 87' lang='lat' dir='ltr'>ad</span> <span class='ocrx_word' id='word_1_289' title='bbox 374 3493 523 3558; x_wconf 83' lang='lat' dir='ltr'>periculum</span> <span class='ocrx_word' id='word_1_290' title='bbox 540 3510 594 3545; x_wconf 92' lang='lat' dir='ltr'>non</span> <span class='ocrx_word' id='word_1_291' title='bbox 618 3512 729 3562; x_wconf 87' lang='lat' dir='ltr'>parvum</span> <span class='ocrx_word' id='word_1_292' title='bbox 748 3503 776 3545; x_wconf 89' lang='lat' dir='ltr'>et</span> <span class='ocrx_word' id='word_1_293' title='bbox 793 3494 950 3561; x_wconf 87' lang='lat' dir='ltr'>voraginem</span> <span class='ocrx_word' id='word_1_294' title='bbox 973 3493 1093 3544; x_wconf 85' lang='lat' dir='ltr'>iacturae</span> <span class='ocrx_word' id='word_1_295' title='bbox 1110 3491 1162 3540; x_wconf 86' lang='lat' dir='ltr'>iam</span> <span class='ocrx_word' id='word_1_296' title='bbox 1180 3490 1225 3541; x_wconf 91' lang='lat' dir='ltr'>in.</span> 
     </span>
     <span class='ocr_line' id='line_1_35' title="bbox 44 3562 1224 3631; baseline -0.004 -15"><span class='ocrx_word' id='word_1_297' title='bbox 44 3574 47 3580; x_wconf 88' lang='lat'>&#39;</span> <span class='ocrx_word' id='word_1_298' title='bbox 127 3563 223 3616; x_wconf 80' lang='lat' dir='ltr'>flexam</span> <span class='ocrx_word' id='word_1_299' title='bbox 242 3573 270 3614; x_wconf 88' lang='lat' dir='ltr'>et</span> <span class='ocrx_word' id='word_1_300' title='bbox 286 3579 414 3630; x_wconf 83' lang='lat' dir='ltr'>pressam.</span> <span class='ocrx_word' id='word_1_301' title='bbox 452 3580 511 3613; x_wconf 87' lang='lat' dir='ltr'>curn</span> <span class='ocrx_word' id='word_1_302' title='bbox 528 3566 610 3631; x_wconf 90' lang='lat' dir='ltr'>igitur</span> <span class='ocrx_word' id='word_1_303' title='bbox 629 3566 751 3617; x_wconf 88' lang='lat' dir='ltr'>homines</span> <span class='ocrx_word' id='word_1_304' title='bbox 779 3564 847 3617; x_wconf 91' lang='lat' dir='ltr'>banc</span> <span class='ocrx_word' id='word_1_305' title='bbox 872 3564 1001 3615; x_wconf 88' lang='lat' dir='ltr'>baberent</span> <span class='ocrx_word' id='word_1_306' title='bbox 1019 3562 1177 3615; x_wconf 86' lang='lat' dir='ltr'>sententiam</span> <span class='ocrx_word' id='word_1_307' title='bbox 1197 3567 1224 3611; x_wconf 89' lang='lat' dir='ltr'>et</span> 
     </span>
     <span class='ocr_line' id='line_1_36' title="bbox 127 3631 1226 3702; baseline -0.005 -16"><span class='ocrx_word' id='word_1_308' title='bbox 127 3633 303 3698; x_wconf 81' lang='lat' dir='ltr'>voluntatens,</span> <span class='ocrx_word' id='word_1_309' title='bbox 321 3650 457 3686; x_wconf 87' lang='lat' dir='ltr'>assensum</span> <span class='ocrx_word' id='word_1_310' title='bbox 467 3633 546 3685; x_wconf 86' lang='lat' dir='ltr'>dabat</span> <span class='ocrx_word' id='word_1_311' title='bbox 561 3636 640 3685; x_wconf 82' lang='lat' dir='ltr'>etiarn</span> <span class='ocrx_word' id='word_1_312' title='bbox 655 3638 720 3687; x_wconf 92' lang='lat' dir='ltr'>deus</span> <span class='ocrx_word' id='word_1_313' title='bbox 733 3651 848 3702; x_wconf 87' lang='lat' dir='ltr'>superne</span> <span class='ocrx_word' id='word_1_314' title='bbox 863 3644 889 3687; x_wconf 90' lang='lat' dir='ltr'>et</span> <span class='ocrx_word' id='word_1_315' title='bbox 906 3636 999 3687; x_wconf 84' lang='lat' dir='ltr'>dextra</span> <span class='ocrx_word' id='word_1_316' title='bbox 1013 3634 1101 3685; x_wconf 86' lang='lat' dir='ltr'>omnia</span> <span class='ocrx_word' id='word_1_317' title='bbox 1122 3631 1185 3683; x_wconf 90' lang='lat' dir='ltr'>buic</span> <span class='ocrx_word' id='word_1_318' title='bbox 1199 3637 1226 3681; x_wconf 89' lang='lat' dir='ltr'>et</span> 
     </span>
     <span class='ocr_line' id='line_1_37' title="bbox 104 3702 1225 3774; baseline -0.005 -17"><span class='ocrx_word' id='word_1_319' title='bbox 104 3708 189 3757; x_wconf 72' lang='lat' dir='ltr'>‘ante</span> <span class='ocrx_word' id='word_1_320' title='bbox 207 3707 351 3760; x_wconf 86' lang='lat' dir='ltr'>adventum</span> <span class='ocrx_word' id='word_1_321' title='bbox 369 3704 534 3757; x_wconf 85' lang='lat' dir='ltr'>admirabilia</span> <span class='ocrx_word' id='word_1_322' title='bbox 548 3707 736 3771; x_wconf 85' lang='lat' dir='ltr'>constituebat,</span> <span class='ocrx_word' id='word_1_323' title='bbox 762 3709 799 3759; x_wconf 88' lang='lat' dir='ltr'>ita</span> <span class='ocrx_word' id='word_1_324' title='bbox 813 3715 843 3758; x_wconf 94' lang='lat' dir='ltr'>ut</span> <span class='ocrx_word' id='word_1_325' title='bbox 857 3707 951 3774; x_wconf 81' lang='lat' dir='ltr'>etipsa</span> <span class='ocrx_word' id='word_1_326' title='bbox 969 3714 1052 3758; x_wconf 87' lang='lat' dir='ltr'>mater</span> <span class='ocrx_word' id='word_1_327' title='bbox 1072 3712 1099 3755; x_wconf 88' lang='lat' dir='ltr'>et</span> <span class='ocrx_word' id='word_1_328' title='bbox 1118 3702 1225 3771; x_wconf 81' lang='lat' dir='ltr'>cognati</span> 
     </span>
     <span class='ocr_line' id='line_1_38' title="bbox 128 3775 1226 3845; baseline -0.003 -18"><span class='ocrx_word' id='word_1_329' title='bbox 128 3792 220 3830; x_wconf 89' lang='lat' dir='ltr'>omnes</span> <span class='ocrx_word' id='word_1_330' title='bbox 231 3778 386 3844; x_wconf 86' lang='lat' dir='ltr'>imperantis</span> <span class='ocrx_word' id='word_1_331' title='bbox 395 3775 437 3827; x_wconf 89' lang='lat' dir='ltr'>iiii</span> <span class='ocrx_word' id='word_1_332' title='bbox 450 3792 562 3845; x_wconf 87' lang='lat' dir='ltr'>regnum</span> <span class='ocrx_word' id='word_1_333' title='bbox 573 3775 714 3828; x_wconf 85' lang='lat' dir='ltr'>advertere</span> <span class='ocrx_word' id='word_1_334' title='bbox 729 3780 914 3842; x_wconf 87' lang='lat' dir='ltr'>convenirent,</span> <span class='ocrx_word' id='word_1_335' title='bbox 934 3786 960 3831; x_wconf 88' lang='lat' dir='ltr'>et</span> <span class='ocrx_word' id='word_1_336' title='bbox 969 3778 1076 3829; x_wconf 83' lang='lat' dir='ltr'>nuntios</span> <span class='ocrx_word' id='word_1_337' title='bbox 1089 3776 1226 3827; x_wconf 88' lang='lat' dir='ltr'>mitterent</span> 
     </span>
     <span class='ocr_line' id='line_1_39' title="bbox 127 3845 1224 3915; baseline -0.005 -16"><span class='ocrx_word' id='word_1_338' title='bbox 127 3848 160 3899; x_wconf 87' lang='lat' dir='ltr'>ad</span> <span class='ocrx_word' id='word_1_339' title='bbox 179 3865 238 3899; x_wconf 93' lang='lat' dir='ltr'>eum</span> <span class='ocrx_word' id='word_1_340' title='bbox 252 3857 279 3900; x_wconf 91' lang='lat' dir='ltr'>et</span> <span class='ocrx_word' id='word_1_341' title='bbox 295 3850 423 3901; x_wconf 83' lang='lat' dir='ltr'>adrentus</span> <span class='ocrx_word' id='word_1_342' title='bbox 437 3849 553 3899; x_wconf 90' lang='lat' dir='ltr'>carmina</span> <span class='ocrx_word' id='word_1_343' title='bbox 567 3846 661 3898; x_wconf 89' lang='lat' dir='ltr'>iidibns</span> <span class='ocrx_word' id='word_1_344' title='bbox 674 3856 800 3899; x_wconf 89' lang='lat' dir='ltr'>canerent</span> <span class='ocrx_word' id='word_1_345' title='bbox 815 3850 839 3898; x_wconf 90' lang='lat' dir='ltr'>ci</span> <span class='ocrx_word' id='word_1_346' title='bbox 851 3857 879 3899; x_wconf 86' lang='lat' dir='ltr'>et</span> <span class='ocrx_word' id='word_1_347' title='bbox 891 3857 1031 3915; x_wconf 86' lang='lat' dir='ltr'>creparent</span> <span class='ocrx_word' id='word_1_348' title='bbox 1047 3863 1105 3899; x_wconf 87' lang='lat' dir='ltr'>curn</span> <span class='ocrx_word' id='word_1_349' title='bbox 1118 3845 1224 3912; x_wconf 87' lang='lat' dir='ltr'>reliquo</span> 
     </span>
     <span class='ocr_line' id='line_1_40' title="bbox 127 3916 1224 3983; baseline -0.005 -12"><span class='ocrx_word' id='word_1_350' title='bbox 127 3921 227 3972; x_wconf 84' lang='lat' dir='ltr'>civium</span> <span class='ocrx_word' id='word_1_351' title='bbox 245 3930 388 3971; x_wconf 85' lang='lat' dir='ltr'>conventu.</span> <span class='ocrx_word' id='word_1_352' title='bbox 407 3922 491 3971; x_wconf 90' lang='lat' dir='ltr'>maius</span> <span class='ocrx_word' id='word_1_353' title='bbox 509 3928 596 3970; x_wconf 87' lang='lat' dir='ltr'>autern</span> <span class='ocrx_word' id='word_1_354' title='bbox 617 3927 674 3970; x_wconf 87' lang='lat' dir='ltr'>crat</span> <span class='ocrx_word' id='word_1_355' title='bbox 692 3928 719 3969; x_wconf 92' lang='lat' dir='ltr'>et</span> <span class='ocrx_word' id='word_1_356' title='bbox 737 3933 859 3970; x_wconf 87' lang='lat' dir='ltr'>sermone</span> <span class='ocrx_word' id='word_1_357' title='bbox 887 3923 957 3971; x_wconf 90' lang='lat' dir='ltr'>omni</span> <span class='ocrx_word' id='word_1_358' title='bbox 976 3920 1056 3971; x_wconf 88' lang='lat' dir='ltr'>altius</span> <span class='ocrx_word' id='word_1_359' title='bbox 1075 3917 1121 3971; x_wconf 88' lang='lat' dir='ltr'>vel</span> <span class='ocrx_word' id='word_1_360' title='bbox 1140 3916 1224 3983; x_wconf 87' lang='lat' dir='ltr'>magis</span> 
     </span>
     <span class='ocr_line' id='line_1_41' title="bbox 126 3987 1224 4059; baseline -0.006 -18"><span class='ocrx_word' id='word_1_361' title='bbox 126 3992 348 4059; x_wconf 83' lang='lat' dir='ltr'>inexspectatum,</span> <span class='ocrx_word' id='word_1_362' title='bbox 362 3992 433 4059; x_wconf 90' lang='lat' dir='ltr'>quod</span> <span class='ocrx_word' id='word_1_363' title='bbox 442 3991 541 4045; x_wconf 89' lang='lat' dir='ltr'>Turcae</span> <span class='ocrx_word' id='word_1_364' title='bbox 559 3991 671 4043; x_wconf 91' lang='lat' dir='ltr'>orientis</span> <span class='ocrx_word' id='word_1_365' title='bbox 685 3992 769 4041; x_wconf 89' lang='lat' dir='ltr'>omnis</span> <span class='ocrx_word' id='word_1_366' title='bbox 782 3989 880 4039; x_wconf 87' lang='lat' dir='ltr'>domini</span> <span class='ocrx_word' id='word_1_367' title='bbox 893 3992 944 4041; x_wconf 91' lang='lat' dir='ltr'>iam</span> <span class='ocrx_word' id='word_1_368' title='bbox 958 3992 1021 4043; x_wconf 87' lang='lat' dir='ltr'>facti</span> <span class='ocrx_word' id='word_1_369' title='bbox 1039 3987 1224 4053; x_wconf 76' lang='lat' dir='ltr'>transfugien-</span> 
     </span>
     <span class='ocr_line' id='line_1_42' title="bbox 127 4059 1223 4129; baseline -0.006 -15"><span class='ocrx_word' id='word_1_370' title='bbox 127 4064 197 4124; x_wconf 81' lang='lat' dir='ltr'>tibus</span> <span class='ocrx_word' id='word_1_371' title='bbox 217 4066 249 4117; x_wconf 92' lang='lat' dir='ltr'>ad</span> <span class='ocrx_word' id='word_1_372' title='bbox 269 4064 429 4118; x_wconf 88' lang='lat' dir='ltr'>Botaniaten</span> <span class='ocrx_word' id='word_1_373' title='bbox 448 4063 552 4116; x_wconf 84' lang='lat' dir='ltr'>civibus</span> <span class='ocrx_word' id='word_1_374' title='bbox 571 4061 649 4113; x_wconf 89' lang='lat' dir='ltr'>simul</span> <span class='ocrx_word' id='word_1_375' title='bbox 669 4069 696 4112; x_wconf 91' lang='lat' dir='ltr'>et</span> <span class='ocrx_word' id='word_1_376' title='bbox 712 4059 840 4129; x_wconf 86' lang='lat' dir='ltr'>agricolis</span> <span class='ocrx_word' id='word_1_377' title='bbox 860 4061 1046 4128; x_wconf 88' lang='lat' dir='ltr'>impedimento</span> <span class='ocrx_word' id='word_1_378' title='bbox 1065 4075 1120 4113; x_wconf 92' lang='lat' dir='ltr'>non</span> <span class='ocrx_word' id='word_1_379' title='bbox 1139 4064 1223 4121; x_wconf 86' lang='lat' dir='ltr'>erant,</span> 
     </span>
     <span class='ocr_line' id='line_1_43' title="bbox 126 4128 1223 4201; baseline -0.009 -12"><span class='ocrx_word' id='word_1_380' title='bbox 126 4138 174 4191; x_wconf 85' lang='lat' dir='ltr'>sed</span> <span class='ocrx_word' id='word_1_381' title='bbox 189 4137 314 4191; x_wconf 86' lang='lat' dir='ltr'>nonnulii</span> <span class='ocrx_word' id='word_1_382' title='bbox 332 4136 423 4189; x_wconf 83' lang='lat' dir='ltr'>divina</span> <span class='ocrx_word' id='word_1_383' title='bbox 443 4136 472 4190; x_wconf 88' lang='lat' dir='ltr'>vi</span> <span class='ocrx_word' id='word_1_384' title='bbox 491 4136 583 4190; x_wconf 87' lang='lat' dir='ltr'>hostes</span> <span class='ocrx_word' id='word_1_385' title='bbox 601 4133 741 4199; x_wconf 87' lang='lat' dir='ltr'>latebant,</span> <span class='ocrx_word' id='word_1_386' title='bbox 765 4132 857 4201; x_wconf 86' lang='lat' dir='ltr'>plures</span> <span class='ocrx_word' id='word_1_387' title='bbox 881 4140 967 4187; x_wconf 88' lang='lat' dir='ltr'>autern</span> <span class='ocrx_word' id='word_1_388' title='bbox 989 4130 1142 4187; x_wconf 84' lang='lat' dir='ltr'>incidebant</span> <span class='ocrx_word' id='word_1_389' title='bbox 1160 4128 1223 4198; x_wconf 91' lang='lat' dir='ltr'>qui..</span> 
     </span>
    </p>
   </div>
   <div class='ocr_carea' id='block_1_6' title="bbox 0 0 1442 4734">
    <p class='ocr_par' dir='ltr' id='par_1_6' title="bbox 0 0 1442 4734">
     <span class='ocr_line' id='line_1_44' title="bbox 0 0 1442 4734; baseline 0 2"><span class='ocrx_word' id='word_1_390' title='bbox 0 0 1442 4734; x_wconf 95' lang='lat' dir='ltr'> </span> 
     </span>
    </p>
   </div>
  </div>
 </body>
</html>
