2875 4734
207 296 284 370 l78
502 294 718 369 mundatis
754 293 1030 382 nrrltrorau

209 486 266 527 του
288 464 344 545 τῆς
368 466 540 547 συντριβῆς
568 465 745 539 ἐξεκαλεῖτο
768 464 907 547 θερμάς.
966 463 1113 545 παρῆσαν
1131 456 1192 541 γάρ
1212 460 1316 524 έκεῖσε

210 556 227 626 ό
248 586 283 628 τε
308 564 516 647 Καλχηδόνος
539 560 767 644 όἩρακλείας
792 564 845 625 καί
866 558 883 624 ό
902 561 1107 637 Κυλωνείας,
1130 556 1189 634 τάς
1214 582 1315 627 onera·

208 662 270 738 δάς
289 664 375 749 αότῴ
396 668 649 738 συντελέσαντες.
691 662 908 747 ὑπεμίμνησκε
938 664 973 725 δὲ
996 658 1115 735 ου’τοός
1136 664 1190 725 καί
1210 655 1315 744 όρκών

208 768 265 830 καί
289 769 351 830 τεόν
384 762 418 829 έκ
439 766 498 829 τοῦ
528 763 617 827 θείου
650 768 817 844 νεμέσεων.
874 759 976 843 οἶδέ,
998 764 1130 844 καίπερ
1150 760 1313 845 βοηθῆσαι

202 868 307 954 τοότηι
317 865 514 947 βουλόμενοι,
532 858 618 946 όμοος
629 866 771 938 α’σθενοός
783 860 877 946 ἔσχον
889 864 1016 946 άνδρεδν
1029 860 1158 944 άπηνῶν
1170 856 1241 942 ,ἅμα
1256 863 1314 925 καί
1322 870 1338 924 5

210 968 367 1051 α’μηοτῶν
389 964 639 1047 α’ναρπαοόντων
661 963 757 1029 αότόν
772 968 826 1028 καί
844 964 887 1042 ιός
909 963 1022 1047 ἱερεῖον
1043 960 1180 1047 όγόντων
1202 964 1256 1027 tut
1275 959 1311 1025 τό

207 1067 356 1153 σφάγιον.
399 1071 453 1131 καί
474 1068 518 1141 εἰς
542 1063 577 1128 τό
602 1064 736 1147 κάστρον
759 1064 988 1147 ἐγκλείσαντες,
1018 1063 1111 1144 θαμά
1132 1062 1210 1149 πρός
1232 1062 1314 1126 πάν·
1344 1096 1348 1105 ·

208 1192 265 1243 τας
288 1168 557 1252 ἐπιστρεφόμενον
581 1164 636 1229 καί
660 1165 717 1248 τὴν
747 1166 810 1229 τάν
832 1166 1009 1249 όρχιερέων
1037 1162 1169 1230 κατόπιν
1191 1187 1314 1249 παρρη-

208 1272 281 1335 σίαν
304 1271 384 1333 ἰδεῖν
407 1268 556 1352 διηνεκῶς
575 1261 799 1351 ε’πευχόμενον,
822 1269 948 1354 οίκίσκηι
970 1269 1032 1331 τινί
1053 1268 1314 1350 παραπέμπουσι,

143 1397 148 1402 ·
207 1373 266 1436 καί
280 1394 352 1435 τινα
370 1370 527 1435 Ἰουδαίαν
549 1368 662 1451 άμαθῆ
676 1365 717 1432 τό
735 1370 867 1432 τοιαῦτα
888 1364 946 1449 τὴν
968 1369 1030 1432 τεόν
1051 1358 1230 1452 ὀφθαλμῶν
1250 1364 1314 1427 αό-
1324 1374 1360 1427 10

207 1471 267 1537 τοό
298 1468 492 1552 διαχείρισιν
522 1465 738 1551 ἐπιτρέπουσι.
783 1463 935 1549 δήσαντες
967 1463 1067 1531 οότόν
1085 1470 1119 1531 ia
1141 1461 1314 1546 τεσσάρων,

207 1570 264 1637 καί
283 1569 328 1659 τῷ
358 1571 470 1653 στήθει
492 1568 547 1634 καί
569 1572 607 1656 τῇ
635 1572 737 1653 κοιλίη
759 1563 895 1641 πολλυός
925 1569 967 1631 δι’
993 1568 1127 1643 α’σπίδος
1150 1568 1314 1650 ἐπιστηρί-
1368 1594 1378 1611 ·

207 1677 334 1750 ξαντες,
365 1674 502 1755 φέρουσι
523 1667 578 1733 τόν
596 1667 751 1733 Ἰουδαῖον
771 1666 976 1750 περιωδόνως
999 1661 1083 1751 άγιιν
1109 1672 1165 1733 καί
1183 1668 1315 1750 Ιοίπηυιός

209 1770 330 1857 ’σιδήρῳ
365 1768 442 1844 τοός
477 1764 667 1855 όφθαλμοός
694 1771 797 1835 cairo&
829 1768 1079 1851 έκεαράττοντα,
1100 1772 1312 1851 βρυχωμέυου

209 1872 351 1935 κάτωθεν
380 1872 434 1933 καί
470 1858 620 1954 τάόρειου
652 1873 842 1950 μοκωμένου
870 1872 925 1933 καί
956 1872 1079 1953 μηδένα
1117 1867 1171 1933 τόν
1198 1867 1314 1934 οἶκτεί-
1324 1874 1380 1931 15,

209 1995 306 2057 ροντα
328 1968 461 2052 ἔχοντος.
515 1969 553 2032 οό
573 1966 637 2052 μὴν
668 1965 754 2047 ἅπαξ
775 1974 866 2035 τοῦτο
895 1969 1010 2033 ποθιόν
1032 1969 1152 2055 α’φείδη
1185 1971 1241 2054 τῆς
1264 1992 1315 2035 τι-

186 2072 345 2156 μωρίας,
369 2068 449 2134 oillei
469 2072 567 2155 τριχῇ
584 2067 639 2133 τόν
658 2070 789 2154 σίδηρον
811 2078 877 2145 τοῖς
907 2069 1020 2134 τούτου
1041 2074 1221 2151 κατέδαψαν
1251 2062 1314 2152 όμ-

205 2177 308 2252 μασιν
332 2169 347 2233 ό
369 2173 425 2253 τῆς
454 2166 624 2234 θεοκτάνου
653 2168 819 2253 τυγχάνων
841 2172 969 2255 σειράς,
991 2169 1050 2247 έως
1071 2170 1126 2235 καί
1147 2177 1313 2256 πληροφο-

209 2276 282 2358 ρίαν
304 2274 345 2335 δι’
365 2264 463 2355 όρκου
487 2277 628 2352 κείμενος
654 2268 746 2337 ἔθετο
767 2275 872 2337 πᾶσαν
892 2270 948 2356 τὴν
971 2274 1151 2354 οἰκονομίαν
1172 2275 1312 2355 ἐκχυθη-

206 2397 261 2437 ναι
291 2372 346 2437 καί
374 2366 573 2457 άπορρεῦσαι
606 2376 670 2436 τῶν
692 2366 814 2437 ἑαυτοῦ
848 2375 1037 2459 ὀφθαλμῶν.
1090 2372 1234 2457 ε’γερθείς
1254 2363 1357 2438 υόνλθ

208 2473 321 2553 αέματι
354 2467 548 2558 διαβρόχους
569 2471 653 2555 ἔχων
679 2474 755 2548 τοός
776 2470 987 2559 όφθαλμοός,
1008 2472 1116 2555 θέαμα
1140 2468 1168 2537 δ’
1188 2470 1311 2557 οἰκτρόν

208 2578 263 2638 καί
295 2574 433 2640 ἐλεεινόν
460 2578 516 2638 καί
546 2576 845 2660 θρῆνονιέπιφέρον
881 2583 946 2652 τοῖς
976 2573 1094 2659 όροόσιν
1124 2573 1310 2655 α’κάθεκτον,

206 2666 351 2757 ’ἤμιδνης
373 2672 482 2758 ἔκειτο,
504 2680 832 2771 προκατειργασμένος
857 2680 917 2758 μὲν
938 2675 993 2743 καί
1011 2681 1048 2763 τῇ
1068 2673 1160 2764 νόσῳ,
1182 2672 1252 2741 τότε
1273 2678 1310 2739 δέ

281 2878 323 2931 10.
341 2896 398 2935 τινι
411 2876 543 2949 Ἰουδαίῳ
564 2877 693 2952 adpetet?
776 2880 818 2933 14.
838 2880 1055 2983 ἐκταρόρτοντες
1073 2881 1103 2935 (λ.
1124 2894 1129 2905 ‘

210 3057 282 3112 anim
301 3059 338 3111 ibi
358 3058 500 3126 pontilicee
520 3056 734 3123 chalcedoniae,
753 3067 780 3110 et
798 3058 946 3112 Heracleae
966 3067 992 3111 et
1010 3058 1155 3124 (telonem,
1177 3062 1222 3127 qui
1250 3060 1313 3112 loe.

210 3131 339 3184 duacum
360 3147 393 3182 eo
412 3132 597 3198 periecemnta
617 3130 754 3182 admonuit
772 3146 819 3183 eos
840 3140 866 3182 et
885 3132 1057 3184 iurisiurandi
1078 3139 1105 3182 et
1128 3131 1239 3183 ultionis
1269 3132 1312 3183 di.
1374 3122 1379 3133 '

208 3205 301 3254 vinae.
340 3202 383 3252 illi
403 3210 492 3252 antem
511 3200 632 3270 quamvis¹
652 3201 780 3253 auxilium
799 3204 825 3253 ei
843 3203 974 3270 praebere
1002 3203 1126 3255 volentes
1153 3210 1240 3254 tamen
1267 3204 1312 3252 in.

207 3274 279 3324 firmi
298 3280 392 3336 erant,
411 3288 470 3322 cum
490 3273 610 3324 homines
630 3271 753 3325 crudeles
773 3282 800 3325 et
819 3274 870 3325 leri
891 3290 948 3325 cum
967 3283 1092 3341 raperent
1112 3281 1138 3324 et
1157 3275 1232 3342 quari
1251 3276 1312 3324 ani.

209 3342 263 3393 mal
283 3350 394 3412 agerent
418 3342 450 3393 ad
480 3344 657 3394 sacrificium:
687 3354 713 3395 et
740 3344 852 3397 castello
878 3341 1046 3397 includentes
1069 3345 1138 3395 hunc
1159 3344 1313 3413 frequenter

210 3413 244 3465 ad
263 3428 355 3465 omnes
374 3414 563 3479 respicientem
583 3422 610 3464 et
626 3416 781 3480 pontificum
801 3424 894 3482 postea
914 3417 1060 3467 orationem
1089 3415 1200 3469 liberam
1226 3431 1312 3482 expe-

209 3487 259 3537 riti
277 3491 409 3553 perpetuo
428 3492 582 3551 precantem
602 3484 726 3537 conclavi
745 3488 905 3538 immittunt:
924 3495 1005 3557 atque
1023 3486 1121 3539 Iudaeo
1141 3487 1244 3539 cuidam
1259 3488 1311 3536 im.

206 3558 298 3624 perito
319 3555 412 3607 talium
431 3570 519 3607 rernm
535 3556 676 3607 oculorum
695 3558 754 3609 eius
773 3559 969 3610 coniectionem
988 3559 1142 3625 imponunt,
1162 3559 1311 3627 vincientes

206 3643 272 3678 enm
291 3644 325 3679 ex
344 3635 458 3695 quatuor
476 3626 594 3694 partibus
615 3635 643 3678 et
661 3630 764 3695 pectori
784 3638 864 3698 atque
883 3630 1014 3682 abdomini
1040 3629 1138 3681 multos
1164 3638 1240 3681 scuto
1259 3630 1310 3679 im.

208 3699 367 3764 primentes,
387 3700 477 3752 ierunt
498 3699 634 3763 ludaeum,
652 3715 711 3751 cum
730 3700 828 3753 misere
848 3702 926 3753 nimis
947 3708 974 3753 et
993 3699 1139 3752 crudeliter
1153 3702 1224 3753 ierro
1243 3714 1310 3751 ocu-

210 3767 252 3818 los
273 3769 331 3819 eius
352 3770 498 3822 effoderent
515 3770 646 3821 ululantis
666 3786 700 3821 ex
717 3771 810 3822 intimo
830 3780 941 3838 pectore
951 3780 979 3825 et
996 3772 1066 3823 tauri
1085 3773 1168 3824 instar
1186 3772 1311 3839 mugien-

208 3839 245 3889 tia
263 3854 353 3905 neque
385 3856 534 3908 quenquam
552 3843 753 3895 misericordem
775 3843 912 3895 habentia:
936 3858 1025 3911 neque
1049 3851 1137 3895 tannen
1156 3843 1239 3896 semel
1259 3841 1311 3892 boc

207 3924 304 3976 passam
325 3908 454 3962 liberatae
474 3920 515 3964 eat
531 3913 652 3977 ultione,
667 3915 715 3967 sed
734 3923 775 3966 ter
794 3914 892 3965 ferrum
911 3913 989 3967 huirrs
1009 3915 1096 3967 oculis
1115 3916 1244 3967 immersit
1260 3913 1312 3965 iste

209 3980 316 4049 assecla
346 3982 545 4034 coniunctionis
573 3985 651 4035 densa
675 3986 836 4049 cruciantis,
862 3986 948 4036 donee
982 3985 1026 4037 vel
1045 3985 1123 4037 iidem
1141 3984 1312 4037 iureiurando

211 4054 307 4104 iacens
326 4052 408 4115 dedit,
427 4058 512 4104 totum
531 4068 631 4104 nexnm
650 4055 762 4107 ellnsum
783 4071 842 4107 esee
862 4063 889 4108 et
918 4055 1054 4109 effluxisse
1078 4056 1225 4109 oculorum.
1263 4069 1312 4107 ex-

208 4132 351 4188 perrectus
371 4124 455 4191 igitur
473 4124 605 4190 sangnine
625 4126 743 4179 madidos
762 4125 863 4179 habene
882 4126 987 4191 oculos,
1009 4134 1036 4177 et
1062 4128 1245 4195 spectaculum
1269 4126 1313 4178 la-

206 4194 353 4249 mentabile
375 4203 403 4245 et
419 4195 546 4249 miserum
574 4194 699 4265 qnodque
724 4196 858 4264 planctum
884 4198 993 4253 afferret
1009 4198 1161 4253 videntibus
1180 4197 1311 4253 intolera„
