2875 4734
222 220 298 325 ονε
516 253 737 321 menimis
772 242 1032 317 Alcinoum

222 412 357 498 ἔβαλλον
388 402 456 479 κατ’
479 416 592 499 ου’τοῦ,
613 412 791 498 προστάξας
820 409 915 487 αὐτὸς
944 406 1085 497 κεφαλαῖς
1104 411 1167 473 τῶν
1184 408 1332 473 Ικατανο-

224 520 343 581 πὲντων
369 513 499 600 ἔναγχος
523 516 778 581 α’νταπὲστελλεν.
822 511 855 576 οἳ
873 515 908 577 dd
929 511 1049 587 ταύτας
1069 509 1188 584 ἰδόντες
1208 512 1264 574 καί
1282 512 1331 598 τῷ

222 612 405 704 παραδόξρί
419 620 729 739 καταπεπληγμένοι,
754 606 845 680 ἄλλοι
876 616 911 679 δὲ
934 617 988 679 καί
1016 616 1223 696 γνωρίσαντες
1244 635 1331 693 συγ-

222 722 319 800 γενῶν
349 710 370 801 ἢ
399 722 501 804 φίλων
533 723 589 783 καί
613 716 769 836 ὁμογνίων
800 712 966 801 τυγχάνειν
996 740 1037 778 τα
1061 712 1205 798 κάρηνα,
1213 714 1267 774 καί
1287 710 1326 775 τό

223 817 330 894 πάθος
349 818 394 901 μὴ
418 822 613 901 ἐνέγκοντες,
642 842 700 893 τας
722 820 834 902 τρίχας
861 820 1041 882 κατὲτιλλον
1068 839 1121 880 και
1143 813 1178 876 τὸ
1202 810 1355 897 θράσος5

222 923 269 995 εἰς
290 920 409 1004 θρῆνον
430 923 611 1002 μετέβαλον.

323 1014 402 1087 Εἶτα
424 1026 551 1094 πολλοῖς
582 1020 824 1105 στρατηγημασι
850 1022 906 1083 καί
932 1021 1112 1105 σοφίσμασι
1133 1019 1188 1081 καί
1206 1018 1328 1103 ταύτην

164 1177 168 1189 .
222 1123 279 1208 τὴν
300 1120 392 1187 πόλιν
414 1118 699 1206 παραστησάμενος
718 1119 736 1184 o‘
759 1124 893 1203 Φωκεῖς,
916 1114 1000 1184 οὕτω
1021 1124 1127 1184 πᾶσαν
1149 1114 1208 1203 τήν
1230 1122 1328 1204 νῆσον

174 1239 178 1245 ’
222 1227 361 1308 ὑποτελῆ
383 1220 438 1288 καί
458 1216 703 1307 ὖπόφοροντοῖς
721 1209 1072 1306 Ῥωμαιόις-ὀῖπέδειξε,
1096 1222 1151 1284 καί
1162 1222 1328 1305 Χριστιαε

221 1320 291 1392 νῶν
316 1323 372 1390 καί
399 1321 580 1407 ὄρθοδόξων
610 1325 681 1388 α’ντί
707 1327 903 1409 Σαρακηνῶν
935 1324 1102 1406 πεποίηκεν
1135 1316 1326 1405 οἰκητήριον.
1337 1343 1371 1395 10

222 1426 278 1493 καί
297 1423 485 1491 νῦνίστινό
505 1425 778 1501 κατασκευασθεις
799 1430 877 1510 παρ’
891 1415 1010 1489 ἐκεινου
1024 1420 1215 1508 περικαλλης
1236 1420 1325 1506 ναός,

222 1557 276 1598 και
299 1556 336 1594 επ

221 1627 396 1712 λεγόμενος,
413 1649 466 1688 και
482 1622 604 1699 αυ’τὸςο
595 1622 737 1700 ‘monde
753 1624 1040 1709 οἰνεστηλωιιένος’
1025 1651 1057 1690 εν
1077 1620 1176 1714 τούτῳ
1199 1625 1325 1709 νικητης

222 1734 278 1795 καί
305 1728 540 1811 τροπαιοῦχος,
572 1728 686 1809 δεῖγμα
716 1730 775 1810 τῆς
796 1726 928 1845 ανδρίας
962 1727 1062 1791 αὐτοῦ
1085 1752 1137 1791 και
1133 1724 1326 1808 εὐσεβείας

220 1833 276 1917 τῆς
297 1825 488 1952 τηλικαύτης
517 1828 614 1945 γήσου
643 1829 806 1909 παρισταῖν
835 1852 893 1911 την
924 1826 1123 1911 κατάκτησιν.
1169 1851 1221 1891 και
1217 1818 1371 1894 εἶδον15

220 1934 329 1997 τοῦτον
350 1926 411 2011 ἐγώ
434 1932 475 2015 τῇ
487 1924 570 2015 νήσῳ
592 1922 849 2021 ἐπιδεδημηκώς·
875 1927 931 1993 καί
950 1925 1034 1994 ἔστιν
1055 1927 1200 2013 ἐμφερης
1222 1950 1325 2014 παντη

196 2017 200 2026 “
222 2034 268 2118 τῷ
289 2032 602 2112 προμνημονευθὲντι
614 2032 749 2109 βασιλεῖ
756 2034 855 2117 κυρίῳ
874 2027 1047 2117 Νικηφόρῳ
1061 2029 1102 2116 τῷ
1115 2026 1324 2115 Βοτανεισὶτη,

187 2153 194 2161 ’
221 2132 355 2203 πίστεως
377 2126 531 2211 ἀκριβοῦς
553 2126 715 2210 σύμβολον
737 2132 796 2193 τοῦ
818 2125 903 2196 ἐἶναι
930 2132 1040 2193 τοῦτον
1061 2131 1180 2193 ἐκείνου
1206 2127 1326 2210 ἇπόγο-

221 2253 300 2313 νον.λ
329 2230 360 2293 εἰ
379 2230 415 2293 δὲ
437 2226 481 2311 μη
503 2226 557 2292 διαὶ
579 2227 637 2311 την
656 2230 821 2311 εὐσέβειαν
840 2233 944 2296 adreci
963 2230 1018 2295 καί
1036 2226 1207 2311 εὐλάβειαν
1216 2230 1325 2311 ισυνῆν

223 2325 310 2417 αὐτῷ
332 2330 351 2412 ἦ
375 2331 449 2393 θεία
480 2331 665 2414 α’ντίληψις,
691 2328 818 2406 πάντως
851 2326 970 2415 ἄπορος
1003 2326 1042 2397 σ’ίν
1074 2326 1207 2414 ἐγεγόνει
1227 2333 1284 2393 καί
1305 2329 1370 2414 ἧσο

223 2428 306 2553 πρὸς
325 2452 384 2514 την
408 2430 539 2514 Κρήτην
562 2421 728 2553 οδῖὀςῇκριὶ
743 2430 762 2514 ἡ
784 2433 847 2496 τῶν
868 2436 1128 2515 βεβουλευμένων
1149 2439 1212 2507 τοις
1234 2434 1324 2495 ἐναν-
1421 2476 1428 2519 l

114 2603 117 2612 Ι
171 2573 173 2576 v
223 2532 303 2605 τιόις
325 2535 517 2617 φανέρωσις,
552 2555 605 2595 και
629 2557 649 2613 η
671 2556 830 2615 σπρακτος
852 2531 1068 2619 ὖπεχώρησεν,
1083 2559 1107 2617 η
1102 2523 1324 2615 κατάβρωμα

221 2636 289 2705 τοῖς
310 2628 511 2713 πολεμιΗοις
496 2630 630 2721 ογεγόνει
662 2634 719 2696 και
738 2658 971 2719 καταπατημα·
1022 2657 1105 2715 εχων
1126 2634 1162 2698 δὲ
1183 2633 1225 2695 δι’
1247 2633 1325 2725 αἶρε-

223 2922 329 2978 subant
347 2930 466 2988 arceret,
487 2930 515 2974 ct
532 2921 576 2974 illi
594 2922 698 2990 lapides
715 2923 837 2974 iacerent
862 2930 954 2975 contra
972 2938 1049 2989 eum,
1069 2923 1127 2990 ipse
1144 2924 1218 2976 iussu
1237 2924 1322 2989 capite

222 3010 310 3081 nuper
328 2996 479 3047 occisorum
506 2995 634 3047 adversus
656 3008 703 3046 eos
723 2995 803 3047 misit.
847 2994 888 3045 illi
908 3002 996 3046 autem
1019 2995 1087 3046 haec
1105 2996 1228 3048 videntes
1248 3003 1275 3045 et
1294 3011 1323 3045 re

196 3094 199 3104 =
221 3068 407 3134 inexspectata
427 3066 586 3133 stupefacti,
612 3065 659 3117 alii
675 3068 754 3117 etiam
773 3074 950 3134 agnoscentes
980 3066 1098 3117 affinium
1117 3074 1162 3117 aut
1180 3066 1323 3117 amicorum

222 3147 269 3191 aut
298 3146 471 3221 cognatorum
505 3139 592 3204 capita
621 3153 709 3205 neque
729 3138 848 3189 dolorem
874 3138 990 3190 ferentes
1016 3140 1103 3189 crines
1124 3136 1279 3189 evellebant
1298 3144 1323 3187 et

222 3210 383 3262 audaciam
375 3225 404 3259 m
422 3208 626 3261 lamentationes
645 3208 796 3261 vertebant.

154 3359 157 3365 ,
322 3305 425 3357 Deinde
440 3305 530 3356 multis
548 3305 618 3358 dolis
637 3313 664 3355 et
680 3307 800 3359 artificiis
820 3314 958 3375 postquam
971 3306 1038 3359 hanc
1058 3322 1165 3375 quoquc
1185 3306 1277 3357 urbem
1295 3307 1322 3356 in

222 3384 382 3446 potestatem
400 3392 473 3429 suam
494 3377 600 3447 redegit
617 3375 721 3429 Phocas
741 3380 780 3430 sic
798 3386 879 3429 totam
899 3378 1012 3430 insulam
1031 3378 1190 3445 vectigalem
1211 3384 1238 3427 et
1256 3376 1322 3427 sub.

222 3450 320 3500 iectam
339 3448 464 3501 Romanis
494 3449 622 3513 reddidit,
650 3456 676 3499 et
695 3448 905 3511 Christianorum
933 3457 1012 3517 atque
1039 3449 1244 3501 orthodoxorum
1273 3462 1321 3514 pro

222 3520 363 3575 Saracenis
394 3520 460 3572 iecit
486 3520 665 3582 domicilium,
685 3527 766 3587 atque
786 3536 856 3572 nunc
883 3535 990 3588 quoque
1010 3529 1094 3572 exstat
1114 3517 1239 3585 templum
1257 3532 1321 3584 per.

222 3591 363 3660 pulchrum
386 3592 419 3656 ab
445 3591 494 3643 illo
520 3597 681 3642 exstructum
708 3598 735 3640 et
765 3590 814 3642 sub
838 3594 947 3643 nomine
972 3594 1062 3643 matris
1083 3591 1138 3642 *dei
1166 3590 1320 3641 honoratum

223 3672 251 3714 et
276 3661 403 3730 templum
427 3664 547 3731 magistri
569 3663 683 3725 dictum,
711 3668 791 3729 atquc
810 3663 869 3729 ipse
887 3662 990 3715 Phocas
1017 3662 1139 3713 columna
1166 3669 1270 3712 erectus
1294 3661 1320 3710 in

136 3782 139 3786 .
222 3733 276 3783 hoc
296 3740 325 3783 ut
349 3734 436 3788 victor
459 3743 486 3785 et
504 3734 644 3796 feretrius,
671 3733 856 3785 documentum
876 3735 982 3786 virtutis
1011 3737 1068 3785 eius
1096 3742 1122 3783 et
1147 3734 1254 3799 pietatis
1278 3740 1320 3782 ta-

221 3804 257 3855 lis
276 3802 381 3853 insulae
401 3804 522 3857 cificiens
542 3805 750 3873 possessiouem
789 3812 869 3873 atque
889 3805 944 3856 vidi
965 3805 1035 3857 hune
1062 3805 1183 3872 equidem
1209 3819 1267 3855 cum
1294 3802 1320 3852 in

221 3873 337 3927 insulam
363 3874 498 3941 proiectus
521 3892 622 3940 essem,
643 3884 669 3926 et
692 3884 733 3926 est
750 3874 798 3927 ille
821 3875 916 3929 similis
936 3879 1043 3927 omniuo
1068 3876 1127 3943 regi
1150 3883 1228 3926 autea
1248 3889 1320 3925 com.

221 3953 368 3997 memorato
401 3944 507 3997 domiuo
535 3947 688 4030 Nicephoro
712 3946 883 4012 Boteniatae,
917 3947 979 3998 lidei
1010 3955 1099 3999 certae
1125 3948 1244 4030 signum,
1264 3960 1321 3997 esse

223 4017 295 4069 hunc
313 4017 347 4068 ab
366 4014 423 4068 illo
435 4018 583 4069 oriundum.
621 4020 673 4070 nisi
692 4026 780 4069 autem
806 4027 915 4085 propter
937 4018 1064 4102 pietatem
1084 4019 1141 4070 eius
1162 4025 1188 4068 et
1207 4019 1322 4069 circum.

224 4090 391 4153 spicieutiam
416 4088 522 4140 adesset
549 4090 573 4138 ci
600 4088 718 4140 divinum
738 4088 881 4154 auxilium,
913 4092 1018 4145 omuino
1037 4090 1165 4141 inefficax
1184 4089 1279 4141 luisset
1298 4095 1324 4137 et

224 4158 277 4210 iter
295 4162 324 4212 iu
342 4161 448 4218 Cretam
468 4166 620 4228 susceptum
639 4169 666 4211 et
680 4160 854 4213 consiliorum
873 4160 988 4216 hostium
1006 4160 1162 4227 declaratio,
1181 4167 1262 4231 atque
1280 4165 1324 4213 aut

715 4284 721 4325 l
