2875 4734
236 224 308 297 tto
499 220 503 232 ’
535 221 756 294 sarculatis
785 205 1044 295 aninmo

231 393 310 460 κατὰ
347 394 382 458 τό
412 392 543 479 πόεριον
577 395 683 462 αύτυύν
708 396 840 478 νόμιμον
875 399 932 479 τῆς
952 372 1036 471 ἰδίας
1065 395 1336 480 προκινδυνεῦσαι

94 497 113 554 f·
134 496 184 551 189
198 514 221 550 r·
232 497 405 580 θρησκείας
426 497 482 562 καί
503 498 635 571 πόλεως.
683 499 751 562 ἄλλ’
773 497 835 560 ούκ
858 491 1068 580 ἠδυνήθησαν
1092 498 1196 579 ’μέχρι
1217 492 1335 568 παντός
1432 555 1435 567 ,

232 601 409 679 ἀντισχεῖν·
463 595 517 661 διό
545 586 682 662 πολλῶν
699 595 761 681 γάρ
788 599 894 680 μερῶν
922 596 1127 678 περισχόντες
1154 592 1272 668 αύτούς
1303 592 1336 658 οἱ

228 693 468 778 Ῥωμαῖοι,καί
495 696 589 786 τόλμη
619 687 720 783 πολλή
748 703 803 764 καί
836 693 945 772 ὅπλοις
975 692 1136 780 ἑκηβόλοις
1157 694 1212 760 καί
1233 719 1335 761 συνα-

231 801 359 886 σπισμῷ
380 795 645 882 καταπλήξαντες,
669 795 880 883 δορνκτήτους
899 791 1018 870 αύτούς
1042 799 1257 881 πεποιήκασιν.
1280 797 1362 860 ε’πίὅ

231 900 267 963 δέ
287 922 322 982 γε
346 900 403 984 τής
434 897 631 985 ἀκροπόλεως
656 895 737 983 (ἔστι
763 897 825 983 γόρ
850 899 995 972 ἐπίπεδος
1015 901 1075 979 μὲν
1097 895 1152 960 καί
1173 890 1256 977 αότή
1280 898 1337 959 καί

230 998 266 1085 τῇ
287 999 378 1064 πόλει
395 996 592 1082 όμόστοιχος,
612 1003 731 1082 τείχεσι
746 1002 782 1064 δὲ
799 995 1013 1083 ὑψηλοτάτοις
1030 993 1108 1080 όγαν
1127 1001 1181 1061 κατ’
1201 993 1335 1080 πύργοις

180 1150 192 1162 ,
230 1098 350 1184 ἀερίοις
374 1101 600 1184 πεπυκνωμένη
629 1101 684 1164 καί
705 1092 772 1164 οἷον
797 1099 972 1183 ordinata)
1005 1099 1043 1161 ού
1063 1098 1212 1181 τοιαύτην
1239 1088 1335 1179 εὗρον

232 1196 262 1264 οἱ
281 1199 433 1282 Ῥωμαῖοι
452 1200 509 1284 τήν
536 1203 700 1266 εύκολίαν·
743 1203 845 1266 ἐκεῖσε
865 1198 927 1283 γόρ
951 1199 1254 1283 είσιόνΣαρακηνιόν
1275 1186 1334 1260 ούκ

230 1299 446 1386 εὐαρίθμητον
481 1306 603 1384 πλῆθος
633 1305 820 1386 ἐρρωμένως
863 1301 1017 1384 ἠμύνατο.
1077 1301 1115 1364 ού
1146 1297 1210 1384 μήν
1237 1302 1379 1383 με’χρῌθ
1431 1318 1435 1333 “

229 1405 348 1466 πολλοῦ
369 1403 424 1487 τήν
446 1402 592 1489 φυλακήν
613 1397 670 1485 τῆς
691 1397 791 1485 ἄκρας
811 1409 917 1486 τηρεῖν
939 1397 1162 1486 ἠδυνήθησαν·
1199 1398 1334 1464 Ικυκλόσε

230 1503 291 1587 γὰρ
318 1502 335 1566 ό
356 1500 508 1586 βασιλεύς
538 1499 646 1579 ὅπλοις
666 1506 721 1568 καί
737 1510 896 1586 μηχαναῖς
926 1499 1044 1576 αύτούς
1064 1504 1258 1580 κατατεινας,
1281 1501 1337 1564 καί

231 1603 436 1687 πετροβόλοις
459 1599 602 1686 ὀργάνοις
624 1603 679 1666 καί
699 1601 800 1678 τόξοις
830 1601 873 1675 σός
894 1601 1005 1686 νιφύσι
1028 1602 1260 1679 κατακοντίσας,
1282 1599 1337 1662 κατ’

231 1702 359 1786 χείματι
380 1697 437 1786 τήν
459 1699 578 1766 ἅλυσιν
593 1705 637 1766 ε’κ.
650 1707 832 1785 πολιορκίας
845 1703 1094 1782 ἐπιδειξόμενος,
1118 1699 1336 1772 ὑποσπόνδους

230 1799 391 1893 πεποιήκε.
415 1800 666 1888 πρεσβεύσαντες
681 1802 740 1886 γόρ
757 1805 815 1866 καί
833 1801 1020 1885 συγγνώμης
1037 1809 1148 1883 τυχεῖν
1161 1799 1337 1883 αἰτησόμε-
1348 1802 1380 1854 1'5

233 1926 293 1985 νοι,
313 1907 367 1968 κατ’
387 1895 502 1986 λύτρον
523 1904 579 1987 τήν
600 1901 757 1988 ἱκετηρίαν
777 1905 883 1967 αύτιόν
892 1926 925 1967 τε
941 1906 996 1967 καί
1013 1901 1171 1985 γυναικοῖν
1191 1903 1247 1964 καί
1258 1902 1336 1964 παί-

228 2007 298 2070 δων
320 2007 375 2069 καί
395 2007 451 2088 τής
473 2007 583 2090 λοιπῆς
603 2004 715 2079 ου’σίας
736 2007 950 2087 προθέμενοι,
972 2002 1028 2068 τόν
1050 2005 1184 2086 βασιλέα
1206 2003 1337 2066 κατεδυ-

233 2101 385 2191 σοόπησαν
407 2107 461 2170 καί
486 2109 562 2183 τῶν,
578 2103 654 2172 κατὰ
680 2102 799 2170 σκοπόν
821 2103 861 2167 ού
882 2103 1065 2190 διήμαρτον.
1116 2099 1336 2189 κυριεύσαντες

235 2207 271 2271 δὲ
292 2205 347 2271 καί
368 2209 423 2292 τής
446 2205 648 2294 α’κροπόλειυς
672 2203 710 2293 ὀἱ
730 2205 901 2286 Ῥωμαῖοι,
923 2204 1145 2288 μεσιτεύοντος
1166 2212 1231 2280 τοῖς
1251 2199 1338 2286 πρό-

233 2331 351 2391 γμαοιν
376 2305 494 2392 α’νδρύς
514 2309 685 2392 Ἀσσυρίου
708 2311 767 2390 μὲν
795 2304 940 2389 τὸγένος
968 2311 1106 2393 γε’ννημα
1127 2308 1180 2390 τῆς
1199 2302 1337 2386 μεγάλης
1346 2313 1382 2367 20
1431 2334 1435 2363 ;

231 2407 424 2490 Ἀντιοχείας
456 2407 681 2492 τυγχάνοντος,
703 2401 810 2492 οἴκρονς
841 2410 871 2472 δ’
899 2410 1108 2493 ἐξησκημένον
1134 2404 1189 2491 τήν
1207 2427 1240 2470 τε
1255 2402 1338 2468 Ῥω-

234 2505 352 2596 μαϊκήν
373 2507 490 2594 σοφίαν
511 2512 565 2574 καί
586 2510 755 2574 παίδευσιν
776 2508 831 2574 κατ’
852 2505 907 2592 τήν
929 2510 992 2574 τοῖν
1009 2509 1203 2592 Σαρακηνιύν
1223 2494 1277 2571 διό
1299 2503 1334 2568 τό
1430 2495 1435 2565 ἶ

235 2612 288 2693 τής
308 2605 437 2695 φύσεως
458 2602 608 2687 εύσταλὲς
629 2612 683 2674 καί
701 2607 876 2694 μετεοόρον,
901 2609 955 2674 καί
982 2610 1168 2694 προσίοντος
1190 2603 1337 2689 ε’ύμηχύ-
1433 2578 1434 2617 ¹

234 2733 295 2786 νιος
317 2710 355 2798 τῇ
377 2709 563 2797 α’κροπόλει,
582 2713 637 2776 καί
656 2707 714 2788 τός
734 2711 835 2786 πύλας
854 2709 1017 2787 Ῥουσικοῖς
1037 2701 1203 2787 όπλοιςδν
1223 2706 1269 2792 ,τῷ
1288 2705 1334 2768 εἰ.

235 2979 337 3036 cultum
363 2984 498 3052 proprium
523 2973 669 3037 defendere
697 2993 724 3037 et
742 2986 848 3038 urboms
876 2985 924 3038 sed
948 2999 1002 3036 non
1020 2989 1165 3051 potuerunt
1182 2997 1231 3050 per
1249 2980 1336 3032 omnia

235 3057 340 3107 durare.
383 3064 431 3122 pe'r
458 3055 553 3109 multas
574 3058 643 3108 enim
662 3065 752 3124 partes
778 3058 971 3108 circumdantes
1000 3070 1047 3108 eos
1066 3055 1161 3108 Graeci
1181 3061 1208 3104 et
1225 3054 1335 3105 audacia
1430 3096 1435 3114 ,

236 3127 320 3178 multa
339 3135 366 3177 et
389 3129 469 3180 armis
495 3129 597 3181 eminus
621 3129 709 3181 missis
736 3138 762 3180 ct
790 3137 924 3181 scutorum
950 3128 1094 3178 certamine
1112 3132 1243 3177 terrentes
1262 3123 1335 3175 bello
1432 3126 1435 3136 “

237 3205 330 3263 captos
350 3212 397 3250 eos
412 3200 554 3252 'feceruutt
575 3207 741 3252 comantem
755 3201 824 3251 arcis
845 3203 902 3268 (est
916 3201 986 3251 enim
1004 3215 1090 3266 aeque
1110 3199 1212 3263 etipsa
1231 3202 1258 3246 et
1275 3195 1334 3245 arbi

237 3269 327 3321 vicina
338 3276 365 3318 et
375 3270 456 3321 muris
475 3271 611 3322 altissimis
631 3271 710 3324 valde
724 3279 751 3322 et
760 3271 876 3322 turribus
895 3272 982 3322 aereis
996 3271 1097 3322 firmata
1108 3275 1135 3319 et
1145 3266 1334 3335 quodammodo

237 3340 353 3408 invicta)
371 3355 425 3391 uon
444 3340 525 3392 talem
544 3344 699 3394 invenirent
710 3342 805 3394 Graeci
824 3341 995 3407 facilitatem,
1015 3373 1049 3384 --
1067 3339 1134 3401 illue
1153 3340 1223 3390 enim
1241 3339 1336 3406 ingre.

171 3411 173 3418 '
237 3411 314 3462 diens
333 3409 529 3464 Saracenorum
548 3429 603 3464 non
631 3428 712 3479 parva
737 3413 879 3464 multitudo
908 3414 1014 3464 iortiter
1041 3412 1149 3463 arcebat
1165 3441 1200 3453 -
1218 3409 1336 3460 nonalia

237 3482 399 3549 praesidium
418 3485 488 3536 arcis
508 3499 617 3537 servare
636 3491 787 3549 potuerunt.
810 3484 881 3550 Gyro
902 3485 972 3535 enim
995 3500 1044 3536 rex
1062 3485 1142 3535 armis
1161 3490 1189 3533 et
1205 3481 1336 3532 machinis

238 3569 285 3606 eos
304 3569 427 3620 premens
448 3562 475 3605 et
492 3555 634 3621 catapultis
654 3563 681 3606 ct
706 3554 802 3608 iaculis
820 3565 850 3607 ut
867 3558 938 3608 nivis
956 3555 1128 3608 multitudine
1146 3552 1283 3615 iaculans,
1309 3557 1337 3601 et

238 3625 312 3677 vallo
333 3627 559 3693 expugnationem
579 3641 612 3676 ex
630 3628 831 3694 oppugnatione
850 3629 963 3690 minans,
983 3627 1103 3679 inducias
1117 3632 1239 3693 petentes
1258 3623 1334 3674 iecit.

237 3696 343 3763 legatos
363 3698 432 3748 enim
451 3699 586 3749 mittentes
603 3705 632 3774 et
648 3699 754 3750 veniam
773 3707 896 3765 petentes
917 3707 944 3750 et
957 3699 1057 3765 piaculi
1076 3712 1155 3750 causa
1173 3709 1269 3763 preces
1285 3704 1337 3744 au.

238 3766 298 3819 xilii
315 3781 376 3826 suas
402 3776 429 3818 et
451 3767 596 3820 'mulierum
622 3777 648 3820 et
676 3769 821 3821 liberorum
848 3779 875 3822 ct
895 3769 1018 3838 reliquae
1037 3766 1215 3836 possessionis
1234 3778 1336 3832 propo.

237 3844 332 3889 nentes
360 3853 451 3905 regem
476 3840 618 3906 supplicati
644 3848 704 3892 sunt
730 3849 756 3892 et
780 3857 795 3891 a
822 3842 960 3909 proposito
988 3857 1042 3894 non
1068 3840 1240 3892 aberrarunt:
1258 3836 1338 3902 potiti

238 3915 325 3960 autem
354 3909 432 3958 etiarn
459 3926 521 3962 arce
548 3911 641 3962 Graeci
666 3928 710 3964 res
739 3910 901 3965 conciliante
925 3913 1032 3964 homine
1058 3912 1186 3976 Assyrio,
1206 3909 1337 3975 originem

240 3996 254 4032 e
272 3993 367 4046 magua
385 3979 529 4032 Antiochia
542 3982 670 4046 lucente,
690 3991 717 4034 et
736 3983 815 4035 valdo
835 3985 981 4035 exercitato
1001 3985 1030 4034 in
1048 3983 1208 4035 Graecorum
1227 3979 1339 4044 sapien-

239 4052 276 4104 tia
296 4058 323 4102 et
343 4050 510 4103 institutione
530 4059 557 4102 et
572 4051 765 4106 Saracenorum
782 4064 893 4122 propter
910 4064 1029 4106 naturam
1057 4053 1165 4104 facilem
1183 4049 1338 4111 attalam,

214 4137 219 4142 ·
241 4130 268 4176 et
285 4122 431 4176 accedente
449 4131 511 4190 apte
529 4123 562 4178 ad
581 4139 669 4176 arcem
680 4132 707 4177 et
725 4133 816 4192 portas
834 4127 939 4181 liuticis
958 4126 1038 4178 armis
1055 4122 1232 4194 ingrediendo
1251 4120 1340 4174 obsti-
