2875 4734
586 267 795 338 HISTORIA.
1167 270 1238 347 189
1320 274 1323 279 ’

70 502 75 511 .
140 421 197 505 τήν
217 423 280 487 τών
302 430 569 510 πυρπολουμένών
594 424 675 517 δλην
703 430 1011 516 παρασκευάζοντος.
1052 436 1237 519 καταμαλά.
1291 474 1295 483 -

140 527 191 602 ξαι
213 524 247 589 δὲ
266 528 437 610 βουληθείς
475 525 491 591 δ
511 531 663 612 βασιλείας
693 532 748 618 τήν
767 536 825 598 τοῦ
845 532 1015 619 βαρβάρου
1038 536 1234 625 θρασύτητα,

42 719 46 726 ,
137 629 253 707 πέμπει
281 626 380 715 τούτῳ
408 629 466 712 τήν
492 632 730 715 ι’δίανγυναίκα
769 631 847 715 μετά
879 639 942 700 τών
973 639 1096 713 παίδων
1123 643 1234 708 αάτοῦ.

134 731 374 809 μεταπέμπεται
397 730 431 792 δὲ
452 732 505 795 καί
525 733 600 809 τούς
627 733 788 818 Τοάρκους
812 738 994 821 λαθραίως,
1016 732 1077 823 ήδη
1098 741 1135 826 τῇ
1149 734 1236 806 ‘Pro-

4 835 13 878 t
109 832 239 907 ὁμοίιον
258 831 496 914 προσβαλόντας
520 833 711 925 ἐπικρατείᾳ,
733 840 789 901 καί
809 842 939 913 πολλαῖς
955 834 1149 923 ἀποσχέσεσι
1165 846 1236 907 πεί-

131 932 187 993 θει
209 932 252 1017 τρῖ
276 929 444 1021 Ῥουτιλίῳ
473 936 761 1017 ἀνταγωνίσασθαι.
797 936 814 999 ὁ
844 939 878 1002 δὲ
893 938 1071 1019 Ῥουσέλιος
1093 936 1174 1028 άρας
1201 946 1236 1011 ἐκ

135 1029 373 1113 Χρυσοπόλεως
400 1036 445 1107 είς
468 1031 524 1117 τήν
546 1032 765 1119 Νικομήδειαν
786 1039 968 1117 σπουδαίως
996 1040 1234 1128 δπανεχώρησε.

132 1125 321 1210 βουλεύεται
351 1134 457 1197 τοίνυν
483 1129 558 1208 τοάς
580 1134 776 1217 στρατιώτας
807 1140 869 1201 τών
888 1135 1053 1219 Ῥωμαίων
1074 1141 1234 1228 διτοποιή-
1277 1165 1280 1172 ’

132 1234 256 1319 σασθαι
287 1234 343 1296 καί
371 1235 416 1308 εἰς
444 1235 562 1317 πλῆθος
591 1236 674 1330 μίγα
702 1236 755 1302 τόν
790 1241 902 1303 οἰκεῖον
931 1240 1055 1324 ἀγεϊραι
1088 1246 1232 1327 στρατόν.

89 1339 124 1395 10
133 1332 190 1394 καί
210 1328 263 1395 διά
288 1335 379 1397 τοῦτο
403 1336 465 1398 τών
486 1336 611 1415 δεομών
640 1334 804 1413 ἀπολύσας
836 1336 892 1401 τὸν
913 1344 1077 1427 Καίσαρα,
1100 1343 1155 1409 καί
1175 1368 1233 1430 φι-

131 1435 333 1516 λανθρώποις
358 1432 522 1513 δεξιώσεσι
541 1433 597 1510 τάς
625 1435 734 1521 πρώην
756 1436 908 1515 κακώσεις
937 1438 1025 1524 παρά
1049 1444 1154 1507 πάσαν
1175 1448 1260 1509 θε-ί.
1279 1448 1366 1507 tote.

130 1534 293 1616 punctione
314 1532 437 1618 ἐλπίδα,
459 1540 593 1616 βασιλέα
608 1540 777 1618 Ῥωμαίων
799 1543 908 1604 τοῦτον
934 1541 1106 1627 ἀνίστησιν,
1129 1544 1231 1630 εάφη-

129 1635 219 1714 μίαις
249 1637 306 1700 καί
337 1634 538 1721 παρασήμοις
567 1641 744 1719 βασιλικοῖς
773 1637 808 1703 τά
842 1640 958 1724 κράτος
988 1642 1073 1728 αάτρῖ
1094 1652 1231 1727 μεγαλο-

129 1737 255 1818 πρεπώς
276 1737 622 1820 συγκαταστησάμενος.
664 1740 734 1803 ἐπεί
766 1741 800 1803 δὲ
829 1737 908 1821 μετά
938 1738 995 1824 τήν
1018 1740 1230 1829 ἀναγόρευσιν

87 1847 120 1905 15
129 1830 240 1900 τοάτου
263 1834 391 1920 ἀγγελία
423 1862 468 1913 τις
488 1839 550 1901 τών
575 1834 722 1921 Τοδρκων
744 1834 851 1915 αάτοῖς
874 1844 1012 1925 ἐπήλθε,
1034 1847 1230 1936 πανστρατιᾷ

129 1934 184 2003 τδν
203 1935 368 2021 λεγόμενον
384 1939 521 2025 Σόφωνα
544 1939 579 2005 τδ
604 1932 677 2025 ὄρος
700 1938 895 2025 ὑπερβάντες
917 1941 1021 2026 ἀγχοῦ
1047 1948 1104 2010 τοῦ
1123 1971 1230 2034 φρου-

74 2118 77 2129 .
129 2040 201 2121 ρίου
227 2040 282 2121 τῆς
303 2042 495 2124 Μεταβολῆς
523 2039 581 2125 τήν
615 2041 820 2125 παρεμβολήν
849 2039 1048 2127 ἐποιήσαντο.
1102 2053 1165 2111 τών
1194 2050 1229 2113 δέ

128 2140 252 2203 σκοπών
288 2137 544 2222 ἀπαγγειλάντων
574 2136 618 2215 oie
648 2164 731 2215 τινες
759 2146 921 2223 πολέμιοι,
947 2144 987 2206 ου’
1012 2147 1139 2222 πλειόυς
1163 2149 1229 2223 τών

127 2232 262 2321 πέντεή
282 2240 315 2318 ἐξ
334 2240 501 2322 χιλιάδων,
526 2243 637 2315 αάτοῖς
653 2239 865 2327 ἐπεφάνησαν,
887 2240 989 2318 εάθδς
1014 2243 1228 2322 δῬουσίλιος

82 2336 164 2411 nord
187 2335 332 2413 insolitos
356 2341 514 2419 ἀλαλάξαι
536 2346 744 2424 προσέταττε,
768 2345 821 2406 καί
841 2340 874 2406 τὰ
899 2342 1122 2427 στρατιωτικόν
1143 2338 1228 2411 άπαν

128 2436 280 2519 ἐξώπλιζε
303 2437 384 2524 πρδς
414 2440 468 2505 τδν
492 2441 639 2522 πόλεμον.
687 2428 768 2527 ηὀαν
802 2445 836 2508 δέ
860 2442 975 2519 πάντές
996 2440 1026 2508 οἱ
1045 2443 1145 2536 κου’τιρ
1167 2472 1229 2511 ου-

126 2537 369 2625 οτρατευόμενοι
392 2538 534 2626 Φράγγοι
555 2536 739 2611 ἑπτακόσιοι
761 2544 815 2610 καί
842 2548 1010 2629 δισχιλιοι·
1034 2549 1140 2622 ου’δείς
1163 2545 1226 2634 γάρ

126 2635 171 2706 ἔτι
191 2645 254 2707 τών
278 2641 447 2725 Ῥωμαίων
472 2646 580 2721 adroic
612 2642 794 2732 προσερράη
827 2643 881 2711 διά
903 2646 939 2711 τὸ
962 2645 1020 2733 τήν
1041 2644 1150 2736 φήμην
1171 2652 1227 2734 τῆς
1299 2672 1303 2683 ’

198 2807 223 2858 1.
242 2810 497 2881 παρασκευάζοντα
515 2810 545 2865 0.

49 3007 52 3014 ,
127 2955 231 3021 liberis,
250 2958 363 3010 arcessit
381 2960 459 3012 etiam
478 2958 575 3012 'furcas
596 2959 663 3011 clam
681 2960 733 3011 iam
746 2960 907 3012 Graecorum
926 2959 1091 3026 provinciam
1109 2974 1223 3028 aggres.

125 3028 171 3081 s'os
191 3036 218 3079 et
235 3028 325 3083 multis
343 3033 480 3099 promissis
498 3032 640 3099 persuadet
658 3038 687 3079 ut
707 3028 818 3079 Ruselio
837 3030 1050 3081 adversarentur.
1098 3029 1223 3083 Ruselius

127 3107 214 3151 autem
233 3109 319 3154 castra
337 3117 448 3156 movens
468 3092 629 3167 chrysopoli
647 3098 827 3151 Nicomediam
852 3099 971 3151 studiose
989 3100 1118 3151 recessit:
1137 3100 1225 3151 studet

126 3172 209 3239 igitur
232 3172 332 3226 milites
352 3175 512 3227 Graecorum
541 3170 592 3220 sibi
617 3169 765 3221 conciliare
791 3169 866 3220 etad
890 3170 1084 3222 multitudinem
1101 3185 1223 3239 magnam

127 3258 202 3294 suum
220 3258 318 3312 cogere
339 3244 500 3296 exereitum:
520 3248 599 3307 atque
618 3240 678 3295 ideo
698 3239 814 3292 vinculis
837 3240 946 3294 solvens
967 3241 1108 3297 Caesarem
1127 3250 1153 3294 et
1170 3242 1222 3294 be.

126 3314 215 3381 nignis
233 3317 326 3383 gratiis
344 3315 449 3382 priores
474 3312 585 3362 iniurias
609 3319 715 3378 praeter
740 3326 843 3363 omnem
862 3328 936 3379 spem
961 3314 1111 3381 corrigens,
1130 3330 1222 3383 regem

127 3385 288 3438 Graecorum
307 3386 377 3436 huno
396 3384 514 3435 restituit
531 3382 734 3447 salutationibus
763 3392 790 3435 et
807 3384 955 3453 insignibus
973 3386 1057 3453 regiis
1076 3388 1221 3453 potentiam

126 3459 152 3507 oi
170 3458 310 3524 magnifice
330 3456 503 3507 constituens.
542 3471 599 3505 cum
618 3462 704 3507 autem
719 3463 780 3522 post
795 3455 1002 3509 declarationem
1016 3456 1094 3507 huius
1112 3458 1220 3507 nuntius

124 3527 266 3579 Turoarum
284 3528 324 3585 iis,
335 3528 484 3590 afferretur,
502 3534 560 3578 toto
577 3542 636 3576 cum
655 3528 776 3578 exercitu
794 3525 945 3594 Sophonem
959 3529 1009 3597 'qui
1028 3528 1123 3579 dieitur
1141 3542 1220 3577 mon.

124 3606 178 3650 tem
194 3600 354 3666 transgressi
373 3612 457 3665 prope
475 3598 613 3650 castellum
623 3597 774 3650 bletabolcn
793 3607 879 3651 castra
897 3604 1051 3666 posuerunt.
1089 3596 1220 3663 quodcum

124 3668 307 3737 speculatores
325 3672 501 3734 nuntiassent,
514 3669 605 3721 hostes
619 3667 774 3731 nonnullos,
793 3684 847 3720 nou
863 3669 953 3735 plures
973 3669 1090 3736 quinque
1109 3676 1220 3721 καιτοι

124 3740 232 3792 milibus
252 3740 303 3793 sibi
322 3743 486 3809 apparuisse,
506 3742 592 3799 statim
610 3739 736 3791 Ruselius
756 3738 899 3791 clamorem
917 3738 1043 3791 bellicum
1062 3738 1123 3791 tolli
1142 3741 1220 3793 iussit

125 3821 152 3864 et
171 3813 317 3864 exercitum
336 3814 488 3865 uuiversum
505 3812 538 3863 ad
553 3811 653 3864 bellum
672 3810 826 3876 apparabat.
848 3819 922 3862 erant
941 3818 1027 3862 auteur
1046 3826 1153 3877 omnes,
1172 3813 1219 3879 qui

124 3900 183 3936 cum
211 3885 263 3936 hoo
288 3883 453 3948 militarent,
479 3883 573 3935 Franci
601 3882 764 3949 septingenti
792 3889 819 3932 et
848 3880 889 3933 bis
917 3881 1000 3934 mille.
1046 3898 1124 3935 nemo
1149 3884 1219 3934 enim

126 3958 259 4008 etiamtum
285 3956 444 4008 Graecorum
471 3956 504 4006 iis
522 3953 686 4017 adduxerat,
712 3953 775 4019 quia
794 3952 862 4003 lama
888 3953 1075 4009 declarationis
1095 3953 1218 4009 Caesaris

123 4028 236 4080 nondum
256 4027 394 4095 divulgata
413 4034 440 4077 ct
457 4027 545 4079 audita
563 4034 622 4078 crat
640 4025 759 4079 Graecis.
797 4039 855 4076 oum
880 4034 967 4078 autem
984 4028 1136 4080 detinerent
1154 4040 1217 4076 oure

123 4113 178 4151 sum
198 4107 225 4151 et
243 4099 342 4154 caesar
361 4106 388 4149 et
406 4099 511 4165 quidam
529 4097 705 4159 nobiliorum,
725 4103 754 4146 ut
773 4096 845 4148 clare
864 4098 1049 4165 perspicerent
1066 4095 1217 4149 multitudi-

122 4183 183 4222 nem
201 4170 432 4235 adversariorum,
451 4185 505 4223 non
525 4178 583 4235 est,
607 4167 719 4224 Ruselio
746 4167 799 4237 ille,
813 4170 865 4235 ait,
886 4168 1038 4235 ferendum,
1060 4184 1149 4223 coram
1167 4184 1217 4225 sex
