2875 4734
588 303 799 377 πιοτοιιι.
912 282 913 291 '
1169 296 1243 381 ,τοι

145 471 213 539 τοῖς
236 456 319 538 όλοις
342 460 551 547 ἀπαγορεύων
572 467 627 546 καί
645 468 700 548 τῆς
728 465 895 547 βασιλικῆς
926 464 1044 547 ε’κείιης
1062 461 1247 549 λαμπρότη-

147 587 198 639 τος
229 563 284 628 καί
308 567 364 647 τῆς
398 568 513 648 μέχρις
551 566 690 649 ούρανοῦ
715 564 899 650 φθανούσης
929 564 1039 646 δόξης,
1069 565 1247 644 μᾶλλονδὲ

148 667 201 756 τῆς
231 665 314 747 ύιιὲρ
347 666 412 729 τῶν
428 662 598 746 Ῥωμαίων
632 668 853 750 ἀνδραγαθίας
880 665 1012 729 τοιαῦτα
1039 662 1248 745 κομισάμενος

146 762 186 827 τό
211 766 367 848 ἐπίχειρα.
411 767 585 851 προαχθείς
612 758 668 831 οόν
690 769 724 831 έν
751 767 876 831 εύτελεϊ
892 766 944 853 ,τῷ
971 762 1131 849 ὑποζυγίῳ
1151 768 1248 847 μέχρι
1340 785 1344 793 ·

120 866 202 948 ὅϊῆο
224 863 443 949 Προποντίδος
466 866 579 949 αότής,
601 862 707 951 ῶσπερ
732 869 847 949 πτῶμα
868 865 1001 951 σεοηπὸς
1022 868 1152 943 εἵλκετο,
1174 861 1248 943 τούς

144 968 205 1045 μέν
229 963 420 1049 ὀφθαλμούς
442 973 741 1051 κατορωρυγμένους
766 966 858 1051 ἔχων,
883 968 941 1051 τήν
964 971 1000 1033 δέ
1025 962 1166 1052 κεφαλήν
1187 962 1247 1033 σύι

145 1072 211 1139 τοῖς
234 1063 414 1146 προσοίκοις
445 1070 659 1155 ε’ξηιδηκυίον,
691 1073 747 1134 καί
774 1059 937 1155 σκῶληκας
967 1071 1088 1137 ἐκεῖθεν
1123 1063 1247 1142 δεικνύς

144 1160 392 1245 οἷποπίπτοντας.
447 1169 568 1253 ἡμέρας
598 1172 625 1233 δ’
662 1172 768 1255 όλίγας
802 1169 959 1235 διαλιπιδν
992 1167 1162 1243 ἐπωδύνως
1192 1162 1400 1231 τόν1071οσο

144 1274 238 1351 βιον,
275 1269 414 1352 scirpi
452 1273 507 1353 τῆς
538 1275 683 1354 τελευτῆς
712 1260 1062 1355 όδωδιός,ὀίπολείπει,
1092 1270 1130 1358 τή
1162 1265 1247 1357 νήσῳ

101 1374 183 1458 ιοτή
207 1367 331 1457 Πρῶτη
361 1369 417 1435 τόν
449 1374 530 1451 χσύν
562 1374 759 1451 α’ποδέμενος
790 1375 870 1441 κατὰ
902 1368 959 1453 τήν
991 1373 1106 1453 ταύτης
1139 1367 1247 1452 α’κριό-

145 1496 250 1557 ρειακ,
277 1470 356 1536 ἔνθα
384 1475 453 1537 νέον
487 1473 603 1548 ἐκεῖνος
624 1474 772 1553 adalbero
795 1468 1057 1557 φροντιστήριον,
1082 1471 1250 1554 κηδευθείς

71 1614 76 1623 -
144 1577 204 1655 μὲν
223 1573 403 1663 πολυτελῶς
425 1570 513 1655 παρὰ
539 1575 595 1655 τῆς
616 1576 691 1656 πρίν
705 1570 869 1651 βασιλίδος
889 1573 945 1636 καί
957 1567 1160 1650 όμεονέτιδος
1181 1571 1270 1635 Εύ-·

144 1667 277 1756 δοκέοις,Ι
306 1676 361 1756 τῆς
395 1674 454 1735 τού
475 1674 663 1755 κρατοῦντος
685 1670 804 1755 μητρός
828 1670 944 1756 (ἐκείνη
966 1669 1027 1753 γόρ
1052 1672 1249 1759 αἰτησαμένη

144 1774 199 1839 τόν
220 1770 291 1837 υἱόν
314 1771 371 1855 τήν
401 1775 493 1855 νήσου
519 1772 640 1856 ταύτην
672 1778 863 1854 καταλαβεῖν
883 1773 982 1859 τούτῳ
1010 1769 1049 1836 τό
1073 1776 1128 1855 τής
1158 1770 1249 1847 όσίας

102 1888 136 1945 15
145 1873 349 1960 φιλοφρόνως
381 1873 538 1958 ἐτέλεσε),
570 1872 695 1956 μνήμην
724 1876 758 1937 δὲ
781 1872 1058 1946 καταλιπόντας
1080 1876 1249 1952 μετέπειτα

146 1977 209 2040 τῶν
222 1976 280 2040 τού
292 1970 366 2054 'ida
379 1970 500 2039 ἐκείνου
518 1971 769 2056 δυστυχημάτων
786 1964 1040 2057 δαερβσίνουσαν
1056 1968 1113 2054 τήν
1129 1969 1251 2055 ύκρόα-

142 2101 209 2143 σιν.
261 2078 353 2139 τούτο
387 2077 421 2139 δέ
453 2071 719 2167 θαυμασιώτατον
752 2069 909 2154 δι’μακαί
937 2071 1156 2156 γενναιότατον
1185 2080 1279 2145 τοῑςι.
1291 2078 1345 2137 204
1356 2096 1384 2137 r.

145 2179 223 2243 πᾶσι
236 2178 377 2260 διήγημα
391 2181 626 2256 καταλέλοιπεν,
638 2169 692 2240 ότι
713 2178 767 2239 έπί
780 2184 844 2250 τοῖς
856 2171 1048 2259 τηλικούτοις
1061 2182 1250 2259 πειρασμοῖς

147 2282 203 2342 καί
226 2277 466 2361 ,α’παραμίλλοις
503 2286 610 2350 κακοῖς
649 2277 741 2339 οόδέν
770 2272 964 2367 βλάσφημον
996 2268 1017 2365 ή
1046 2273 1251 2358 μικρόψυχον

103 2376 391 2464 λιθιόπιρδέγξατο,ι
408 2378 476 2441 ἀλλ’
505 2378 707 2459 εὐχαριστῶν
730 2376 862 2439 διετέλει
884 2375 939 2443 καί
961 2376 1086 2458 χρόνων
1106 2374 1274 2459 apocal--
1317 2454 1320 2459 Ι

150 2504 206 2565 κην
236 2477 391 2563 έπιζητῶν
419 2470 453 2543 έν
481 2486 607 2562 κακοῖς,
638 2480 690 2541 ἵνα
714 2470 930 2563 εύαρεστήση,
952 2478 1049 2563 φησίν
1058 2472 1081 2558 ,“
1090 2478 1134 2564 τῷ
1156 2468 1251 2560 ποιή-

147 2605 249 2661 σαντι,
272 2577 329 2644 τόν
349 2584 404 2664 τής
424 2579 588 2663 ἀσκήσεως
611 2578 728 2663 δρόμον
748 2576 886 2655 διανύιρν
909 2576 1149 2661 έπιπονιόττρον.

249 2680 331 2749 Ἀλλ’
352 2680 369 2747 ό
392 2685 451 2763 μὲν
470 2684 505 2747 έν
529 2679 689 2756 τοσούτοις
712 2679 849 2765 ἀνιαρῶς
877 2677 913 2742 τό
938 2682 994 2765 ζῆν
1015 2682 1249 2767 καταστρέψας,

143 2800 147 2805 ’
225 2815 267 2872 14.
288 2817 388 2879 ὀσσιας
408 2818 437 2872 O.
822 2800 829 2813 ⁸
1221 2814 1226 2819 '

151 2940 244 3008 bilem,
264 2940 449 2995 semimortuus
462 2940 581 2993 iacebat:
601 2948 679 2993 autea
697 2942 749 2992 iam
769 2940 906 2992 confectus
925 2939 970 2992 rel
989 2939 1091 3003 morbo,
1110 2946 1165 2990 tum
1183 2954 1250 2993 uero

152 3012 273 3066 omnibus
296 3028 325 3065 se
344 3011 469 3079 abdicans
488 3021 626 3081 postquam
647 3019 674 3062 et
696 3011 767 3077 regii
785 3010 859 3060 illius
879 3009 1028 3075 splendoris
1049 3017 1076 3060 et
1094 3010 1126 3059 ad
1145 3010 1251 3061 coelum

149 3101 235 3154 usque
255 3093 361 3137 erectae
379 3084 494 3153 gloriae,
514 3092 594 3149 atque
612 3083 678 3133 adeo
705 3080 861 3130 meritorum
880 3080 913 3130 de
934 3082 1041 3133 Graecis
1061 3095 1168 3133 suorum
1186 3080 1258 3132 talia*

151 3160 256 3224 accepit
274 3158 399 3224 praemia.
443 3156 542 3205 Vectus
566 3153 649 3220 igitur
676 3150 792 3216 simplici
816 3150 934 3201 iumento
954 3167 1038 3219 usque
1057 3152 1088 3202 ad
1106 3151 1251 3217 Proponti-

75 3250 79 3262 ν
151 3230 219 3292 dem,
233 3231 309 3296 quasi
321 3228 436 3279 cadaver
448 3230 605 3290 putrescens
620 3221 783 3285 trahebatur,
804 3220 897 3273 oculos
908 3224 1030 3275 defossos
1042 3223 1153 3288 habeus,
1173 3231 1267 3291 capati

150 3308 237 3353 autem
248 3317 307 3352 cum
318 3314 365 3350 ore
384 3294 564 3357 tumefactum
585 3302 612 3344 et
626 3309 731 3345 vermes
741 3295 803 3345 iude
820 3292 947 3347 exhibens
967 3291 1138 3349 decidentes:
1158 3298 1250 3362 paucis
1275 3352 1280 3363 ,

150 3379 237 3422 autem
257 3372 350 3424 dicbus
364 3366 522 3420 intermissis
535 3366 634 3417 misere
658 3367 740 3418 vitam
763 3374 843 3434 atque
862 3374 923 3418 ante
936 3377 1047 3419 mortem
1067 3369 1144 3421 olens
1163 3370 1250 3421 relln.

150 3444 217 3513 quit,
236 3442 341 3495 insulae
350 3439 447 3491 Protae
467 3437 597 3508 (primae)
618 3436 769 3504 sepulcrum
787 3438 893 3491 tradens
911 3440 939 3491 in
959 3440 1016 3490 eius
1036 3442 1109 3508 iugo,
1130 3440 1175 3491 ubi
1196 3456 1250 3490 nu.

121 3523 125 3528 ·
150 3530 200 3581 per
219 3514 269 3564 ille
289 3511 479 3563 monasterium
500 3510 736 3575 exaedificaverat3
764 3518 869 3563 curatus
893 3513 1033 3580 magnifice
1060 3512 1183 3577 apriore
1202 3528 1249 3562 re..

149 3584 213 3651 gina
232 3592 259 3633 et
287 3597 371 3633 uxore
395 3581 515 3634 Eudocia
539 3583 708 3648 imperatoris
733 3590 832 3633 matre:
859 3582 922 3651 (illa
946 3584 1016 3633 enim
1036 3598 1051 3633 a
1068 3582 1124 3633 filio
1144 3590 1249 3648 petens,

148 3663 179 3721 ut
199 3652 313 3706 insulam
337 3652 405 3706 banc
425 3662 585 3723 occuparet,
611 3654 674 3703 buic
702 3669 745 3706 res
770 3652 913 3721 religiosas
940 3653 1076 3704 benevole
1101 3653 1248 3725 perle'citr]

149 3735 230 3795 atque
249 3727 400 3778 memoriam
409 3724 567 3793 relinquens
589 3726 714 3791 posteris,
735 3740 802 3793 quae
821 3724 932 3791 gloriam
951 3723 1079 3775 malorum
1098 3724 1155 3777 lobi
1174 3724 1250 3777 illius

151 3798 303 3849 excederet.
340 3797 392 3849 boc
415 3806 503 3850 autem
522 3794 747 3848 mirabilissimum
766 3794 843 3846 simul
864 3803 891 3845 ct
914 3793 1108 3847 nobilissimum
1128 3796 1249 3850 omnibus

149 3877 333 3939 argumentum
351 3868 480 3937 reliquit,
509 3867 578 3937 quod
607 3869 634 3918 in
661 3867 741 3917 tantis
764 3865 1004 3932 periclitationibus
1024 3876 1051 3919 et
1069 3868 1249 3936 singularibus

148 3940 226 3993 malis
243 3940 312 3992 nibil
331 3941 405 4007 impii
424 3947 470 3991 aut
487 3947 569 3991 tenue
586 3938 780 4006 pronuntiavit,
799 3936 847 3987 sed
864 3938 974 4005 gratiam
992 3938 1096 3990 referre
1116 3954 1248 4006 peracre.

149 4012 224 4064 rabat
243 4022 270 4065 et
296 4012 424 4077 temporis
443 4013 625 4063 accessionem
652 4024 783 4077 quaerere
809 4008 837 4059 in
856 4008 932 4061 malis
951 4018 980 4060 ut
1000 4010 1135 4077 placeret,
1155 4010 1201 4073 ait,
1225 4009 1252 4060 ei

150 4084 195 4151 qui
213 4085 400 4152 proposuisset
415 4083 570 4135 tentationis
590 4096 703 4143 cursum,
724 4081 747 4131 si
766 4080 908 4146 perliceret
927 4096 985 4132 eum
1005 4081 1149 4133 laboriose.

203 4173 206 4178 ⁴
249 4172 302 4231 Sed
322 4172 366 4225 bic
384 4171 490 4243 quidem
501 4180 640 4240 postquam
658 4170 686 4226 in
704 4171 784 4228 tantis
803 4172 900 4225 misere
921 4172 1002 4247 vitam
1020 4170 1116 4243 trivit,
1136 4168 1248 4227 multum
1295 4188 1301 4202 “
