2875 4734
1299 47 1317 73 x

1319 77 1400 188 χχ.

584 198 794 269 HISTORIA.
1169 196 1238 279 161

139 378 197 431 νας
218 351 349 431 ίδόντας
370 350 431 431 τδς
448 360 510 421 ταῖν
528 358 697 437 Ῥωμαίων
721 356 889 446 φάλαγγας
911 358 1049 437 ἐντάξαι
1070 358 1124 425 καί
1137 360 1243 450 κόσμῳ

140 454 197 539 καί
212 458 370 545 πολεμικῷ
392 458 631 544 παραστήματι.
674 462 729 526 καί
758 458 788 524 ολ
818 462 878 542 μὲν
906 458 1064 546 προήεσαν
1092 462 1137 537 εἷς
1165 464 1242 526 τοῦ-

138 556 243 636 πίσω,
274 550 291 617 ό
314 557 349 619 δὲ
369 556 521 638 βασιλεός
547 559 681 625 κατόπιν
705 562 810 627 adeda
834 559 1036 644 πανστρατιᾷ
1060 562 1238 640 ἐπεδίωκεν,

137 655 196 733 ἕως
227 651 293 741 δρα
325 658 412 742 δείλη
444 657 525 742 δψία
553 663 738 744 κατέλαβεν.
793 664 864 727 ἐπεί
893 658 960 723 δ’ὁ
990 658 1144 742 βασιλεδς
1167 660 1241 740 τοὺς

1 841 9 853 h
112 760 419 840 5ιίντιτεταγμένους
441 762 497 824 καί
513 762 802 843 αἰτιπολεμοόντας
824 754 884 825 οόκ
897 756 973 843 εἶχε,
992 758 1049 841 τήν
1063 763 1099 825 δὲ
1114 784 1241 841 παρεμ-

127 855 245 941 βολήν,
263 859 463 945 ἐψιλωμένην
488 865 693 944 στρατιωτῶν
729 865 784 928 καί
813 865 1044 948 πεζοφυλοίκων
1072 863 1242 944 ἐγίνωσκε,

135 956 203 1039 διόΙ
221 956 256 1022 τό
300 962 378 1043 μηδ’
407 962 555 1044 εόπορεῖν
584 960 696 1028 ἱκανοῦ
727 962 869 1048 πλήθους
900 956 979 1027 ὥστε
1001 965 1057 1028 καί
1089 964 1241 1046 παρατό-
1332 1032 1335 1036 ,

134 1063 199 1136 ξεις
221 1061 362 1125 ἐνταόθα
393 1069 592 1145 καταλιπεῖν,
620 1055 681 1149 ήδη
716 1068 1028 1149 προεξαντληθέντων
1059 1067 1123 1127 τῶν
1152 1067 1240 1128 πλεί-

135 1184 234 1240 στων,
268 1158 311 1234 οδς
333 1161 585 1246 προδιειληπται,
611 1162 691 1248 ἔγνω
711 1163 756 1247 μή
782 1170 888 1228 πλεῖον
910 1166 1064 1230 ἐπιτεῖναι
1085 1162 1139 1247 τήν
1162 1154 1240 1229 δίω-

93 1266 204 1343 1οξιν,
226 1261 344 1345 ἵναμή
369 1260 463 1345 λόχον
495 1264 698 1349 πεποιηκότες
723 1266 753 1329 οἱ
779 1268 913 1349 Τοῦρκοι
938 1265 1113 1356 α’φυλόκτην
1140 1262 1262 1355 ταότη-

137 1359 327 1444 έπίθωνται,
361 1363 417 1427 καί
452 1357 521 1444 ἅμα
558 1368 741 1430 διασκοπεῖν
773 1360 816 1441 αἱς
848 1367 878 1430 εἰ
915 1371 1021 1428 πλεῖον
1056 1370 1238 1449 ἐκμακρυν·

136 1462 224 1544 θείη,
254 1462 472 1544 καταλήψεται
493 1466 599 1529 τοῦτον
622 1470 655 1531 ἐν
681 1467 719 1552 τῇ
746 1466 889 1553 ἐπανόδρι
913 1461 931 1546 ή
957 1466 1031 1543 νύξ,
1063 1470 1117 1529 καί
1149 1491 1239 1548 τηνι-

137 1565 236 1625 καῦτα
265 1558 294 1626 οἱ
326 1564 462 1647 Τσόρκοι
499 1569 710 1649 παλίντροπον
744 1564 883 1649 θήσουσι
920 1563 976 1648 τήν
1013 1565 1136 1656 φυγήν,
1165 1564 1240 1652 έκη-
1326 1614 1329 1632 .

135 1664 225 1743 βόλοι
250 1662 468 1746 τυγχάνοντες.
517 1665 572 1729 διαὶ
602 1671 705 1731 ταῦτα
739 1668 794 1731 καί
823 1664 880 1749 τήν
908 1665 1077 1749 βασιλικήν
1099 1674 1241 1752 σημαίαν

92 1786 126 1840 15
136 1766 332 1846 ἐπιστρέψας
361 1762 473 1850 νόστου
505 1767 740 1849 ἐπιμνησθῆναι
770 1765 960 1849 διήγγελλεν.
1005 1763 1035 1832 οἱ
1062 1768 1098 1831 δὲ
1130 1765 1240 1851 πόρρω

138 1861 196 1939 τός
227 1866 392 1949 φάλαγγας
432 1861 556 1948 ἔχοντες
597 1868 819 1951 στρατιῶται,
857 1862 913 1948 τήν
951 1863 1148 1951 ἐπιστροφήν
1183 1869 1240 1948 τής

134 1967 302 2047 βασιλικής
325 1968 465 2047 σημαίας
486 1965 619 2042 ἰδόντες,
643 1963 796 2055 ᾠήθησαν
818 1960 897 2053 ήττη
919 1962 1127 2047 τὸνβασιλέα
1149 1989 1239 2048 περι·
1288 2054 1290 2061 y

138 2074 255 2130 πεσεῖν.
300 2064 344 2141 τός
364 2066 392 2129 δ’
414 2064 444 2129 οἱ
466 2067 579 2131 πολλοί
599 2068 868 2151 πληροφοροῦσιν,
890 2060 937 2130 ὅτι
959 2071 1023 2131 τῶν
1046 2064 1239 2151 έφεδρευόν-

137 2190 202 2232 των
221 2164 310 2254 αὐτῷ
331 2190 390 2246 τις,
409 2163 584 2251 ἐξάδελφος
604 2160 650 2231 τόν
672 2170 714 2253 τη]
735 2168 793 2231 rori
813 2172 970 2249 βασιλέως
997 2172 1139 2251 προγονῷ
1166 2174 1240 2233 Μι-

91 2288 128 2344 20
136 2266 232 2351 χαήλ,
254 2270 566 2351 προβεβουλευμένην
581 2264 664 2348 ἔχων
679 2266 735 2350 τήν
757 2265 836 2331 κατό
852 2266 968 2331 τούτου
981 2265 1162 2353 ἐπιβουλήν,
1177 2269 1240 2331 αδ-

141 2358 272 2443 τδςτόν
292 2372 432 2433 τοιοῦτον
454 2365 545 2449 λόγον
567 2374 631 2441 τοῖς
653 2362 864 2450 στρατιοόταις
889 2368 1056 2452 διέσπειρε,
1079 2370 1133 2433 καί
1153 2368 1238 2451 ταχδ

137 2466 211 2542 τούς
232 2470 365 2545 οἰκείους
386 2463 557 2549 α’ναλαβοδν
582 2468 828 2551 (ἐμπεπίστευτο
849 2466 909 2553 γόρ
931 2463 1019 2550 παρό
1043 2468 1167 2552 τήςτοό
1177 2473 1240 2551 βα-

137 2570 250 2644 σιλέως
271 2570 506 2652 καλοκαγαθίας
536 2560 574 2633 οό
601 2567 717 2653 μικρόν
748 2594 778 2633 τι
805 2572 901 2655 μέρος
932 2570 1027 2655 λαοῦ)
1068 2570 1173 2657 φυγὰς
1195 2572 1240 2647 εἰς

138 2848 249 2917 mages,
269 2862 334 2917 quas
351 2848 411 2899 acie
428 2847 558 2901 instructa
577 2854 604 2901 et
622 2848 766 2901 secuudum
785 2848 892 2902 ordines
919 2856 946 2899 et
963 2847 1129 2917 disciplinam
1147 2849 1238 2903 collo.

140 2929 212 2973 eatas
232 2928 259 2971 et
275 2918 378 2972 bellico
396 2936 455 2972 cum
474 2918 566 2972 habitu
585 2920 719 2973 videbant.
758 2927 838 2987 atque
856 2920 949 2971 hostes
967 2920 1074 2986 quidem
1091 2934 1171 2987 porro
1190 2938 1237 2974 re.

139 2992 225 3063 gressi
243 2998 313 3056 sunt,
332 3008 379 3043 rex
399 3007 465 3044 vero
487 2993 608 3044 omnibns
628 3008 686 3042 cum
708 2990 794 3055 copiis
817 3003 863 3039 eos
882 2997 988 3041 secutus
1013 2998 1062 3053 est,
1082 2992 1237 3045 donee‘ve-

139 3079 201 3131 sper
220 3063 334 3115 adesset.
373 3079 431 3115 cum
450 3072 537 3114 autem
555 3078 605 3113 rex
629 3061 680 3112 sibi
698 3059 837 3125 oppositos
858 3067 885 3110 ct
904 3062 1061 3111 resistentes
1079 3076 1133 3111 non
1152 3060 1237 3112 habe.

139 3143 190 3198 ret,
211 3142 296 3187 castra
313 3142 401 3186 antem
418 3135 517 3184 nudata
535 3130 663 3182 militibus
682 3128 872 3197 peditibusque
890 3129 1064 3198 vigilantibus
1086 3146 1237 3199 cognosce.

138 3214 195 3259 ret:
221 3207 283 3274 quia
303 3221 357 3258 uon
377 3205 441 3257 satis
459 3217 550 3254 secum
569 3200 661 3253 habuit
680 3201 835 3266 copiarum,
859 3202 897 3252 ita
918 3209 948 3252 ut
974 3202 1053 3253 etiam
1072 3203 1178 3256 ordines
1199 3203 1237 3255 ibi

138 3278 307 3345 relinqueret
324 3274 477 3340 defatigatis
496 3274 547 3323 iam
566 3279 686 3339 utsupra
704 3271 801 3322 dictum
815 3272 961 3341 plerisque,
982 3276 1073 3327 statuit
1090 3289 1144 3326 non
1162 3274 1237 3328 ulte.

137 3351 194 3401 rias
217 3364 264 3402 eos
282 3346 418 3415 persequi,
437 3359 472 3394 ne
491 3343 590 3395 Tuscae
608 3344 713 3395 insidiis
741 3343 819 3396 iactis
845 3352 931 3397 castra
950 3361 964 3396 a
983 3347 1125 3412 praesidiis
1142 3348 1238 3399 relicta

139 3421 360 3490 aggrederentur,
378 3415 510 3483 simulque
531 3417 671 3483 cogitans,
690 3424 796 3467 noctem
821 3430 850 3467 se
868 3418 1022 3469 'redeuntem
1050 3427 1237 3485 occupaturam

139 3508 219 3553 esse,
246 3491 268 3542 si
299 3487 412 3539 ulterius
433 3488 503 3540 viam
522 3488 679 3539 extenderet
711 3495 738 3539 et
755 3485 851 3540 Turcaa
878 3488 974 3556 e‘iuga
993 3503 1163 3556 regressuros
1181 3497 1236 3541 tum

139 3578 215 3625 esse,
246 3561 345 3627 qnippe
370 3559 416 3626 qui
436 3557 499 3611 telis
523 3555 593 3609 bene
622 3566 770 3612 uterentur.
818 3559 987 3628 quamobrem
1006 3561 1109 3627 regiam
1131 3562 1236 3628 signum

137 3639 278 3686 revertens
303 3631 404 3682 reditus
435 3631 587 3682 meminisse
618 3646 709 3683 omnes
734 3630 820 3684 iussit.
870 3633 916 3699 qui
950 3646 1015 3683 vero
1040 3631 1153 3683 ulterius
1178 3632 1237 3682 acie

138 3705 249 3757 aberant
272 3701 370 3754 milites
381 3706 401 3766 ,’
415 3703 517 3770 regium
543 3703 647 3769 signum
672 3710 744 3755 retro
774 3718 880 3755 versum
909 3702 1049 3767 videntes,
1077 3703 1105 3753 in
1134 3701 1237 3755 cladem

137 3791 230 3845 regern
249 3774 376 3825 incidisse
397 3782 539 3842 potarunt:
563 3782 592 3824 ut
611 3782 697 3824 autom
717 3774 840 3842 plerique
868 3789 1023 3840 persuasum
1041 3773 1149 3840 habent,
1169 3774 1237 3826 insi.
1264 3840 1265 3843 Ἴ

138 3848 265 3900 diantium
286 3845 434 3912 siciliquis,
453 3844 592 3897 liichaelis
611 3847 684 3912 regis
696 3847 815 3911 parentis
835 3861 868 3896 ex
889 3845 971 3897 iratrc
989 3844 1070 3909 filius,
1090 3855 1168 3898 antea
1186 3847 1238 3895 iam

137 3918 247 3971 molitus
266 3917 330 3967 huic
347 3917 466 3979 iusidias,
486 3918 545 3983 ipse
566 3914 646 3966 talem
666 3916 760 3967 famam
775 3932 822 3982 per
843 3915 941 3968 milites
961 3912 1122 3985 divulgavit,
1142 3924 1168 3967 et
1189 3930 1237 3965 ce-

139 3990 232 4041 leriter
251 3988 306 4042 suis
326 3988 443 4053 receptis
462 3988 579 4055 (credita
599 3988 746 4060 enimcerat
775 3988 799 4036 ei
819 3986 889 4039 haud
910 3988 994 4054 parva
1011 3988 1124 4039 militum
1143 4000 1238 4052 parsa

138 4062 211 4129 regis
230 4062 383 4128 maiestate)
404 4058 533 4127 fugitivus
551 4060 580 4108 in
600 4066 685 4110 castra
696 4058 791 4109 rediit:
810 4057 880 4109 hunc
894 4067 980 4110 autern
993 4060 1087 4110 imitati
1107 4058 1152 4124 qui
1171 4071 1238 4123 pro-

139 4134 199 4199 pius
217 4133 351 4186 adstarent
368 4130 475 4182 ordines
502 4131 535 4182 ad
552 4145 633 4181 uuum
658 4143 749 4181 omues
769 4127 856 4197 lugam
882 4132 941 4183 sine
961 4145 1050 4200 pugna
1068 4128 1238 4196 accipiebant

218 4228 301 4283 stat.
321 4226 403 4281 Auat.
423 4227 491 4278 aar.
1010 4227 1058 4283 11.
