2875 4734
157 384 158 387 κ
233 332 281 403 oe
361 285 365 292 ’
531 332 749 400 nicaenus
774 329 1067 420 srrsrroms

234 475 432 578 δηλαδὴλτῆς
454 495 603 578 δευτέρας
623 495 849 576 έπινεμησεως,
875 489 1018 576 εἰκοστήν
1040 492 1095 554 καί
1115 489 1223 572 τρίτην
1240 478 1340 570 ἆγον-
1425 524 1430 558 η

234 617 287 670 τος
303 595 358 658 τοῦ
380 594 484 658 edroi
505 593 611 679 μηνός,
632 595 706 676 περί
728 595 882 676 δευτέραν
903 588 1015 667 νυκτός
1039 586 1185 677 φυλακην
1210 590 1338 670 γέγονεν

235 691 354 776 α’θρόον
378 693 510 774 σεισμός
533 697 593 759 τών
615 691 742 758 πώποτε
762 698 936 776 γενομένων
968 688 1269 775 ἐκπληκτικώτερος,
1298 689 1344 750 ἐκ

233 795 295 858 τών
311 787 467 877 ἐσπερίων
487 798 594 879 μεροῖν
613 795 801 877 α’ρξόμενος.
845 796 992 867 τοσοῦτος
1013 794 1049 856 δέ
1070 785 1109 874 ἧν
1142 789 1177 854 τό
1198 791 1337 872 μέγεθος

235 889 279 970 ώς
299 896 355 957 καί
376 894 477 968 οἰκίας
498 895 679 980 ἀνατρέψαι
698 894 829 977 πολλός,
852 891 960 993 ὀλίγας
979 895 1014 957 δέ
1036 891 1249 975 ἀνυβρίστους
1276 906 1362 960 sss-5

234 998 384 1057 ταλιπεῑν.
429 992 504 1057 oaldi
525 996 597 1058 ναοί
614 995 669 1076 τῆς
697 993 814 1058 τούτου
845 992 1057 1080 σφοδρότητος
1085 992 1207 1072 α’θιγεῖς
1232 1011 1336 1069 μεμε-

233 1091 364 1178 νήκασιν
386 1093 466 1159 α’λλοὶ
486 1099 540 1159 καί
561 1095 655 1161 αὐτοί
679 1095 757 1160 nord
779 1120 849 1169 τινα
871 1098 974 1179 μέρη,
1008 1091 1124 1189 ἔστιδ’
1152 1085 1199 1168 οἷς
1223 1094 1278 1154 καί
1296 1090 1335 1156 τό

232 1202 365 1260 πλεῖστα
388 1191 661 1280 περιερράγησαν·
706 1201 762 1259 καί
783 1199 883 1271 κιοντς
907 1189 1011 1275 ώσπερ
1035 1197 1100 1257 τισί
1120 1193 1336 1274 λαξευτηρίοις

233 1292 523 1381 περιεδρόφθησαν.
581 1299 621 1360 ου’
648 1298 709 1379 γὰρ
742 1285 827 1375 ἅδιαξ
854 1290 1068 1378 προσβαλών,
1100 1293 1142 1368 σός
1171 1292 1210 1357 τό
1234 1289 1335 1356 πολλιέ

233 1393 358 1476 εἰώθει,χ
375 1393 548 1482 ἐλώφησεν,
572 1396 653 1461 οἷλλοὶ
676 1397 759 1479 μετὰ
782 1398 995 1481 σφοδρότητος
1016 1396 1378 1479 κινησειςτρεῖςπρο-ιθ

232 1498 335 1577 σεχοός
359 1493 579 1582 ἐτελέσθησαν.
603 1499 660 1583 ἀφ’
684 1489 729 1562 ὧν
752 1498 889 1572 κωκυτὸς
908 1502 1055 1580 μέγιστος
1077 1495 1132 1560 καί
1142 1491 1241 1580 φόβος
1263 1489 1337 1570 όσος

234 1593 360 1662 cnidium
380 1605 446 1672 τοῖς
469 1595 651 1678 ἀνθρώποις
670 1588 826 1679 ἐπέπεσε,
850 1601 906 1661 καί
923 1598 984 1661 τών
1006 1599 1112 1662 οίκιών
1142 1592 1277 1672 ἐξιόντες
1301 1591 1334 1659 τό

233 1694 369 1780 σόνηθες
391 1695 584 1782 ἐπιφώνημα
607 1695 684 1780 πρός
706 1698 784 1763 θεὸν
807 1696 967 1781 α’νιβόων,·
990 1702 1046 1762 καί
1064 1705 1208 1781 γυναῖκες
1231 1702 1338 1761 θαλα-

232 1793 424 1879 μευόμεναι,
444 1801 486 1884 τῷ
508 1800 599 1886 φόβην
622 1802 893 1886 κατασεισθῆναι,
915 1796 972 1881 τόν
994 1801 1076 1865 αι’δοό
1094 1805 1254 1881 περιεῖλον
1284 1796 1339 1861 καί

234 1905 298 1972 τοῖς
322 1894 493 1982 όπαίθροις
515 1901 699 1982 ἐφι’σταντο,-
715 1897 773 1980 τὴν
795 1899 893 1981 adsis
916 1903 1105 1985 ἐπαφιεῖσαι
1125 1897 1245 1982 φωνην.
1267 1891 1379 1961 sirano

234 2002 288 2082 τῆς
307 1997 420 2073 νυκτός
441 2001 558 2082 ἐκείνης
582 1991 657 2082 όχρι
680 2004 742 2064 τών
766 2003 841 2064 δέκα
861 1999 916 2064 καί
939 1999 1062 2063 δώδεκα
1081 1998 1195 2084 τρόμοι
1218 2003 1339 2080 τῆςγῆς

78 2106 82 2118 ”
105 2095 474 2184 ι.184η.ἠκολοόθησαν,
503 2083 564 2162 τών
593 2105 863 2185 προηγησαμένων
885 2104 987 2187 πολλῷ
1020 2102 1064 2188 τῷ
1084 2095 1224 2180 περιόντι
1246 2095 1340 2162 ἐλάτ-

236 2222 341 2274 τονες·
359 2205 366 2217 “
387 2190 412 2281 ἢ
429 2197 489 2282 γὰρ
515 2191 564 2280 όν,
588 2204 618 2264 εἰ
637 2209 701 2276 τοῖς
725 2196 834 2285 πρώην
857 2204 1030 2280 ἐξίσωνται,
1055 2201 1147 2263 ου’δὲν
1168 2189 1206 2283 ἦν
1227 2197 1261 2262 τό
1276 2223 1340 2262 κοι-

234 2304 332 2367 λόσον
355 2299 399 2382 μή
426 2298 499 2382 ου’χί
519 2305 624 2365 πᾶσαν
646 2299 728 2382 όμοῦ
749 2299 807 2384 την
828 2304 938 2386 κτῆσιν
965 2303 1004 2364 δι’
1027 2290 1064 2383 ἧς
1092 2296 1265 2363 ἐπεπόλασε
1287 2300 1341 2361 καί
1427 2351 1431 2383 η

233 2399 271 2487 ἢν
294 2404 453 2485 ἐπῆλθεν,
487 2404 520 2466 ἐκ
549 2399 683 2484 βόθρων
713 2403 818 2466 adside
845 2403 1066 2484 α’νατραπῆναι
1098 2400 1152 2464 καί
1180 2401 1225 2472 εἰς
1246 2399 1380 2469 ου’δέννο
1430 2446 1431 2453 1

232 2505 471 2586 χρησιμεόοαι,
503 2503 558 2564 καί
586 2506 734 2584 παγγενεί
755 2501 831 2578 τοός
853 2501 1018 2585 οἰκήτορας
1039 2499 1158 2576 πόντας
1179 2502 1337 2564 οἶκτίστου
1430 2538 1431 2607 η

235 2600 376 2664 θανάτου
401 2600 590 2684 γεόσασθαι.
623 2605 698 2664 καθ’
719 2594 754 2664 όν
774 2603 812 2683 δη
837 2604 927 2685 λόγον
949 2601 1002 2664 καί
1025 2608 1090 2677 τοῖς
1113 2601 1339 2686 φυσιολογοώσι
1430 2610 1431 2697 ,

234 2698 308 2784 περί
329 2703 467 2782 σεισμῶν
490 2698 534 2776 ώς
556 2703 626 2786 εἰκῇ
648 2699 703 2764 καί
724 2700 927 2787 ἀναισθήτως
949 2700 1002 2765 διὰ
1025 2705 1081 2786 τῆς
1103 2701 1166 2766 τοῦ
1178 2693 1340 2773 όδατοςέν
1427 2767 1432 2803 ⁴

237 3003 344 3056 tertium
362 3009 461 3071 ugente
480 3003 573 3054 eodem
591 3018 683 3055 mense
699 3005 778 3055 circa
795 3003 905 3056 alteram
924 3005 1012 3057 noctis
1037 3003 1160 3073 vigilium
1186 3004 1273 3058 iactus
1300 3022 1328 3058 es

236 3075 383 3140 derepente
403 3081 597 3125 terraemotus
616 3075 660 3138 iis,
680 3077 726 3142 qui
745 3089 859 3144 unquam
878 3075 996 3139 luerunt,
1017 3074 1179 3138 terribilior,
1206 3074 1238 3126 ub
1263 3078 1338 3128 occi.

235 3143 386 3204 dentalibus
407 3144 526 3211 portibus
546 3147 696 3212 incipiens:
717 3153 805 3198 tantas
824 3155 912 3200 autem
932 3155 990 3198 erat
1006 3146 1197 3215 magnitudine,
1213 3153 1242 3197 nt
1261 3149 1338 3198 etiam

181 3237 184 3246 ι
236 3217 328 3268 domos
360 3224 495 3267 everteret
519 3215 633 3280 multas,
655 3232 753 3283 paucas
781 3226 881 3269 tuntum
908 3217 1017 3270 illaesas
1047 3217 1226 3285 relinqueret,
1251 3233 1338 3286 neque
1360 3215 1372 3226 “

235 3284 340 3351 templa
350 3285 429 3336 huius
442 3287 542 3351 impetu
558 3289 657 3338 intacta
670 3297 833 3352 manserunt,
846 3289 893 3340 sed
909 3297 935 3340 et
954 3290 1048 3356 ipsein
1061 3288 1199 3340 nonnullis
1211 3291 1337 3355 partibus,

236 3357 264 3406 in
284 3354 345 3407 aliis
365 3362 451 3406 autem
470 3354 582 3422 plurima
603 3358 686 3409 inacta
708 3368 779 3422 sunt,
802 3367 828 3410 et
841 3358 981 3411 columnae
994 3361 1071 3428 quasi
1090 3360 1159 3412 stilis
1178 3360 1338 3412 laceraban-

175 3448 177 3454 ¹
236 3435 295 3478 turs
314 3440 403 3494 neque
425 3427 494 3477 eninr
513 3427 596 3478 semel
617 3429 737 3479 incidens
759 3437 788 3479 ut
806 3429 962 3499 plerumque
980 3433 1040 3484 lieri
1059 3430 1164 3483 solebat
1182 3431 1272 3497 desiit,
1291 3431 1338 3485 sed

236 3511 332 3565 magns
350 3497 378 3549 vi
396 3503 483 3549 motus
502 3504 558 3549 tres
577 3499 697 3549 continui
716 3498 832 3552 absoluti
852 3510 922 3565 sunt,
942 3517 976 3553 ex
996 3503 1092 3570 quibus
1110 3503 1188 3554 iletns
1208 3504 1336 3555 maximus
1398 3525 1406 3538 ·

237 3576 265 3620 et
282 3569 361 3619 timor
382 3576 495 3636 quantus
515 3583 649 3636 nunquam
667 3569 818 3623 hominibus
842 3572 968 3636 obvenit,
989 3581 1016 3624 et
1031 3573 1151 3625 domibus
1170 3576 1273 3642 egressi
1291 3587 1346 3625 so.-

235 3639 310 3691 litam
336 3640 535 3692 invocationem
562 3640 593 3692 ad
621 3641 698 3692 deum
719 3640 885 3707 clamabant,
916 3652 943 3694 et
960 3643 1087 3696 mulieres
1105 3646 1132 3696 in
1152 3643 1276 3697 thalamis
1293 3645 1337 3696 ri-

237 3718 349 3775 ventes,
368 3720 446 3764 metu
474 3726 640 3774 concussae,
660 3713 789 3778 pudorem
808 3714 989 3781 deposuerunt
1011 3724 1037 3766 et
1062 3716 1090 3765 in
1107 3725 1201 3782 aperto
1225 3716 1336 3777 stabunt,

238 3780 348 3831 eandem
370 3784 520 3835 emittentes
542 3799 653 3834 vocem:
673 3784 770 3835 deinde
790 3784 838 3835 illu
862 3792 943 3836 nocte
969 3787 1076 3837 circiter
1102 3788 1195 3838 decem
1219 3796 1246 3839 et
1269 3789 1338 3840 duo-

185 3874 194 3880 -
237 3851 323 3902 decim
342 3853 462 3903 tremitus
482 3861 571 3905 terrae
591 3855 676 3904 secuti
695 3862 772 3917 sunt,
793 3854 926 3922 prioribus
944 3855 1035 3908 multo
1061 3859 1194 3910 minores:
1215 3859 1336 3925 prolecto

238 3921 306 3972 enirn
328 3922 351 3972 si
369 3922 502 3987 prioribus
522 3924 635 3976 luissent
660 3941 755 3992 pares,
781 3926 850 3977 nihil
878 3928 1058 3994 impediisset,
1086 3931 1225 3996 quominus
1253 3930 1338 3981 omnis

235 3993 314 4046 simul
333 3994 484 4058 possessio,
514 4008 562 4059 per
589 4011 666 4062 quant
694 4004 816 4048 curreret
834 4005 860 4048 et
885 3999 929 4049 cui
954 3998 1105 4064 obveniret,
1127 4016 1141 4050 e
1162 4000 1338 4053 tununnensis

235 4065 301 4130 ipsis
333 4071 501 4115 everteretur
530 4071 557 4114 et
580 4065 613 4115 ad
635 4066 735 4118 nullam
770 4085 825 4119 rem
853 4068 927 4119 utilis
947 4077 1018 4122 esset
1042 4078 1069 4121 et
1096 4073 1203 4122 omnino
1233 4071 1339 4126 incolae

236 4140 329 4186 omnes
347 4134 521 4186 miserrimum
540 4142 650 4186 mortem
673 4147 826 4206 gustarent:
847 4140 992 4191 secuudum
1013 4156 1090 4209 ηυεω
1109 4143 1240 4196 rationem
1261 4145 1340 4196 etism

235 4205 269 4258 iis
288 4206 333 4278 qui
357 4205 580 4289 philosophantur
606 4207 639 4260 de
671 4210 914 4277 terraemotibus,
941 4212 1078 4280 diceutes,
1109 4221 1211 4268 temere
1236 4223 1264 4268 et
1280 4216 1340 4271 siae
