2875 4734
213 293 287 368 128
504 243 722 365 ntentans
755 287 1014 362 ammonas
1102 277 1109 285 '

213 448 326 522 όδειαν
348 457 472 522 ’δέδωκε
501 467 565 534 τσίς
599 460 751 532 ἐναντίοις
781 461 826 533 είς
846 452 903 538 τόν
924 455 1111 540 δποφυγην,
1132 442 1216 515 ὥστε
1234 450 1317 532 μηδέ

212 558 266 640 τῆς
288 560 375 634 λείας
397 558 610 642 ἀποσχέσθαι,
632 557 712 624 ἄλλό
734 563 789 623 κατ’
809 556 929 640 ταύτην
949 551 1092 619 όλαύνειν
1111 550 1167 616 καί
1187 546 1317 623 ἄλύπιος

212 654 267 722 τόν
293 656 420 742 δρόμον
442 659 499 723 καί
528 663 801 743 περιεσκεμμένως
835 665 946 722 ποιεῖν.
998 650 1041 730 cic
1069 652 1137 719 δ’ὁ
1165 646 1318 734 βασιλεύς

152 797 162 812 2
212 756 399 834 α’τταναστός
428 761 551 824 ἐκεῖθεν
580 761 782 847 πανστρατιᾷ
805 758 936 825 κατόπιν
959 752 1107 839 ε’βιίδιζε,
1128 746 1317 837 διεπεραιού-

214 862 319 942 θησαν
339 856 403 923 ’τόν
427 857 602 947 Εὐφράτην
629 858 772 977 ποτρμόν
804 859 833 925 οἱ
862 862 1017 940 πολέμιαι.
1062 851 1078 921 ό
1108 858 1159 936 δέ,
1187 851 1230 928 σός
1251 847 1346 915 αἰπόὸ

214 955 428 1044 διαστήματος
446 964 520 1044 μιῆς
533 957 652 1046 ἡμέρας
676 952 764 1044 ἢκαι
785 965 926 1035 πλειόνος
947 960 1002 1040 τῆς
1014 960 1197 1079 Μιλιτηνῆς
1218 978 1317 1038 στρα-

211 1058 491 1154 τσπεδευσόμειιος,
509 1061 630 1144 βουλήν
652 1059 838 1143 βουλεύεται
861 1063 933 1124 λίαν
954 1058 1065 1144 ἀγεννῆ
1088 1081 1141 1121 και
1162 1057 1318 1139 ἐπίκρημ·

211 1181 285 1222 νον·
314 1184 366 1226 και
389 1165 578 1247 συνέστησεν
599 1154 660 1246 ἤδη
680 1158 808 1247 ταύτην,
828 1161 951 1224 πόντων
970 1155 1259 1225 συνεπινευσόντααν
1279 1153 1316 1220 τό

213 1263 356 1326 τοιοῦτον
377 1262 605 1346 προβούλευμα
631 1259 735 1327 διαὶ
703 1286 738 1327 τα
761 1261 852 1326 λύειν
874 1257 932 1343 τόν
951 1258 1104 1344 στρατιὰν
1118 1283 1171 1322 και
1193 1253 1251 1339 τόν
1268 1258 1315 1319 ἐπ’

214 1355 300 1424 σόότου
323 1360 575 1445 α’παναχιόρησιν
601 1357 859 1442 ἐπαγγέλλεσθαι.
910 1355 1010 1441 καὶζῆ
1032 1360 1161 1440 σκῆψις,
1183 1352 1232 1421 ότι
1253 1379 1315 1440 περ
1328 1370 1362 1424 10

213 1457 242 1523 οἱ
267 1464 413 1543 πολέμιοι
435 1466 658 1545 προτρέχοντες
682 1463 728 1535 εἰς
742 1461 782 1526 τό
804 1460 923 1547 πρόσρ,
944 1460 1000 1525 καί
1019 1459 1132 1543 μηκέτι
1150 1463 1317 1524 συνελθεῖν

212 1564 257 1638 εἰς
277 1570 388 1646 χεῖρας
412 1571 476 1636 τοῖς
492 1562 665 1642 Ῥωμαίοις
685 1558 859 1642 ἰσχύοντες,
875 1559 1094 1646 α’κατόληπται
1108 1554 1231 1633 πάντας
1244 1558 1318 1637 εἰσί,

213 1665 268 1726 καί
291 1665 336 1735 είς
357 1662 447 1729 κενόν
469 1659 486 1725 δ
509 1660 628 1745 δρόμος
648 1669 713 1737 τοϊς
735 1650 906 1726 διώκουσιν
925 1660 1002 1743 ἡμῖν
1023 1661 1238 1742 παραγίνεται.
1263 1661 1318 1721 κατ’
1361 1651 1367 1654 ’

94 1829 99 1836 ,
190 1823 192 1828 ,
214 1759 268 1824 διὰ
286 1765 379 1825 τοῦτο
400 1762 471 1826 δέον
490 1760 574 1828 ἐστίν
588 1757 769 1846 ἀπόμοιραν
783 1765 1033 1847 περιλειφθῆναι
1049 1757 1216 1839 Ῥωμαίων
1237 1757 1318 1842 πρός

215 1858 466 1956 ἀντιπαράταξιν
487 1860 681 1945 α’ξιόχρειαν,
712 1859 770 1926 τόν
802 1864 838 1925 δέ
867 1864 1001 1944 βασιλέα
1031 1859 1110 1939 μετὰ
1129 1862 1185 1943 τῆς
1206 1859 1362 1941 λοιπῆςςῡ

213 1961 416 2045 ύποστρέψαι
439 1965 604 2043 δυνάμεως
630 1988 682 2027 και
714 1962 792 2046 πρός
818 1961 874 2038 τός
895 1962 996 2036 οἰκίαις
1017 1964 1150 2027 ἕκαστον
1171 1959 1316 2040 daoniu-

213 2076 285 2142 ψαι,
310 2063 454 2128 κατ’κεῖνον
485 2065 641 2128 εισελθεῖν
664 2066 709 2138 είς
728 2088 785 2146 την
802 2053 1056 2148 βασιλεύουσαν,
1081 2057 1124 2138 nic
1147 2051 1185 2124 όν
1207 2061 1316 2123 διανα-

214 2157 386 2236 πασθείς
371 2186 387 2226 ο
411 2160 545 2248 στρατός
576 2165 785 2247 ισγυροτερος
804 2189 824 2250 η
848 2158 927 2246 πρός
954 2159 989 2227 τό
1008 2159 1100 2226 ἐπιόν
1121 2158 1199 2240 ἔτος,
1222 2163 1318 2224 πολέ-

213 2284 276 2343 μου
317 2259 416 2344 τυχόν
448 2267 614 2346 γενομέναυ
648 2262 873 2349 ῥαγδαιοτέρου
904 2261 945 2324 δι’
973 2263 1143 2346 ἐπιδημίας
1176 2264 1233 2325 τοῦ
1253 2261 1318 2324 τοῖν

213 2365 404 2450 α’λλοφύλιαν
420 2360 614 2446 ἐξάρχοντος.
804 2415 809 2422 .
1325 2382 1364 2435 w

309 2467 392 2530 Ἐπεί
420 2468 455 2529 δὲ
477 2466 565 2531 τουτί
579 2467 619 2531 τό
648 2469 805 2552 ψήφισμα
832 2463 991 2550 ἐκυρώθη,
1016 2463 1188 2548 α’νύμνησις
1209 2467 1316 2546 γε’γονε

212 2589 255 2654 τρι
242 2568 400 2647 ’βασιλεῖ
418 2568 481 2630 ταῖν
497 2569 554 2631 τού
575 2567 793 2685 στρατοπέδου
816 2592 940 2653 κριταν.
982 2590 1036 2630 και
1031 2564 1316 2690 μετακαλεσάμε-

213 2687 265 2742 νος
285 2664 369 2782 ἡμᾶς
388 2664 504 2750 μόνους
528 2669 561 2732 ἐν
580 2669 623 2754 cpi
646 2666 834 2760 δειλινρι,’
798 2693 854 2753 την
872 2692 906 2733 τε
924 2661 1087 2749 βουλην“
1061 2690 1106 2741 αας
1127 2660 1213 2748 εἶχεν
1243 2666 1313 2728 α’νε-

214 2761 407 2846 κοινιόσατο,
437 2790 491 2831 και
507 2768 635 2854 γνοόμην
656 2769 812 2855 ημετέραν
831 2771 906 2854 περι
932 2759 1052 2854 ταύτης
1074 2767 1217 2851 ἐζήτησε.
1261 2790 1315 2830 και

288 2943 329 2996 10.
350 2939 421 3016 ὅπερ
440 2943 471 2998 G.

215 3122 250 3157 ne
268 3107 366 3173 praeda
386 3107 493 3173 quidem
512 3107 687 3172 abstinerent,
714 3110 761 3160 sed
781 3116 808 3160 et
826 3109 894 3160 banc
919 3119 1030 3177 agerent
1049 3117 1076 3160 et
1093 3109 1151 3160 sine
1172 3110 1316 3160 vexatione

217 3193 323 3228 cursum
343 3185 370 3227 et
389 3187 466 3228 caute
486 3179 655 3245 perficerent.
694 3195 751 3230 cum
771 3188 857 3231 autem
872 3196 920 3230 rex
918 3196 1081 3258 assurgens
1100 3181 1161 3230 inde
1180 3196 1238 3230 cum
1257 3188 1316 3231 toto

218 3249 337 3299 exercitu
358 3263 373 3297 a
391 3255 470 3315 tergo
489 3249 636 3314 incederet,
656 3253 819 3302 traiecerunt
837 3237 998 3316 Enphfntcm
1019 3251 1129 3302 fluvium
1147 3251 1248 3302 hostes.
1268 3250 1317 3301 ille

220 3325 317 3380 antem,
337 3317 395 3368 iere
414 3319 558 3371 intervallo
580 3323 658 3373 unius
680 3322 734 3372 diei
751 3323 810 3373 sive
829 3323 908 3373 etiam
927 3323 1039 3390 amplius
1059 3321 1214 3374 aldeliteno
1233 3329 1319 3373 castra

217 3402 329 3456 ponens,
360 3390 501 3442 consilium
522 3393 663 3444 meditatur
682 3393 761 3443 valde
779 3393 900 3460 ignobile
931 3402 958 3444 et
977 3408 1104 3460 praeceps
1125 3401 1152 3444 et
1170 3393 1320 3459 composuit

217 3460 347 3523 namhoc,
367 3461 487 3513 omnibus
511 3463 687 3530 probantibus
712 3463 791 3514 simui
816 3462 871 3514 tale
889 3467 1072 3532 propositum,
1093 3464 1155 3531 qnia
1172 3462 1320 3515 dimittebat

218 3533 366 3584 exercitum
392 3542 420 3584 et
439 3533 543 3584 domum
570 3535 667 3584 reditio
693 3534 879 3586 nuntiabatur:
901 3543 928 3602 et
956 3551 1035 3586 cansa
1053 3543 1119 3598 erat,
1138 3535 1209 3602 qnod
1227 3534 1320 3585 hostes

217 3603 393 3670 procedentes
419 3605 527 3673 longius
552 3620 641 3672 neque
662 3605 713 3656 iam
737 3607 865 3673 congredi
890 3607 923 3658 ad
950 3622 1041 3658 manns
1061 3604 1169 3657 Graecis
1187 3605 1320 3667 valentes,

217 3689 272 3726 non
293 3676 351 3740 capi
371 3684 481 3742 possent
502 3677 620 3738 omnino,
641 3683 667 3726 et
685 3678 772 3728 inanis
792 3686 863 3729 esset
874 3694 966 3729 cursus
985 3677 1062 3729 nobis
1081 3675 1320 3744 persequentibusr

217 3745 388 3812 quamobrem
408 3762 475 3812 opus
495 3761 564 3810 esse,
585 3754 614 3796 ut
632 3761 693 3814 pars
713 3749 985 3814 comprehenderetur
1003 3750 1164 3801 Graecorum
1183 3747 1216 3799 ad
1233 3761 1320 3812 appo-

218 3815 344 3867 sitionem
362 3816 494 3880 idoneam,
513 3833 562 3870 rex
575 3826 662 3870 antem
677 3835 735 3870 cum
745 3819 850 3887 reliqna
859 3820 1001 3870 recederet
1013 3821 1041 3870 ui
1057 3826 1086 3870 ct
1103 3819 1206 3870 domum
1225 3833 1321 3885 quem-

217 3899 271 3954 que
293 3885 447 3951 dimitteret,
467 3895 494 3938 et
512 3889 561 3940 illc
589 3891 701 3941 intraret
721 3890 823 3953 urbem,
844 3899 873 3940 ut
898 3891 1023 3941 remissus
1054 3892 1187 3941 exercitus
1206 3888 1322 3941 validior

220 3964 291 4009 esset
309 3957 429 4022 proximo
449 3973 528 4023 anno,
550 3960 624 4010 bello
651 3970 710 4012 orto
732 3963 836 4012 acriore
855 3961 971 4012 adventu
999 3962 1129 4028 principis
1147 3975 1320 4028 paganorum.

336 4042 400 4096 Cum
427 4053 513 4095 antem
539 4046 605 4096 haec
634 4049 769 4100 sententia
794 4050 947 4100 confirmata
973 4057 1060 4113 esset,
1080 4049 1209 4100 memoria
1226 4047 1322 4098 oborta

219 4121 261 4166 cst
289 4115 348 4181 regi
377 4107 492 4165 iudicum
519 4117 652 4168 exercitus
682 4127 709 4169 et
728 4134 868 4172 arcessens
891 4134 941 4172 nos
966 4118 1040 4172 solos
1067 4121 1140 4172 circa
1168 4133 1322 4184 vesperum,

217 4183 361 4240 consitium
389 4185 469 4254 quala
492 4196 549 4248 crat
573 4189 712 4243 nobiscum
731 4191 952 4255 communicavit,
979 4199 1006 4241 et
1025 4192 1186 4245 sententiam
1205 4197 1324 4243 nostmr
