2875 4734
554 237 762 310 uuronm
985 178 988 183 ⁵
1133 237 1208 313 τοι
1248 286 1251 295 f

105 408 227 487 βαλεῖν,
247 404 291 479 ῶς
312 406 395 487 μηδὲ
416 402 594 491 πυρφόρον,
620 398 690 485 det
712 406 847 485 λέγεται,
871 397 950 486 πρὸς
969 402 1027 487 τὴν
1039 402 1213 485 Ῥωμαίων

108 508 304 569 ἐπανελθεῖν.
356 506 411 569 κατ’
441 497 481 586 ἦν
511 508 605 569 τοῦτο
634 504 767 586 εδχερές
797 505 856 583 μέν
883 509 950 577 τοῖς
981 506 1130 579 ἐναντίοις
1159 498 1215 569 καί

107 603 295 687 κράτιστον,
316 596 471 690 ῶφυκτον
500 607 536 669 δέ
557 612 622 680 τοῖς
639 604 817 685 Ῥωμαίοις
849 605 929 687 πρὸς
959 594 1056 685 ἧτταν
1076 603 1213 688 παντελῆ

109 709 164 769 κατ’
184 701 373 789 νατακοπην.
411 702 434 767 ’ὅ
458 707 493 770 δὲ
515 708 614 769 ποιῶν
638 705 673 768 τὸ
697 708 824 789 θέλημα
846 706 910 767 τῶν
922 707 1129 789 φοβουμένων
1153 705 1212 768 αδ-

80 802 160 885 5τὸν
178 804 251 880 θεὸς
274 808 381 891 ἕτερον
400 809 495 871 τοῦτο
518 810 635 872 παθεῖν
657 808 757 888 α’σεβῆ
788 806 843 871 καί
862 802 1091 888 α’συλλόμιοτον
1113 830 1214 891 στρυ-

104 905 197 992 τηγὸν
228 900 316 985 ἄξιον
341 901 423 971 εἶναι
448 909 609 988 ἐδίκασεν,
643 906 766 989 ειίλαβῆ
796 908 829 971 δὲ
853 904 909 972 καί
929 907 1066 987 δίκαιον,
1089 896 1153 980 οἷος
1173 896 1334 990 ἧνλ.216τ.

106 1004 124 1071 ὅ
152 1010 280 1087 Φακᾶς,
301 1007 463 1088 οδδαμῶς.
508 1005 562 1071 tad
584 1012 677 1072 τοῦτο
699 1009 754 1071 καί
775 1032 840 1073 τισι
861 1012 923 1074 τῶν
940 1009 1131 1092 Σαρακηνῶν
1152 1006 1211 1070 δυό

105 1105 227 1173 οκοπόν
251 1110 410 1193 ἐντίθησιν
434 1108 652 1193 αὐτομολῆσαι
687 1108 767 1191 πρὸς
795 1109 868 1184 τούς
895 1109 1075 1190 Ῥωμαίους
1097 1112 1151 1172 κατ’
1171 1111 1214 1195 τῷ

108 1210 210 1295 Φωκᾷ
233 1213 452 1294 καταμηνίοαι
474 1208 530 1292 την
551 1210 703 1294 τοιαύτην
725 1207 913 1295 ἐπιβουλήν·
948 1209 981 1273 οἳ
999 1214 1055 1275 κατ’
1076 1217 1213 1297 προσελ-

62 1306 216 1387 εθθόντες
245 1311 334 1396 αὐτῷ
362 1314 417 1375 καί
444 1308 478 1375 τὸ
502 1310 684 1397 α’πόρρητον
712 1312 956 1397 φανερώσαντες
986 1314 1215 1398 ἐπιεικέστερον

106 1407 310 1495 πεποιήκασι.
352 1414 509 1497 μηδαμῶς
526 1404 582 1476 οδν
614 1408 830 1498 ὑπερθέμενος
854 1416 1001 1499 α’νίστηοι
1022 1415 1055 1480 τὸ
1081 1410 1215 1499 στρατό-

107 1516 213 1594 πεδον,
237 1516 385 1577 κδκεῖθεν
421 1504 503 1595 ἄρας
523 1511 638 1587 νυκτὸς
666 1514 794 1598 ἀθρόως
825 1516 1024 1580 ἐπεισπίπτει
1046 1522 1111 1590 τοῖς
1135 1513 1214 1593 ἐξιο-
1286 1518 1288 1524 ’

109 1618 167 1677 θεν
192 1615 591 1695 κατεστρατοπεδευμένοις
622 1612 670 1678 ἔτι
688 1614 899 1699 τυγχάνουσι,
928 1619 984 1679 καί
1015 1619 1215 1699 καταπλήξας

109 1713 229 1788 ου’τούς
260 1717 303 1799 τῷ
325 1714 498 1799 α’λαλαγμῷ
530 1715 583 1777 κατ’
615 1718 651 1801 τῇ
673 1713 795 1791 ἐκτάξει
817 1718 871 1798 τῆς
895 1720 1047 1799 στρατιᾶς
1068 1714 1124 1779 καί
1145 1724 1215 1791 ταῖς

66 1833 97 1886 15
108 1809 306 1896 ἐκατέριοθεν
328 1817 520 1897 προσβολαῖς
541 1822 653 1900 φυγεῖν
684 1814 827 1890 α’τοίκτυτς
848 1815 1017 1901 ἠνάγκασε,
1039 1820 1094 1880 καί
1115 1815 1216 1882 πολῶν

110 1912 208 1999 φόνον
230 1913 336 1978 αὐτῶν
368 1914 601 1999 ἐργασάμενος,
624 1914 678 1979 καί
696 1919 802 1980 πᾶσαν
825 1916 887 2001 τήν
909 1920 1085 1981 πανοπλίαν
1108 1916 1216 1982 αὐτῶν
1261 1908 1264 1916 ’

108 2015 164 2077 καί
183 2012 302 2101 ου’τούς
326 2010 545 2096 οἷπολωλεκῶς,
570 2018 716 2081 διέλυσεν
743 2010 868 2081 ἅπαντα
892 2013 947 2083 τδν
969 2013 1090 2081 ἐκεῖθεν
1113 2013 1215 2102 φόβον

109 2112 165 2177 καί
185 2117 290 2178 πᾶσαν
315 2112 372 2199 τήν
400 2114 539 2195 δύναμιν
568 2117 624 2200 τῆς
653 2114 750 2200 νήσου
780 2121 965 2201 παρέλυσεν.
1018 2118 1216 2200 ἀγνοούντων

111 2215 148 2278 δέ
176 2213 347 2320 τῶνέντὸς
378 2211 413 2280 τδ
438 2215 657 2299 συμβεβηκός,
687 2214 825 2297 πόλεμον
848 2220 957 2293 ου’τοῖς
980 2214 1216 2303 πολιορκητικῶν

66 2313 212 2391 costean
237 2318 456 2381 ’ἐπανέσεισεπ
507 2312 594 2379 οἶδὲ
617 2313 948 2397 τοὶςβεβουλευμένας
979 2321 1088 2392 αυτοῖς
1113 2319 1217 2402 φυγῆς

114 2415 332 2497 ἀπεχόμενοι,
353 2415 408 2480 καί
428 2419 490 2480 τῶν
512 2415 601 2491 ἐκτὸς
637 2418 872 2499 προσδοκῶντες
891 2415 949 2500 την
971 2402 1096 2502 ἔφοδον,
1118 2439 1217 2499 παρε-

110 2516 300 2593 σκευάζοντο
329 2516 406 2598 πρὸς
426 2515 484 2599 την
513 2515 629 2596 ἔξοδον.
682 2518 724 2594 ῶς
746 2520 781 2582 δέ
804 2520 858 2583 καί
880 2513 899 2592 ὅ,
920 2522 1037 2593 Φακᾶς
1060 2514 1218 2601 πετροβό-

111 2622 177 2692 λοις
193 2617 334 2699 ὀργάνοις
347 2615 423 2692 τούς
445 2618 498 2682 ἐπὶ
513 2616 576 2683 τῶν
588 2622 701 2703 τειχῶν
723 2617 933 2702 ἀντημύνατο,
956 2620 1092 2685 κοῖκεΐνοι
1107 2621 1219 2697 λίθους

925 2720 929 2741 .

188 2774 232 2827 15.
252 2779 406 2847 προβολαῖς
427 2777 457 2830 G.
544 2779 588 2832 20.
606 2780 655 2846 τῆς
672 2777 914 2852 βεβουλευμένηςλ

114 2955 173 2992 ram
191 2947 288 2993 terram
306 2942 420 2995 redirett
440 2952 519 3013 atque
545 2953 603 2997 erat
627 2945 679 2995 hoc
700 2944 852 3009 expeditum
882 2943 988 3009 quidem
1009 2944 1170 2995 adversariis
1190 2951 1217 2997 et

114 3012 258 3077 optimum,
278 3013 436 3067 inevitabile
462 3024 552 3067 autem
576 3016 702 3067 Romanis
727 3028 813 3079 usquc
838 3013 870 3063 ad
898 3012 999 3064 cladem
1024 3012 1171 3065 absolutam
1190 3022 1218 3065 et

114 3083 319 3150 coniectionem.
350 3087 531 3149 dementem,
552 3087 597 3151 qui
616 3093 699 3135 ratam
718 3084 783 3135 facit
802 3082 967 3133 voluntatem
981 3097 1072 3135 eorum
1093 3084 1138 3149 qui
1158 3099 1218 3135 eum

114 3163 259 3219 verentur,
278 3156 379 3220 alium,
398 3160 443 3223 qui
463 3158 515 3206 boc
532 3163 685 3220 pateretur,
713 3155 814 3219 inpium
832 3161 860 3203 ει
884 3154 1017 3204 incautum
1043 3153 1137 3205 ducem
1155 3155 1217 3222 dig.

114 3241 176 3276 uum
195 3243 255 3277 esse
273 3228 411 3289 iudicavit,
432 3233 536 3276 cautum
555 3232 643 3275 autem
670 3232 697 3275 et
715 3226 823 3287 iustum,
852 3223 938 3292 qualis
958 3231 1014 3276 erat
1032 3224 1144 3289 Phocus,
1164 3241 1217 3277 ne.

115 3313 254 3365 quaquam.
292 3305 435 3365 propterca
456 3298 534 3347 etiam
554 3296 656 3347 duobus
670 3294 810 3347 Saracenis
831 3295 971 3347 consilium
990 3297 1077 3349 iniicit
1097 3298 1217 3349 translu.

115 3368 205 3435 giendi
231 3370 264 3420 ad
281 3369 414 3419 Romanos
441 3375 467 3418 ct
484 3366 591 3419 Phocoe
617 3367 771 3419 declarandi
798 3365 866 3418 talcs
890 3368 1018 3420 insidias?
1046 3370 1217 3437 quiquidem

115 3440 245 3490 etiamad
265 3454 324 3488 eum
343 3446 475 3489 venerunt
501 3446 528 3488 ct
551 3447 684 3491 secretum
706 3437 881 3490 declarantes
900 3440 984 3506 magis
1001 3447 1137 3491 strenuum
1157 3456 1216 3491 eum

114 3511 293 3561 reddiderunt.
314 3507 381 3559 nihil
403 3511 484 3577 igitur
504 3518 641 3561 cunctatus
661 3511 768 3561 instruit
796 3510 952 3573 exercitum,
972 3518 1051 3577 atquc
1070 3511 1132 3561 inde
1150 3524 1216 3577 pro.

115 3581 201 3631 lectus
220 3588 302 3630 noctu
323 3595 380 3630 cum
399 3583 535 3633 universis
556 3582 710 3650 aggreditur
730 3581 810 3644 illos,
832 3582 877 3649 qui
897 3582 1030 3632 etiamtum
1050 3581 1216 3633 extrinsecus

114 3653 142 3701 in
162 3652 256 3703 castris
276 3659 366 3715 crant,
388 3659 414 3702 et
441 3656 544 3705 terrens
571 3669 618 3704 eos
644 3652 760 3704 clamore
784 3652 886 3704 bellico
912 3661 938 3702 et
961 3653 1089 3702 instructa
1114 3653 1171 3703 acic
1192 3658 1219 3702 ct

115 3723 192 3774 lactis
212 3722 336 3790 utrinque
362 3718 517 3789 praesidiis,
542 3725 569 3775 in
597 3724 686 3790 lugam
711 3723 849 3774 'confusam
875 3736 923 3773 cos
946 3723 1044 3789 coegit,
1066 3730 1092 3773 et
1110 3723 1219 3775 multam

115 3794 223 3851 caedem
242 3808 332 3845 eorum
353 3794 454 3846 iaciens
475 3803 555 3863 atque
576 3810 680 3846 omnem
699 3809 810 3863 gravem
831 3800 987 3845 armaturam
1007 3808 1098 3845 corum
1119 3811 1220 3865 eosque

115 3868 188 3931 ipsos
209 3864 301 3916 delens
321 3865 445 3917 dissolvit
466 3881 579 3929 omnem,
607 3866 652 3932 qui
671 3866 734 3916 inde
754 3866 840 3929 fieret,
860 3873 976 3928 metum,
996 3872 1022 3915 ct
1042 3881 1145 3919 omnem
1165 3868 1219 3919 vim

114 3936 220 3988 insulae
239 3936 355 3987 sustulit.
394 3937 579 4004 ignorantibus
606 3944 710 4000 autem,
739 3938 785 4004 qui
809 3937 880 3986 intus
900 3945 984 4001 erant,
1005 3936 1111 4002 lactum,
1131 3952 1219 4004 oppu-

115 4009 268 4075 gnationem
286 4007 320 4059 iis
340 4009 428 4058 statim
448 4011 541 4060 movit.
590 4006 631 4060 illi
652 4016 741 4058 autem
760 4014 873 4059 statutae
899 4024 962 4060 ase
983 4008 1064 4085 fugae
1083 4009 1221 4060 studentes

30 4081 32 4085 ’
116 4086 142 4127 et
161 4094 252 4131 eorum
271 4079 316 4146 qui
338 4086 412 4130 extra
437 4088 528 4144 crant,
549 4087 737 4146 exspectantes
765 4078 914 4143 adventum,
936 4082 1120 4132 excursionem
1139 4094 1220 4146 para.

114 4148 185 4203 baut.
206 4148 283 4204 'cum
301 4157 390 4203 autem
416 4158 443 4201 ct
466 4150 570 4205 Phocus
601 4150 732 4203 machinis
759 4148 924 4205 iaculatoriis
949 4166 995 4205 cos
1020 4151 1065 4219 qui
1092 4150 1121 4203 in
1138 4150 1221 4207 muris
