2875 4734
586 194 795 281 Hffloblb.
1074 286 1076 289 ,
1158 202 1229 282 241

134 376 172 437 δὲ
192 376 265 438 θεία
288 374 456 457 ἀντίληψις
477 367 580 453 άλλως
602 379 708 453 αῦτοῖς
731 382 865 444 διετίθει
886 379 943 463 τήν
965 379 1111 463 ἔκβασιν·
1153 403 1232 465 προ-

132 472 288 558 σήρχοντο
310 474 372 560 γάρ
392 480 514 558 μᾶλλον
534 482 579 565 τῷ
591 480 799 568 Βοτανεωίτη,
819 485 874 546 καί
885 478 944 565 τήν
964 479 1121 547 δοῦλωσιν
1133 481 1232 565 ἐπηγ-

130 578 284 656 γέλλοντο,
302 578 359 639 καί
378 586 561 661 συμμαχεῖν
582 578 809 661 ὑπισχνοῦντο,
838 584 892 645 καί
924 574 963 667 τῇ
989 578 1087 667 μοίρρι
1118 580 1230 644 τοῦτου

129 678 317 739 συνέταττον
349 668 493 751 ἑαυτούς.
537 673 607 741 ὅσοι
627 680 663 741 δὲ
682 675 762 761 πρὸς
782 675 1058 755 ἀποκαταστάσεις
1093 682 1147 741 καί
1165 675 1231 759 μά-

101 779 119 831 5
128 798 192 855 χας
214 770 397 855 ε’τράποντο,
421 777 496 859 παρ’
519 777 621 839 αὐτοῦ
641 777 695 841 καί
721 780 782 843 τιὸν
802 779 893 844 ίῦίων
924 781 1126 864 στρατιωτῶν
1159 776 1231 855 ε’ξό-

129 897 197 971 χρως
218 869 393 955 ἡττώμενοι
407 872 545 949 πολλοῦς
566 881 624 954 μὲν
646 882 711 941 τῶν
734 881 855 944 οἰκείων
879 881 1056 962 α’πίβοιλον,
1080 871 1172 943 ἄλλοι
1196 880 1232 943 tt

132 972 226 1061 φόβην
244 977 413 1055 βληθέντες
439 978 526 1062 φυγή
549 980 607 1062 τήν
626 982 789 1066 σωτηρίαν
814 977 919 1046 αῦτῦν
948 977 1229 1064 ε’πραγματεῦοντα

127 1072 242 1137 πολλοί
266 1074 301 1135 δὲ
321 1077 385 1137 τῶν
402 1070 569 1157 Ῥωμαίων
588 1078 815 1181 οἷνρικαστήμαι
832 1080 934 1169 τοῦτιρ
955 1084 1143 1164 θελήσαντες
1169 1078 1231 1145 αῦ-

127 1181 193 1249 τοῖς
219 1177 385 1259 φρουρίοις
406 1170 561 1242 ἑάλωσαν.
1052 1184 1055 1188 ’
1177 1246 1179 1251 ,

83 1284 118 1336 10
234 1277 350 1359 Τρίτην
373 1277 408 1339 δὲ
430 1270 557 1359 ἄγοντος
581 1282 637 1344 τοῦ
665 1279 841 1363 ὅκτωβρίου
861 1271 967 1366 μηνός,
989 1286 1045 1347 καί
1063 1286 1361 1364 με’λλοντοςλλ19τ.

125 1379 184 1440 τοῦ
207 1374 425 1441 Βοτανειοίτου
445 1378 501 1459 τήν
524 1379 693 1461 βασιλικήν
727 1384 896 1465 ἐπιστήσαι
918 1380 1052 1467 σκηνήν,
1075 1382 1131 1445 καί
1151 1380 1232 1447 ταῦ-

126 1499 184 1558 της
206 1478 417 1560 σκηνοπηγίαν
438 1484 705 1562 προτρεψαμένου
730 1483 877 1563 γενέσθαι
898 1481 952 1545 διά
973 1482 1028 1564 τήν
1048 1478 1164 1557 ἔξοδον,
1176 1486 1232 1548 καί

127 1575 186 1658 τήν
207 1577 252 1649 εἰς
274 1573 333 1659 τήν
349 1576 585 1656 βασιλεύουσαν
604 1579 741 1662 πρόοδον
764 1578 813 1663 (ἐν
834 1578 1022 1661 πεποιθήσει
1044 1579 1104 1667 γάρ
1127 1572 1165 1665 ήν
1187 1581 1231 1657 οῦς

127 1675 291 1759 δρομαίοος
324 1679 378 1757 τής
410 1680 644 1763 βασιλευσάσης
674 1682 847 1761 βασιλικῶς
877 1677 1094 1769 ἐπιβήσεται),
1117 1684 1230 1762 θαῦμά

82 1785 115 1837 15
127 1801 161 1841 τι
183 1781 238 1841 καί
259 1779 353 1858 τέρας
373 1780 510 1855 ἐξαίσιον
532 1776 565 1841 ἂν
582 1779 763 1864 ὀφθαλμοῖς
786 1779 965 1865 καθωράθη
988 1784 1121 1847 πάντων.
1167 1775 1230 1846 αῦ-

126 1888 182 1945 λον
201 1876 263 1962 γάρ
285 1882 374 1962 πῦρ,
403 1877 445 1952 οῦς
466 1876 527 1941 άπό
551 1882 651 1962 πηγῆς
673 1879 850 1961 α’ναβλῦζον
878 1882 933 1946 καί
953 1881 1032 1962 πρὸς
1056 1884 1135 1966 α’ἑρα
1154 1884 1230 1964 χεό.
1297 1954 1303 1964 ³

124 2002 229 2061 μενον,
249 1975 328 2061 πρός
350 1976 406 2060 τήν
427 1971 509 2041 ἓτάαν
531 1976 690 2064 κατεφάνη
712 1978 786 2061 περί
804 1980 931 2059 πρώτας
952 1978 1060 2055 νυκτὸς
1070 1983 1228 2066 φυλακάς.

126 2083 183 2144 καί
203 2070 242 2161 ήν
273 2078 290 2141 ὃ
319 2070 382 2160 οἷήρ
405 2081 518 2164 φλογὸς
548 2081 694 2162 καθαρᾶς
728 2084 965 2163 πεπλησμένος,
991 2082 1046 2144 καί
1067 2085 1175 2169 φέρων
1192 2080 1227 2147 to*

125 2184 186 2245 τοῦ
207 2176 309 2263 πυράς
334 2178 440 2261 ῥεῦμα
462 2185 559 2264 μέχρι
582 2178 788 2261 Χαλκηδόνος
812 2179 866 2243 καί
878 2178 1229 2260 Χρυσοπόλεωςκατα-

80 2278 293 2365 λθπληκτικὸν
315 2283 370 2342 καί
380 2278 457 2343 ’λίαν
480 2275 663 2363 ὑπερφυές·
708 2276 835 2341 ον’ῦέπω
855 2275 916 2359 γάρ
941 2279 1046 2353 ου’ὃείς
1076 2275 1140 2343 εἶδε
1164 2282 1229 2364 πῦρ

125 2375 224 2447 αῦλον
244 2379 298 2444 ἐπί
317 2381 373 2463 γῆς
394 2376 438 2455 οῦς
461 2376 523 2441 α’πὸ
541 2380 640 2461 πηγῆς
664 2376 842 2459 α’ναβλῦζον
857 2376 912 2441 καί
923 2376 958 2441 τὸ
973 2383 1119 2461 περιέχον
1142 2376 1228 2445 ῦπαν

124 2486 284 2566 ἐκπυροῦν
313 2484 366 2545 καί
388 2481 658 2562 α’ποσαινθηρίζον
688 2476 749 2559 οῦχ
776 2472 899 2561 ήκιστα.
948 2463 1015 2541 α’πό
1038 2482 1074 2543 cle
1095 2484 1227 2563 Χρυσο-

125 2579 246 2659 πόλεως
268 2583 324 2647 τὸν
354 2583 412 2646 τοῦ
434 2582 542 2646 στενοῦ
562 2576 708 2663 πορθμὸν
737 2577 953 2666 ὑπερβεβηκὸς
982 2580 1025 2665 πή
1046 2583 1106 2659 μὲν
1127 2577 1167 2645 τοὶ
1193 2583 1227 2647 ἕν

1351 1752 1357 1787 l

199 2742 260 2798 οίῦε
278 2743 308 2796 G.

124 2890 350 2961 turpissumae,
370 2890 489 2941 divinum
508 2896 596 2941 autem
614 2889 776 2955 praesidium
791 2887 870 2939 aliter
887 2888 921 2940 iis
940 2888 1098 2955 disponebat
1112 2890 1224 2949 exitum.

125 2963 291 3016 accedebant
322 2961 391 3012 cuim
410 2961 494 3027 magis
513 2953 669 3013 Botairiatae
697 2967 725 3009 et
750 2960 907 3014 servitutem
925 2960 1114 3025 promittebant
1133 2968 1159 3011 et
1178 2976 1225 3012 so.

125 3040 251 3087 cietatem
270 3037 375 3101 pugnae
394 3031 590 3099 pollicebantur
609 3037 636 3079 et
653 3029 732 3079 buius
751 3030 819 3095 parti
838 3046 867 3081 se
886 3029 1072 3099 adiungebant.
1110 3031 1225 3097 quicun-

124 3122 179 3175 que
198 3114 285 3157 autem
310 3106 343 3156 ad
370 3106 455 3153 aciem
476 3109 503 3151 et
522 3115 625 3166 pugnas
648 3114 677 3148 se
696 3099 852 3164 vertebant,
875 3101 908 3152 ab
936 3117 968 3152 eo
989 3110 1015 3151 et
1034 3102 1089 3152 suis
1108 3102 1226 3167 ipsorum

124 3177 253 3229 militibus
274 3177 371 3228 eximie
389 3172 489 3224 devicti
507 3169 605 3221 multos
617 3184 724 3219 suorum
739 3172 896 3223 amiserunt:
916 3173 964 3223 alii
982 3180 1070 3223 autem
1088 3180 1160 3223 metu
1177 3172 1226 3223 icti

125 3248 320 3315 rugosarum
348 3258 421 3296 suam
441 3239 581 3290 curabant:
607 3238 684 3290 multi
709 3249 797 3291 autem
815 3242 926 3294 Romani
946 3245 1072 3297 resistere
1091 3244 1153 3295 huic
1172 3257 1225 3295 so.

123 3318 211 3371 lentes
231 3334 289 3368 cum
308 3316 374 3381 ipsis
394 3310 512 3362 castellis
532 3312 601 3376 capti
622 3319 691 3362 sunt.
1117 3336 1119 3339 ·
1266 3324 1270 3332 ’

224 3407 340 3457 Tertium
368 3407 455 3457 autem
481 3393 556 3449 diem
569 3406 666 3465 agente
683 3398 793 3453 Octobri
811 3417 903 3455 mense
928 3419 987 3453 cum
1005 3402 1159 3454 Botaniates
1177 3419 1225 3453 re.

124 3482 197 3549 gium
225 3473 370 3527 ascendere
393 3470 485 3522 avellet
510 3472 653 3520 tentorium
682 3479 708 3522 ct
732 3472 811 3525 buius
844 3474 1040 3525 confectionem
1067 3475 1226 3538 imperasset

123 3558 235 3618 propter
254 3546 353 3595 exitum
371 3550 398 3593 et
411 3542 626 3608 prosecutionem
645 3542 677 3592 ad
690 3544 790 3610 regiam
804 3545 968 3611 (confidebat
988 3546 1056 3595 enim
1074 3560 1104 3595 se
1123 3542 1225 3593 celeri.

123 3631 166 3673 ter
185 3618 286 3685 regiam
302 3615 379 3681 regio
399 3614 476 3663 modo
496 3612 677 3680 ingressurum
694 3619 779 3681 esse),
798 3615 954 3667 miraculum
974 3623 1001 3665 et
1012 3614 1160 3681 prodigium
1179 3614 1227 3664 in.

124 3706 192 3761 gens
212 3686 298 3738 oculis
318 3683 532 3751 conspiciebatur
551 3686 681 3733 omnium:
701 3685 829 3737 materiae
849 3687 918 3736 enim
943 3701 1038 3752 expers
1058 3686 1129 3752 ignis
1148 3685 1225 3751 quasi

125 3779 160 3814 cx
180 3762 254 3812 lonte
285 3756 428 3824 prosiliens
452 3762 479 3804 et
496 3756 524 3805 in
544 3754 726 3813 aera-effusus
743 3770 838 3807 versus
858 3757 988 3807 orientem
1013 3756 1135 3822 apparuit
1153 3757 1224 3808 circa

124 3835 223 3900 primas
242 3830 328 3881 noctis
355 3825 479 3894 vigilias=
498 3833 577 3892 atque
598 3832 655 3876 crat
675 3830 722 3875 aer
746 3824 848 3882 flamma
874 3842 939 3892 pura
957 3825 1080 3892 impletus
1102 3834 1128 3877 et
1148 3827 1223 3877 lere-

124 3906 171 3956 bat
189 3903 259 3970 ignis
281 3914 383 3949 amnem
402 3912 486 3965 usque
513 3897 545 3947 ad
565 3895 762 3949 chalcedonem
788 3905 814 3947 et
833 3896 1011 3962 Chrysopolim
1030 3896 1176 3949 terribilem
1197 3904 1224 3947 et

126 3975 205 4027 valde
223 3975 374 4039 ingentem:
386 3968 518 4019 “nondum
543 3968 613 4018 enim
632 3968 770 4033 qnisquam
791 3968 895 4019 viderat
919 3968 1008 4035 ignem
1027 3968 1153 4019 materiae
1173 3980 1222 4015 en.

125 4053 227 4112 pertem
245 4045 273 4093 in
292 4050 363 4104 terra
382 4041 458 4108 quusi
478 4055 511 4091 ex
525 4038 599 4089 lento
616 4036 811 4104 prosilientem,
834 4046 860 4090 et
870 4040 958 4091 omnia
975 4051 1043 4107 quae
1055 4040 1127 4089 circa
1148 4043 1223 4087 erent

75 4114 80 4117 ’
124 4118 311 4169 incendentem
334 4120 413 4179 atque
440 4110 573 4179 igniculos
593 4116 760 4163 evomentem
784 4124 838 4163 non
861 4112 977 4163 minime.
1019 4125 1035 4159 a
1061 4106 1222 4175 chrysopoli

177 4213 261 4267 Ιίείι.
278 4208 360 4265 Attal.
380 4208 448 4263 ilisa
746 4283 750 4306 Ι
996 4202 1028 4255 16
