2875 4734
490 266 493 270 ’
587 276 795 357 msroam.
975 239 977 245 '
1081 287 1088 305 r
1166 255 1240 344 t'tt

136 436 196 500 τοό
215 439 355 523 στρατοῦ
390 439 498 502 αότῶν
521 438 706 522 (α’μηρόδας
739 434 804 505 οἶδε
825 437 952 514 τούτους
986 443 1091 503 καλεῖν
1111 440 1167 504 καί
1187 463 1242 503 σε-

138 535 269 663 λαρίφυς
289 539 309 622 ἦ
331 542 397 604 τεόν
422 537 571 623 Τοόρκων
593 540 698 625 φωνὴ)
730 538 787 624 τήν
808 526 960 623 βασιλίδα
983 540 1243 622 καταλαμβάνον-

136 662 188 713 τες
211 641 245 703 έν
275 641 411 727 δουλικῷ
445 643 489 728 τῶ
519 638 663 723 σχήματι
688 644 743 707 καί
763 640 957 727 φρονήματι,
978 638 1036 715 τοὶς
1058 648 1169 725 χεῖρας
1189 666 1243 705 και

135 738 212 815 τοός
244 740 379 818 κόλπους
406 743 515 826 ἐξῆγον
545 744 765 824 πεπλησμένας
793 745 924 826 χρυσῶν
954 746 1009 807 καί
1040 737 1243 841 υφασμότων
1387 816 1390 821 ¹

106 843 325 905 ὁπσλυτελων.
368 866 422 907 και
441 842 551 916 αὐτοῖς
572 849 637 916 τοῖς
660 844 954 921 Κουτουλμουσίοις
977 834 1173 927 καθημερινὴ
1196 858 1271 917 τιςῐ
1287 856 1377 913 228v.

135 938 158 1022 ἦ
185 940 220 1002 έκ
252 942 316 1003 τῶν
342 942 516 1022 βασιλικῶν
550 943 726 1024 θησαυρῶν
761 940 815 1004 καί
844 935 1063 1025 ἀναρίθμητος
1094 938 1242 1025 έπίρροια

135 1040 312 1121 ἐπεγίνετο
355 1064 409 1103 και
403 1038 486 1104 διό
506 1044 601 1103 τοῦτο
621 1036 793 1120 τυμποίνων
822 1041 886 1125 η’χὴ
912 1066 965 1105 και
990 1034 1134 1127 εὐφημία
1154 1040 1241 1123 παρὰ

135 1140 197 1203 τοῦ
220 1138 381 1222 φοσσότου
404 1142 466 1203 ταῖν
491 1140 641 1223 Τοόρκων
662 1143 871 1224 πολυειδὴς’
855 1164 890 1205 εκ
912 1140 1188 1225 Χρυσοπόλεως’
1167 1161 1244 1204 ανε-

133 1239 287 1318 πέμπετο.
341 1240 397 1302 καί
428 1236 629 1321 πανταχόθεν
661 1240 821 1325 ου’φημίαι
852 1244 908 1305 καί
938 1240 1065 1325 χάριτες
1094 1261 1243 1324 σννεκρο-
1279 1311 1283 1316 ,

90 1348 126 1403 10
135 1340 250 1402 eodm
270 1340 325 1401 καί
340 1334 398 1421 την
413 1334 506 1401 πόλιν
526 1340 723 1424 ἐστεφάνουν
737 1342 793 1403 καί
813 1344 870 1424 τῆς
892 1344 1047 1424 προτέρας
1069 1341 1243 1406 α’νεκταῖντο
1340 1380 1347 1395 ,

135 1432 353 1521 στυγνότητος,
375 1436 419 1514 ὥς
440 1436 620 1503 α’νόπλασιν
639 1445 812 1522 μιμεῖσθαι
829 1438 887 1525 τη“ν
908 1442 964 1505 τοῦ
976 1441 1147 1505 θεοσδότου
1166 1463 1244 1505 του-

135 1539 210 1602 τουί
229 1540 385 1618 βασιλέως
408 1539 578 1622 ἐπιδημίαν
599 1538 655 1603 καί
675 1538 732 1624 τη“ν
754 1540 988 1624 μεγαλουργίαν
1006 1543 1060 1623 τῆς
1083 1536 1238 1625 πράξεως.

136 1633 172 1701 τό
199 1639 234 1701 δέ
256 1634 382 1701 πόντων
410 1638 686 1725 θαυμασιώτερον,
708 1632 760 1703 ότι
779 1642 863 1724 μηδὲ
896 1639 930 1705 τό
958 1638 1112 1705 παλότιον
1135 1631 1240 1727 εὗρεν,

138 1732 240 1821 δπρό
263 1738 366 1802 αὐτοῦ
380 1746 533 1822 κατεῖχεν,
557 1732 674 1804 όσυλυν
698 1742 754 1803 καί
767 1736 960 1827 α’πόρθητσν,
983 1742 1051 1805 dtt’
1077 1742 1241 1807 o'nooaov-

92 1849 127 1922 15
138 1840 270 1922 λημένσν
296 1842 351 1901 καί
369 1837 599 1927 περιῃρημένον
627 1848 690 1914 τοῖς
712 1834 796 1913 όλοις
819 1844 873 1904 καί
892 1840 1009 1915 παντός
1040 1844 1166 1923 χρυσοῦ
1188 1841 1244 1907 καί

138 1938 281 2023 α’ργόρου
303 1939 357 2027 καί
379 1936 572 2026 όφόσματσς
593 1941 803 2022 ἐψιλωμένον,
827 1940 1029 2007 παντάπασιν
1048 1943 1081 2005 έν
1103 1944 1140 2030 τῇ
1162 1966 1242 2024 συγ-

137 2040 230 2123 χόσει
254 2042 310 2124 τῆς
330 2043 452 2104 έκείιιου
475 2045 699 2126 καταστροφῆς
731 2044 971 2123 α’πογυμνωθέν.
1017 2036 1077 2108 όσα
1100 2045 1135 2107 δὲ
1155 2047 1242 2124 μᾶλ-

138 2145 194 2202 λον
208 2131 284 2223 εόρε
303 2143 360 2203 τοῦ
383 2139 444 2204 α’πό
459 2143 522 2204 τῶν
537 2142 709 2223 ἐκκλησιῶν
731 2136 965 2226 ἀφαιρεθέντος
982 2141 1068 2225 παρὰ
1083 2146 1141 2204 τοῦ
1162 2167 1243 2227 προ-

138 2232 438 2319 βασιλεόσαντος’
402 2262 521 2318 κοσμσυ
536 2264 588 2302 και
609 2264 673 2303 των
686 2241 856 2321 κειμηλίων
871 2240 1123 2361 περισιηζόμενα,
1138 2242 1241 2306 πιόντα

93 2359 131 2412 20
140 2346 212 2414 ταις
235 2342 414 2421 ἐκκλησίαις
435 2364 487 2403 και
508 2347 574 2413 τοις
596 2342 697 2415 θειοις
717 2347 823 2424 σηκοῖς
860 2335 1083 2435 α’νταπήνεγκι,
1106 2368 1150 2423 μη
1177 2343 1244 2409 δεί-

141 2463 200 2513 σας
229 2434 350 2514 δλως’
329 2443 488 2524 απορίαν,
520 2444 574 2505 καί
601 2466 643 2527 τηι
672 2464 771 2559 καιρφ
793 2438 832 2506 τό
862 2441 1032 2541 πρόσφορα
1055 2466 1111 2561 της
1132 2446 1243 2525 χρείας

140 2540 369 2624 πρυσενεγκεόν·
420 2534 501 2605 ὅπου
523 2540 585 2625 γὰρ
612 2538 687 2615 θεός
710 2540 744 2605 τό
777 2536 1088 2627 θεραπευόμενον,’
1068 2566 1154 2607 απαν
1176 2544 1242 2607 ἓτε-

141 2660 197 2723 ρον
217 2662 251 2701 εν
272 2639 407 2731 δευτέρην
429 2642 559 2707 ε’τιθετο.
632 2655 639 2669 ·

233 2734 362 2825 Ἕτερον
384 2744 439 2823 δέ,
464 2742 583 2809 τοότων
606 2743 663 2809 osia
690 2740 819 2811 ἔλαττον
845 2741 926 2821 εἷς’
912 2742 1079 2829 εγκοόμιον.
1121 2746 1154 2810 έν
1174 2752 1243 2822 ταῖς

81 3151 87 3161 ,
145 3096 227 3148 larios
246 3094 387 3147 torcorum
412 3094 519 3161 lingua)
545 3067 637 3141 urbem
668 3086 825 3142 obtinentes
845 3088 940 3142 servili
972 3089 1063 3141 babitu
1093 3097 1120 3141 ct
1145 3092 1264 3175 animo„

142 3182 234 3219 manus
255 3175 281 3217 et
299 3168 373 3218 sinos
393 3164 539 3215 efferebant
557 3160 667 3243 impleta
685 3174 749 3211 auro
771 3168 797 3211 ot
815 3161 894 3212 textis
914 3161 1056 3226 pretiosis.
1077 3169 1165 3228 atque-
1177 3163 1244 3228 ipsis

144 3237 314 3293 Cutulmnsiis
332 3234 514 3302 quotidianae
534 3233 617 3298 regiis
636 3231 770 3284 thesauris
791 3240 818 3283 et
832 3230 1031 3283 innumerabilis
1051 3231 1172 3284 accessio
1191 3233 1244 3283 lie.

142 3310 203 3361 bat.
224 3317 251 3360 et
268 3313 412 3386 propterea
431 3310 615 3368 tympanorum
634 3317 715 3354 sonos
735 3311 762 3353 et
780 3303 925 3355 celebratio
947 3319 961 3354 a
981 3304 1081 3367 fossato
1100 3302 1243 3355 lurcorum

142 3382 216 3433 varia
237 3373 399 3442 chrysopoli
418 3372 560 3424 edebatur·
581 3380 607 3424 et
624 3376 741 3443 undique
762 3373 956 3427 celebrationes
977 3384 1003 3426 et
1021 3383 1110 3443 grates
1129 3374 1243 3441 plaude-

142 3453 240 3504 bantur
259 3456 286 3498 et
303 3444 395 3495 orbem
424 3443 596 3508 coronabant,
617 3453 644 3496 et
668 3461 683 3495 e
712 3447 803 3512 priore
827 3446 1003 3499 restituebant
1021 3446 1139 3508 tristitia,
1158 3446 1195 3496 ita
1213 3453 1242 3498 ut

145 3517 404 3574 transformationem
422 3524 550 3599 aequaret
568 3482 622 3567 dt'tti
641 3518 726 3568 adeo
751 3518 829 3569 huius
848 3518 921 3585 regis
941 3519 1071 3569 adventus
1091 3525 1118 3567 et
1136 3517 1243 3583 magni..

143 3591 251 3645 ficentia
271 3586 392 3639 actionis.
435 3588 548 3639 maxime
573 3595 661 3638 autem
686 3590 800 3653 mirum,
826 3590 896 3671 quod
921 3603 956 3638 ne
981 3587 1108 3655 palatium
1138 3586 1244 3653 quidem

143 3662 257 3724 invenit,
277 3659 348 3727 quod
366 3666 428 3710 anto
448 3674 508 3710 eum
527 3658 684 3710 obtinebat
677 3668 811 3726 mtegram
831 3669 858 3711 et
876 3661 1012 3723 intactum,
1035 3657 1082 3709 sed
1101 3656 1243 3725 spoliatum

144 3743 171 3786 et
191 3733 322 3799 direptum
333 3730 463 3795 omnibus,
485 3740 512 3782 et
525 3731 595 3780 omni
608 3745 673 3781 auro
689 3738 715 3781 ct
725 3738 837 3799 argento
853 3731 972 3781 attextis
988 3729 1106 3780 orbatum
1124 3730 1241 3791 otnnino,

142 3808 170 3856 in
190 3804 348 3854 confusione
367 3801 450 3854 cladis
468 3802 543 3854 illius
558 3802 732 3853 denudatum:
753 3817 821 3869 quae
840 3808 926 3852 autem
947 3802 1050 3853 invenit
1070 3808 1242 3853 ornamento.

142 3892 199 3929 rum
226 3884 253 3925 et
279 3876 421 3942 insignium
452 3890 484 3926 ex
512 3872 637 3923 ecclesiis
661 3888 676 3922 a
702 3874 792 3938 priore
824 3885 889 3937 rege
924 3872 1100 3924 detractorum
1126 3879 1241 3933 servata,

143 3949 232 3999 omnia
246 3946 369 3996 ecclesiis
380 3954 406 3995 et
421 3946 519 3997 divinis
537 3943 644 4010 templis
663 3943 787 4006 reddidit,
806 3957 860 3993 oon
872 3944 967 3995 timens
981 3946 1087 3994 omnino
1107 3943 1241 4008 inopiam:

144 4028 170 4069 et
189 4018 325 4070 occasioni
341 4014 433 4067 utilem
452 4032 527 4068 usum
541 4016 649 4068 addens.
676 4014 726 4066 Ubi
747 4016 816 4065 enim
836 4014 900 4065 deus
921 4015 1019 4067 cultum
1039 4029 1142 4065 omnem
1160 4012 1241 4063 alium

143 4090 259 4143 secrmdo
279 4088 341 4140 loco
359 4087 482 4154 ponebat.
531 4133 535 4139 .

251 4186 342 4242 Alium
358 4198 415 4260 noa
434 4188 521 4241 minus
540 4186 574 4262 ¹in
592 4164 766 4263 laudent—in¹
780 4186 917 4240 maritimis
936 4183 1074 4252 litoribus,
1100 4194 1167 4253 quae
1194 4178 1241 4233 τες
