2875 4734
204 286 297 387 ooo*
499 310 720 383 urenams
749 296 1009 378 λτιλιιοτλε

206 474 289 569 ἥττω
310 478 398 545 di
368 503 396 545 οι
418 482 579 562 βάρβαροι
601 470 838 600 κληρωσάμενοι
861 474 925 538 τάν
937 473 1066 591 οἰκείιρν
1088 469 1245 552 ἰπάλξεων
1265 470 1311 579 τάς

205 710 251 760 τις
275 685 309 747 s’v
327 683 370 770 τῷ
393 685 534 767 παλατίῳ
557 678 714 798 ’μετέωρος
739 702 783 752 εις
798 670 1042 795 κατορλιησιν),“
1025 697 1085 749 εως
1107 670 1310 757 ἀπειρηκότες

205 782 246 875 τῇ
266 788 417 900 βασιλικῇ
446 744 578 863 δυνάμει
611 804 663 842 και
658 777 773 900 δεξιᾷ
793 776 851 853 τάς
873 772 993 841 ἓαντῶν
1023 775 1134 849 κακιάς
1154 776 1309 862 ε’ξίληξαν,

209 888 265 949 καί
285 881 471 980 συγγνώμην
495 878 677 965 αἰτήσαντες
702 867 797 963 ιάρον
818 880 1095 961 ἕπικομπτομίνην
1116 874 1225 949 αὐτοῖς
1250 868 1334 957 τῆνο

206 988 264 1052 τοῦ
283 974 440 1067 βασιλέως
460 981 637 1070 εάμένειαν.

310 1080 421 1159 Oritur
444 1075 502 1147 σάν
523 1079 578 1146 καί
596 1077 715 1166 ταύτην
738 1078 796 1163 τήν
820 1075 991 1161 ἐπιβουλήν
1006 1075 1182 1164 θεοεεάκτρι
1205 1078 1312 1157 adpo-

211 1186 268 1278 χίηι
291 1180 607 1268 καταγωνισάμενος,
635 1182 731 1246 παντί
750 1182 809 1262 μὲν
832 1178 947 1263 πλήθει
976 1180 1037 1243 τῶν
1056 1182 1312 1262 σωματοφυλακ·

203 1286 344 1351 τοάντων
377 1282 571 1368 βαρβάρων
579 1306 738 1364 τιμωριαν
760 1280 816 1343 οὐκ
844 1275 1051 1362 επεστήριζε,
1080 1278 1247 1358 δεομένους
1276 1276 1311 1339 δί

208 1388 329 1466 μάλλον
350 1387 406 1447 καί
418 1383 477 1459 τάς
498 1375 589 1465 ὄψεις
611 1385 725 1504 scarp
741 1381 959 1465 ἐπερείδοντας
979 1381 1207 1467 κατῳκτείρησε
1225 1399 1312 1457 copt-
1292 1387 1354 1443 -to

161 1562 164 1569 ¹
210 1488 347 1559 παθειάς
382 1507 415 1547 τε
438 1481 611 1568 ε’πηξίωσε,
644 1507 697 1548 και
692 1478 899 1565 άτιοθηκοιις
917 1486 1072 1565 χρησταῖς
1095 1484 1225 1564 φρονείν
1246 1502 1312 1543 πα-

212 1581 401 1670 ρεσκεύασεν
425 1584 468 1661 ὥς
492 1584 550 1647 οὐκ
571 1575 611 1667 άν
631 1582 729 1648 ου’τάν
752 1585 904 1665 ζητοῦσαι
931 1581 1124 1665 περιτρέψαι
1146 1580 1313 1663 torquens

211 1684 328 1750 πολλαί
349 1687 507 1769 μορίαδες
534 1686 678 1769 α’νδράν,
707 1685 742 1749 ἐκ
772 1684 850 1746 θεοῦ
883 1680 1019 1764 λαβόντα
1051 1679 1109 1765 την
1132 1681 1311 1766 ἡγεμονίαν.

211 1788 299 1863 τινάς
319 1788 354 1852 δὲ
373 1782 505 1867 τοάιων,
531 1782 601 1851 ὅσοι
622 1784 702 1872 πρὸς
723 1783 780 1870 τήν
799 1786 856 1850 τοῦ
870 1788 1030 1866 βελτιόνος
1043 1782 1313 1866 μεταβολὴνοίπε-

210 1894 385 1974 μνωομένοι
407 1881 488 1974 ἦσαν
509 1890 600 1969 ἰδεῖν,
625 1891 680 1951 καί
699 1886 738 1971 τῇ
759 1889 860 1971 κρίσει
883 1883 937 1949 καί
961 1885 1152 1970 άναζητήσει
1174 1884 1230 1949 τοῦ
1250 1887 1356 1965 ilo-15

212 1978 325 2064 σιλέως
348 1992 404 2054 καί
425 1995 495 2063 ταῖς
516 1985 751 2073 προσηκούσαις
781 1986 929 2060 euastata
952 1987 1007 2051 καί
1026 1987 1102 2070 παρ’
1125 1984 1233 2051 αάτοάν
1252 1987 1314 2051 ταῖν

212 2088 386 2175 ὁμοφύλων
408 2090 629 2173 η’λέγχθησαν,
660 2086 825 2174 φρουροὺς
854 2086 948 2152 τινῶν
978 2084 1146 2170 ἐρυμάτων
1170 2080 1214 2161 ιάς
1233 2086 1314 2149 άπο.

212 2190 347 2273 βλήτοος
380 2177 567 2269 duranni,
588 2188 721 2277 τοιαύτη
754 2189 912 2276 φιλοτίμῳ
943 2190 1030 2274 φανῇ
1054 2184 1215 2273 ζημιώσας
1237 2185 1314 2263 τούς

213 2312 367 2377 αφρονας.

314 2389 362 2457 ot
383 2388 464 2456 πολά
489 2388 524 2456 τά
547 2394 581 2457 ἰν
603 2394 717 2479 μέσην,
741 2392 796 2455 καί
817 2385 956 2474 Μιχαὴλ
975 2387 1117 2472 μοναχάς
1141 2383 1157 2453 ά
1180 2384 1360 2472 rinion-20
1428 2387 1429 2423 ³

212 2515 282 2574 μσς,
308 2491 325 2554 ά
349 2483 403 2557 ἒπί
422 2493 484 2568 τῶν
508 2494 675 2558 πολιτικῶν
696 2490 895 2578 πραγμάτων
917 2486 1068 2575 προστάς,
1090 2488 1125 2556 τά
1149 2493 1238 2575 γένος
1260 2492 1314 2556 ἐ’λ-

213 2618 276 2657 κων
298 2596 333 2657 ἐκ
358 2595 593 2678 Νικομηδείας,
620 2592 675 2676 την
698 2590 781 2677 ζωὴν
804 2592 1010 2676 ἰξεμίτρησε,
1045 2589 1237 2678 δυσάρεστος
1256 2583 1314 2654 άν-

214 2696 342 2778 θρωπος
364 2692 420 2758 καί
440 2690 593 2777 άψαάχην
618 2692 673 2759 καί
697 2690 743 2778 μη
766 2688 849 2757 πάνυ
872 2716 905 2757 τι
927 2690 1150 2774 ξάντιθέμενος
1171 2698 1243 2770 ταῖς
1257 2693 1315 2758 τοῦ
1428 2682 1429 2689 ¹

287 2865 329 2925 14.
348 2868 424 2932 stria
440 2869 471 2924 0.

214 3049 317 3103 ballum
340 3066 390 3118 per
414 3049 523 3120 aliquod
546 3058 668 3119 tempus.
660 3050 843 3104 ·inieriorem
869 3060 957 3105 autem
982 3058 1083 3122 partem
1105 3050 1210 3105 barbari
1228 3053 1316 3106 sortiti

214 3124 286 3173 intra
310 3137 358 3175 sua
376 3123 508 3189 praesidia
528 3125 603 3191 quasi
622 3124 692 3175 intra
703 3122 883 3177 castellumsc
902 3124 1092 3177 continebant:
1113 3123 1226 3193 (tributa
1246 3125 1317 3176 enirn

216 3201 274 3245 erut
291 3193 325 3244 iis
345 3209 394 3244 arx
415 3195 570 3261 quaedam
562 3209 590 3244 m
609 3194 709 3273 palutio
729 3194 784 3246 alta
801 3195 835 3246 ad
854 3195 1045 3280 domicilium.)
1071 3195 1157 3246 donec
1176 3195 1317 3265 defatigati

214 3265 291 3331 regia
309 3278 387 3314 manu
407 3272 434 3314 et
460 3264 551 3316 dextre
579 3260 661 3317 asnia
679 3268 813 3350 pravitate
832 3267 994 3319 desisterent
1018 3275 1045 3318 at
1069 3266 1175 3318 renium
1193 3274 1317 3363 petentes

215 3335 371 3385 invenirent
388 3335 546 3385 annuentem
560 3335 611 3387 sibi
630 3337 703 3404 regis
722 3336 898 3389 clementiam.

318 3421 459 3491 Postquam
477 3423 560 3491 igitur
580 3425 619 3477 sic
638 3433 666 3476 et
679 3424 727 3477 lras
746 3425 856 3479 insidias
875 3426 965 3480 divina
984 3425 1139 3479 fortitudine
1158 3380 1317 3491 debellarit,

216 3494 293 3547 omni
318 3492 481 3547 multitudini
506 3494 652 3548 satellitum
675 3496 848 3549 barbarorum
872 3510 987 3564 poenam
1010 3512 1064 3552 nou
1091 3497 1218 3550 intendite
1237 3497 1317 3549 immo

215 3573 357 3635 precantes
384 3574 411 3617 et
436 3564 564 3618 oculos
557 3583 584 3618 ru
608 3575 706 3619 terram
725 3568 839 3637 figentes
862 3571 1002 3622 miseratus
1031 3577 1072 3621 est
1090 3575 1116 3633 et
1134 3568 1318 3621 misericordia

217 3638 341 3707 dignatus
370 3644 397 3688 et
423 3638 559 3689 admonuit
578 3652 641 3703 eos,
669 3646 699 3690 ut
727 3639 849 3691 consiliis
868 3640 946 3693 bonis
966 3646 1119 3705 uterentur,
1139 3639 1238 3708 qnippe
1257 3654 1317 3690 cum

216 3722 271 3758 non
290 3714 401 3775 possent
416 3723 476 3759 eum
493 3708 560 3760 licet
573 3708 697 3763 volentes
712 3718 837 3762 evertere
852 3709 951 3763 multoe
965 3712 1097 3778 myriades
1110 3712 1239 3774 virorum,
1259 3726 1318 3761 oum

217 3794 233 3829 a
252 3778 303 3828 deo
322 3779 497 3845 accepisset
489 3780 639 3847 imperinm.
676 3780 822 3833 nonnullos
842 3790 929 3834 antem
946 3798 979 3832 ex
998 3781 1049 3846 bis,
1066 3782 1111 3851 qui
1131 3782 1270 3849 quominus
1287 3796 1319 3833 so

216 3851 244 3900 in
263 3847 360 3899 melius
378 3858 517 3902 verterent
545 3852 678 3919 desperati
703 3859 778 3903 erant
807 3862 833 3905 et
858 3853 958 3904 iudicio
979 3859 1005 3903 et
1023 3854 1181 3921 quaestione
1199 3853 1272 3920 regis
1291 3858 1321 3901 et

217 3920 286 3986 aptis
305 3919 384 3971 minis
403 3921 448 3972 vel
468 3922 527 3974 ab
520 3923 586 3989 ipsis
605 3922 747 3975 tribulibus
761 3924 884 3976 convicti
901 3931 984 3988 erant,
1005 3923 1177 3975 castellorum
1197 3936 1320 3991 quorun-

217 3992 274 4043 dam
294 3990 454 4061 praesidium
471 4000 501 4044 ut
518 3992 638 4046 obiectos
658 3996 739 4059 misit,
757 3995 805 4046 tali
824 4009 958 4063 generoso
979 3994 1061 4047 exilio
1080 3995 1194 4062 puniens
1211 3992 1319 4045 stultos.

317 4078 376 4130 lion
395 4077 488 4130 multo
499 4084 657 4146 pusterlam
675 4082 790 4135 lliehael
809 4082 954 4135 monachus
973 4082 1179 4147 illustrissimus,
1199 4078 1323 4133 civilium

221 4163 308 4200 rernm
327 4165 452 4216 praeses,
480 4151 526 4218 qui
550 4166 636 4220 genus
660 4153 774 4205 ducebat
793 4170 808 4204 e
826 4154 996 4217 Nicomedia,
1023 4154 1104 4207 ritarn
1126 4166 1249 4206 emensus
1269 4158 1323 4215 est,

221 4217 341 4285 inprutus
366 4218 446 4272 homo
477 4229 504 4273 et
527 4221 658 4290 superbus
682 4228 772 4293 nsque
791 4226 900 4277 omnino
919 4226 1082 4296 compositus
1106 4226 1178 4297 repis
1196 4222 1323 4293 sommis
