2875 4734
530 220 741 287 ntatoattt.
969 272 974 290 ,
1142 212 1190 283 61

88 379 308 464 ἀπαραίτητον
332 381 553 462 λογισάμενος,
585 380 687 465 βαρῦς
711 374 904 462 ἐχρημάτισε
933 375 1107 464 φορολόγος
1127 386 1193 452 τοῖς

88 481 289 564 χρεωστοῦσι
312 479 460 564 δημόσια.
505 473 571 545 εἶτα
588 481 641 545 καί
661 481 719 556 τάς
739 484 800 545 τοῦν
822 480 982 564 άφφικίων
1006 478 1110 554 δόσεις
1132 477 1193 543 αῦ-

66 580 142 655 ’τός
166 584 331 664 περιέτεμε
354 580 487 664 πρῶτος,
506 582 561 644 καί
576 581 779 663 πανταχόθεν
810 573 861 645 οἷά
885 602 931 654 τις
953 572 1110 662 άπλησιος
1129 584 1194 662 θη-

89 678 204 765 ρευτής
225 681 412 744 εἰσεποιεῖτο
435 680 474 744 τά
489 678 650 764 χρήματα.
673 683 805 765 ε’μὲλησε
826 681 855 742 δ’
880 678 966 765 adep
984 677 1066 760 μετά
1091 681 1193 744 ταῦτα

65 785 146 867 5καί
170 779 342 874 φειδωλίας
364 783 419 843 καί
440 783 498 843 τοῦ
522 779 705 866 προσθήκην
739 782 846 864 ἀγριῦν
869 785 909 868 τῇ
929 782 1077 868 βασιλείᾳ
1102 803 1194 863 περι.

91 878 300 964 ποιήσασθαι.
354 876 402 942 διά
431 885 486 966 καί
515 878 616 944 πολλά
638 885 696 961 μὲν
718 880 861 945 ἰδιωτικὰ
893 879 1049 964 πρόσωπα
1074 883 1195 945 πολλῶν

91 980 284 1064 ἀπεστέρησε
300 980 611 1066 κτήσεων,’παριδάν
633 979 689 1058 τάς
701 979 961 1066 χρυσοβοῦλλους
978 979 1097 1047 τοῦτων
1117 1006 1195 1065 γρα·

92 1076 168 1166 φάς,
190 1082 230 1144 δι’
255 1073 299 1144 ὧν
321 1080 429 1157 αὐτοῖς
463 1081 502 1146 τά
524 1086 581 1165 τῆς
603 1075 783 1158 δεσποτείας
805 1083 999 1167 ἦδραίωντο·
1043 1088 1196 1166 ἐνέσκηψε

93 1183 129 1244 δὲ
150 1182 208 1244 καί
224 1205 288 1246 τισι
322 1185 383 1246 τάν
408 1171 678 1269 φροντιστηρίων,
708 1181 848 1265 μεγάλας
870 1182 924 1248 καί
944 1189 1099 1258 πλουσίας
1119 1179 1196 1265 κτή-

51 1305 158 1366 ηησεις
180 1283 314 1364 ἐχόντων
335 1285 387 1348 καί
407 1289 555 1360 τῶνταῖς
578 1287 755 1363 βασιλικοῖς
779 1288 957 1369 θησαυροῖς
980 1284 1195 1363 ἀνακειμένων

92 1380 292 1459 ἀποδεούσας
317 1385 385 1449 oe'd'
412 1379 510 1461 ὅλως·
562 1388 615 1450 καί
637 1384 756 1460 πολλάς
778 1384 884 1449 αῦτιῦν
913 1378 1197 1469 ἀφελόμενος,καί

96 1480 150 1546 διά
176 1487 354 1566 λογοποιίας
373 1483 407 1549 τά
432 1479 550 1570 ἀρκοῦν
572 1485 790 1569 ἐγκαταλιπών
806 1492 919 1564 μοναῖς
943 1483 998 1548 καί
1010 1481 1194 1564 μονάζουσι,

91 1590 158 1658 τοῖς
176 1587 350 1666 βασιλικοῖς
368 1584 402 1648 τά
421 1586 571 1669 περισσάν
591 1584 829 1672 προσαφοῦρισε,
848 1585 977 1669 πρᾶγμα
996 1584 1196 1665 παρανομίας

92 1687 152 1763 μὲν
175 1681 268 1761 δόξαν
292 1679 311 1768 ἢ
332 1685 480 1768 ἀσεβείας
502 1687 644 1771 εἰσάγον,
675 1691 731 1750 κατ’
753 1686 832 1770 πρὸς
852 1682 1033 1769 ἱεροσυλίαν
1054 1692 1118 1758 τοῖς
1139 1679 1211 1746 εῦ..

51 1816 82 1868 15
93 1786 298 1868 λαβεστέροις
321 1789 354 1850 ἐκ
375 1791 433 1850 τοῦ
461 1791 635 1871 προχείρου
660 1785 913 1873 ἀναφερόμενον,
938 1779 1137 1864 ἀποτέλεσμα
1161 1786 1196 1849 δί

91 1887 195 1968 μηδὲν
215 1878 330 1951 άτοπον
354 1888 517 1974 ἀποφέρον
532 1886 609 1971 πρός
622 1912 657 1970 γε
677 1887 750 1962 τοῦς
773 1890 936 1972 ε’μβριθτῦς
960 1886 1001 1950 τά
1031 1889 1196 1968 πράγμετα

94 1990 325 2068 διακρίνοντας.
383 1982 578 2072 ἑκατέρωθεν
599 1985 660 2070 γάρ
690 1985 839 2071 ὀνήσιμον
860 1981 938 2053 εἶναι
970 1985 1225 2069 διεγινώσκετο,ῖ.
1246 1990 1298 2046 179
1312 2007 1335 2046 τ.

93 2086 170 2161 τοῦς
189 2111 221 2150 τε
233 2083 405 2170 μοναχοῦς
428 2087 604 2174 φροντίδων
623 2091 830 2178 ἀπαλλάττον
841 2086 1057 2174 ἀπροσφόρων
1078 2090 1115 2174 τῇ
1126 2088 1193 2151 κατ’

95 2187 214 2261 αῦτοῦς
230 2187 381 2275 πολιτείᾳ,
402 2188 455 2254 καί
465 2193 693 2275 χρηματισμοῦ
707 2187 780 2266 τοῦς
794 2188 1014 2276 ἀκτημοσῦνην
1025 2187 1197 2251 πεπαιδευ.

48 2325 84 2380 20
93 2290 212 2370 μένους
227 2289 418 2368 ἀπανιστῦν,
442 2294 496 2355 καί
507 2291 599 2355 οῦδὲν
621 2295 684 2355 ταῖν
701 2289 779 2375 πρὸς
802 2290 859 2371 τήν
881 2296 994 2373 χρείαν
1014 2289 1200 2370 ἐπιτηδείων

96 2389 306 2473 ἀποστεροῦν,
327 2389 381 2458 καί
400 2391 474 2467 τοῦς
493 2393 713 2475 ἀγρογείτονας
733 2392 922 2475 ἐλευθεροῦν
935 2391 989 2473 τής
1005 2389 1125 2453 τοῦτων
1137 2392 1199 2469 βα.

96 2489 240 2575 ρῦτητος,
253 2488 301 2557 ὅτι
314 2497 358 2582 τῷ
368 2499 535 2558 πολυτελεῖ
543 2497 598 2559 καί
613 2495 836 2581 πολυταλάντῳ
849 2495 910 2556 τεῦν
923 2491 1060 2575 κτήσεων
1071 2486 1105 2555 τά
1120 2491 1199 2575 σφί.

95 2617 173 2677 τερα
193 2603 375 2662 καταλιπεῖν
408 2598 526 2671 ου’τοῦς
550 2596 579 2661 οἱ
602 2598 740 2680 μοναχοί
760 2591 1003 2679 κατηνάγκαζον,
1025 2581 1200 2674 ἀπληστίαν

97 2688 161 2778 ήδη
183 2692 372 2780 νοσήσαντες
393 2696 448 2761 καί
468 2701 513 2774 εἰς
535 2694 599 2774 ἕξιν
620 2699 677 2761 τοῦ
699 2693 822 2772 πάθους
841 2691 1009 2779 γινόμενοι,
1030 2696 1085 2758 καῖ
1107 2714 1199 2777 περι.

172 2883 196 2936 7.
218 2891 338 2942 κτίσεων
356 2885 385 2940 G.
492 2886 534 2940 21.
555 2887 701 2958 ἀποστερεῖ
711 2886 740 2939 Ο.

99 3064 210 3108 exactor
238 3058 401 3111 debitoribus
422 3060 554 3126 publicis,
581 3058 677 3109 deinde
704 3019 787 3107 etiarrr'
804 3055 953 3106 officiorum
971 3055 1047 3105 dotes
1067 3054 1125 3119 ipse
1144 3054 1198 3104 cir.

99 3130 247 3180 cumsecuit
265 3131 374 3195 primus,
395 3139 422 3180 et
440 3132 556 3196 undique
575 3131 651 3196 quasi
669 3127 830 3178 insatiabilis
855 3133 967 3176 venator
986 3124 1093 3175 adduxit
1111 3123 1200 3174 iacul-
1222 3186 1229 3192 .

97 3208 178 3262 tates,
206 3216 285 3252 curae
304 3210 391 3253 autem
417 3203 441 3252 ei
462 3202 511 3251 fuit
528 3199 671 3264 posthaec
692 3199 770 3248 etiam
789 3198 950 3263 parsimonia
969 3205 996 3247 et
1013 3205 1042 3247 ut
1062 3197 1199 3246 accessio.

97 3287 160 3320 nem
182 3287 303 3339 agrorum
323 3287 407 3339 regno
427 3272 546 3322 fuceret:
566 3279 708 3337 propterea
729 3271 807 3320 etiam
826 3268 922 3319 multos
941 3269 1059 3334 privatos
1079 3267 1204 3331 homines

98 3340 189 3392 multis
208 3345 325 3408 privavit
343 3342 566 3410 possessionibus,
578 3341 721 3410 negligens
740 3339 930 3406 aureasbullas
950 3348 976 3390 et
992 3338 1083 3390 harum
1102 3340 1203 3404 scripta

98 3413 196 3479 quibus
221 3416 254 3465 iis
275 3417 417 3466 dominium
446 3415 601 3464 firmaretur.
641 3414 735 3463 incidit
752 3421 839 3464 autern
859 3413 937 3463 etiam
955 3413 983 3461 iu
1003 3412 1129 3477 quaedam
1149 3410 1199 3458 tri.

96 3483 235 3535 bunaliurn
252 3487 432 3549 iuridicoruru‚
453 3501 561 3554 magnas
582 3494 608 3535 et
626 3485 724 3536 divites
745 3484 930 3549 possessiones
949 3481 1103 3532 habentium
1122 3487 1149 3528 et
1166 3479 1199 3528 iis

98 3571 168 3622 quae
194 3558 221 3605 in
246 3558 329 3623 regiis
355 3557 486 3610 thesauris
511 3558 647 3622 depositae
675 3565 773 3619 essent,
793 3554 965 3606 nullomodo
985 3553 1147 3611 inferiores,
1173 3555 1200 3598 et

97 3625 194 3678 multas
215 3643 302 3678 carum
323 3629 440 3693 eripiens
461 3638 487 3679 et
505 3629 614 3679 fictione
634 3627 704 3694 quod
723 3628 786 3678 sutis
806 3633 877 3678 esset
886 3623 1042 3688 relinquens
1062 3627 1199 3670 monaste-

98 3699 145 3748 riis
165 3707 192 3748 et
213 3699 358 3762 monachis,
379 3703 461 3769 regiis
481 3699 612 3751 thesauris
632 3697 794 3764 superfluum
813 3695 942 3754 definivit,
963 3707 1030 3758 quae
1049 3707 1093 3743 res
1112 3691 1199 3742 iuius·
1277 3742 1280 3753 ,

97 3770 176 3819 titiae
195 3772 313 3836 speciem
331 3781 376 3822 aut
395 3773 537 3838 impietatis
564 3770 688 3833 afferret,
716 3776 743 3819 et
762 3769 794 3820 ad
812 3765 983 3830 sacrilegium
1002 3779 1017 3813 a
1037 3763 1199 3814 cautioribus

98 3841 125 3890 in
151 3850 274 3906 promptu
303 3843 466 3908 referreturp
493 3844 540 3894 sed
567 3850 690 3892 eventurn
710 3853 765 3891 non
783 3841 900 3904 ineptum
921 3834 1045 3886 redderet
1063 3835 1133 3901 apud
1152 3849 1199 3885 eos

97 3912 144 3978 qui
164 3914 308 3979 prudenter
327 3929 370 3964 res
384 3915 576 3966 diiudicarent:
596 3913 628 3962 ab
646 3920 758 3978 utraque
778 3909 847 3959 enirn
866 3914 940 3974 parte
958 3906 1031 3957 utilis
1052 3923 1112 3959 esse
1131 3921 1200 3972 cog-

96 3983 276 4047 noscebatur,
304 3999 362 4034 cunr
382 3991 408 4035 et
426 3986 570 4037 monachos
598 3985 667 4035 curis
694 3983 822 4033 liberaret
847 3987 874 4030 et
892 3995 907 4030 a
926 3987 1037 4046 quaestu
1059 3994 1124 4039 eos,
1154 3975 1199 4042 qui

96 4053 130 4105 ad
150 4056 266 4122 inopiam
285 4057 398 4106 instituti
419 4065 501 4122 erant,
522 4057 681 4118 abduceret,
708 4062 735 4104 et
754 4051 821 4103 nibil
841 4066 947 4114 eorum,
973 4066 1041 4118 quse
1064 4050 1096 4100 ad
1124 4059 1200 4095 usum

95 4129 251 4180 necessaria
270 4135 346 4195 sunt,
367 4128 499 4196 eriperet,
527 4136 552 4180 et
571 4142 694 4197 agrorum
714 4125 819 4179 vicinos
839 4123 967 4177 liberaret
983 4123 1079 4174 borum
1096 4119 1199 4186 impor-

848 4213 866 4243 0
