2875 4734
185 147 189 151 *
223 180 300 255 οοο
357 149 385 166 ”
510 135 730 253 υιοιιλειιε
764 175 1026 253 λττλιιοτιε

222 347 369 436 ταφνγῆν
392 348 447 413 καί
466 339 682 434 παράκλησιν·
705 348 760 412 καί
775 350 898 433 ου’τίκα,
920 348 1003 431 μηδὲ
1024 335 1134 429 βραχό
1151 368 1181 409 τι
1203 344 1335 427 μελλῆι-

222 473 300 535 σας,
320 447 398 514 ναόν
426 452 527 515 ἐκεῖσε
561 454 616 533 τῆς
643 450 868 534 παναχράντου
896 450 1060 531 δεσποίνης
1093 447 1147 510 καί
1173 443 1333 523 θεοτόκου
1393 513 1399 521 ,

223 552 405 635 δομηθῆναι
425 553 607 633 προσέταξε.
660 554 715 615 καί
741 554 865 614 πολλιδν
894 541 992 613 όντων
1024 550 1173 629 τεχνιτῶν
1206 549 1239 611 ὲν
1261 554 1334 619 τοῖς

221 653 351 736 πλοίοις,
374 653 430 716 καί
450 656 570 734 χειροὸν
603 653 637 716 ἐν
657 648 812 736 μυριάσιν
841 652 1100 736 ἀριθμουμένων,
1123 646 1199 723 ναός
1220 650 1334 732 ἀπηρ-

221 750 316 836 τιλίθη
339 749 393 815 διά
414 756 509 836 τριῶν
531 752 660 836 ῆμερῶν
687 749 877 835 περικαλλὴς
906 752 962 815 καί
981 746 1163 831 σεβόσμιος,
1184 753 1360 835 σφαιρο-5

222 854 293 936 ειδῆ
322 852 378 916 τόν
409 844 529 937 όροφον
560 850 643 935 ἔχων
680 852 735 918 καί
763 857 977 939 παραπτέροις
1010 852 1240 935 κεκοσμημένος
1271 854 1333 915 καί

220 958 306 1020 κίοσι
328 957 384 1019 καί
401 955 574 1038 προνάοις,
596 956 652 1019 καί
675 955 783 1043 κόσμῳ
813 956 1034 1039 διηνθισμένος
1067 950 1247 1038 μαρμάρινον
1272 955 1332 1016 καί

222 1063 365 1141 μορφαῖς
389 1056 488 1138 ἀγίοον
521 1054 807 1143 περιαστράπτων,
836 1058 891 1120 καί
920 1047 1000 1129 dtur
1027 1055 1260 1138 ἀπηρτισμένος
1281 1054 1330 1129 εἰς
1384 1070 1388 1083 ·

223 1154 415 1240 ἀραιότητα.
468 1158 523 1220 καί
549 1151 721 1239 προσέταξε
747 1160 896 1241 ’σημῆναι
924 1153 960 1220 τό
984 1152 1145 1237 ἐπαγωγόν
1167 1150 1247 1237 πρός
1272 1154 1330 1217 ου’-

222 1258 362 1335 σίβειαν.
415 1261 470 1321 καί
497 1258 740 1340 καταμαθόντες
772 1256 802 1321 οἱ
827 1255 861 1321 ἐν
889 1260 934 1345 τῆ
956 1250 1043 1323 ἀατει
1072 1250 1128 1339 τῆν
1153 1256 1211 1319 rod
1230 1255 1327 1333 ξόλου
1341 1266 1376 1319 10

223 1352 354 1441 φωνῆν,
375 1354 567 1440 ε’θαόμασάν
587 1383 623 1423 τε
650 1358 686 1423 τό
706 1356 790 1442 ταχό
828 1357 882 1423 καί
902 1356 1050 1423 σύντονον
1072 1361 1131 1419 τοῦ
1157 1354 1330 1440 οἰκοδομή-
1359 1436 1363 1439 -

222 1481 324 1537 ματος
347 1462 402 1546 καί
421 1458 455 1523 τό
480 1459 705 1544 προσφώνημα
727 1462 785 1542 τῆς
812 1461 857 1535 εἰς
878 1460 1058 1542 δοξολογίαν
1087 1450 1224 1541 ἀγούσης
1246 1458 1328 1522 σάλ-

222 1584 342 1644 πιγγυς,
365 1564 420 1624 καί
439 1563 583 1643 θορύβου
604 1564 798 1643 πλησθέντες
813 1562 867 1624 καί
887 1561 1032 1644 ταραχῆς
1053 1560 1248 1643 μεριδα“τῆν
1268 1560 1328 1643 νῆ-

224 1682 281 1725 σον
302 1664 358 1757 τῆς
374 1661 554 1743 Ῥωμαῖκῆς
576 1662 740 1742 δυνάμεως
762 1660 1028 1746 προόπετόπασαν
1049 1658 1190 1753 ἔσεσθαι.

330 1760 460 1837 Τοότοις
479 1768 545 1836 τοῖς
565 1758 669 1846 ἔργοις
693 1763 748 1844 τῆς
779 1764 942 1841 εὐσεβείας
966 1764 1181 1845 παρακληθείς
1212 1759 1228 1823 ὅ
1253 1762 1329 1837 θεός
1341 1768 1374 1821 15

225 1860 283 1946 τῆν
311 1858 595 1947 όποκρυπτομίνην
627 1864 688 1927 τῶν
718 1866 928 1948 Σαρακηντόν,
958 1862 1013 1927 καί
1039 1856 1140 1945 ἄρδην
1174 1862 1328 1927 ἀπολέσαι

223 1966 406 2044 μέλλουσαν
427 1957 526 2028 αότόν
545 1962 607 2027 σόν
628 1967 667 2052 τῇ
687 1966 832 2051 στρατιᾷ,
853 1962 998 2049 φανερόν
1019 1957 1246 2046 ἀπειργάσατο.
1289 1957 1329 2048 ἦν

223 2061 285 2149 γάρ
308 2051 512 2147 συγκείμενον
543 2072 609 2141 τοῖς
629 2088 661 2129 τε
690 2066 749 2127 rod
771 2063 939 2139 Χόνδακος
965 2067 1161 2148 Σαραιιηνοῖς
1190 2062 1329 2139 καὶτοῖς

223 2162 283 2245 τῆν
301 2161 413 2246 χώραν
435 2167 557 2229 οἰκοῦσι
581 2163 695 2249 (πολλῆ
717 2162 777 2255 χάρ
806 2160 825 2247 ῆ
858 2168 951 2247 χώρα
970 2165 1025 2247 τῆς
1050 2162 1178 2248 Κρῆτης
1197 2166 1253 2229 καί
1271 2188 1328 2228 πο-

227 2264 446 2349 λυάνθροιπος,
465 2260 683 2356 ἓβδοματιιιῶν
707 2264 834 2349 ἡμερῶν
864 2258 982 2348 δρόμον
1013 2264 1067 2328 καί
1087 2270 1184 2330 πλείω
1207 2264 1241 2331 τό
1261 2267 1327 2348 μῆ-
1339 2283 1373 2338 20

226 2362 282 2439 νιος
302 2361 422 2447 ἔχουσα
444 2363 572 2453 εάζοόντρ
594 2365 701 2449 ἀνδρί)
727 2363 780 2429 διό
795 2368 872 2446 μιᾶς
891 2365 1011 2450 ῆμέρας
1034 2366 1247 2451 όρθρ-ιιότερον
1268 2366 1328 2430 ἀπὸ

226 2461 428 2550 συνθήματος
450 2468 635 2551 ἐπιτεθῆναι
657 2472 723 2540 τοῖς
740 2462 916 2548 Ῥωμαίοις
938 2466 994 2532 καί
1014 2470 1111 2549 μέσον
1131 2466 1249 2548 ου’τοός
1269 2470 1328 2549 ε’μ-
1419 2446 1426 2485 ⁴

300 2626 342 2679 16.
359 2637 421 2696 port
438 2631 616 2700 Σαρᾳνηνῶν
633 2627 709 2681 dccet
728 2627 838 2699 ἔφοδον
856 2627 902 2680 vel
923 2628 1084 2701 ἐπιβουλήν.

187 2798 199 2805 “
228 2791 273 2843 dei
284 2798 395 2844 matrem
408 2799 436 2843 et
452 2800 618 2859 persanctam
636 2792 767 2845 dominam
784 2794 938 2864 confugium
957 2803 984 2846 et
1001 2794 1230 2861 implorationem:
1249 2800 1327 2863 atque

226 2863 316 2923 ‚statim
334 2879 423 2931 neque
441 2862 550 2930 paulum
569 2872 706 2917 cunctatus
725 2865 852 2932 templum
865 2866 910 2917 ibi
929 2867 1042 2917 maxime
1060 2881 1143 2932 purae
1162 2866 1283 2918 dominae
1303 2872 1329 2917 et

228 2936 320 2986 matris
342 2936 386 2986 dei
405 2936 541 2988 aedificari
568 2937 660 3001 iussit,
690 2944 793 2988 etcum
823 2936 899 2990 multi
921 2945 1011 2989 essent
1030 2938 1145 2989 artifices
1167 2938 1194 2989 in
1213 2938 1327 3006 navigiis

229 3014 256 3058 et
273 3021 366 3059 manus
385 3015 529 3059 sexcentae
552 3016 771 3073 numerarentur,
798 3007 925 3075 templum
953 3017 1114 3060 exstructum
1142 3016 1182 3061 est
1208 3025 1257 3076 per
1275 3016 1328 3061 tres

228 3079 286 3131 dies
307 3078 497 3146 perpulchrum
516 3089 544 3133 et
562 3089 711 3147 augustum,
731 3082 844 3133 rotundo
865 3080 972 3149 fastigio
992 3081 1138 3147 praeditum
1158 3088 1184 3131 et
1202 3082 1327 3132 adiacen.

228 3149 299 3202 tibus
318 3159 439 3201 ornatum
459 3156 486 3201 et
505 3150 635 3202 columnia
656 3160 682 3202 et
700 3153 857 3218 porticibus,
885 3158 911 3201 et
931 3161 1025 3203 ornatu
1044 3152 1195 3203 distinctum
1214 3166 1327 3204 marma.

227 3221 275 3285 ris,
296 3229 323 3272 et
341 3221 433 3287 liguris
453 3229 604 3273 sanctorum
623 3222 731 3289 fulgens
746 3230 773 3273 et
790 3224 897 3275 omnino
913 3224 1136 3275 accommodatum
1155 3222 1187 3273 ad
1207 3222 1327 3289 pulchri.

227 3292 357 3355 tudinem,
381 3298 407 3341 et
425 3293 503 3344 iussit
514 3293 667 3361 siguificare
686 3295 872 3361 incitationem
891 3295 923 3346 ad
940 3296 1076 3361 pietatem.
1116 3301 1195 3361 atque
1215 3294 1326 3344 audien.
1424 3330 1426 3337 τ

227 3369 270 3414 tea
288 3362 334 3431 qui
354 3363 381 3412 in
400 3362 466 3414 urhe
486 3372 561 3414 erant
578 3363 646 3431 ligni
666 3379 759 3416 sonum
778 3366 866 3419 mirati
891 3374 952 3417 sunt
971 3366 1137 3417 celeritatem
1157 3371 1183 3413 et
1202 3372 1328 3423 constan.

227 3434 292 3485 tiam
310 3434 427 3485 aedilicii
446 3443 473 3485 et
491 3434 646 3503 clangorem
665 3436 745 3503 tubae
772 3437 805 3488 ad
823 3437 937 3505 gloriam
956 3438 1070 3507 agentis,
1088 3444 1167 3505 atque
1186 3434 1327 3502 perturba-

148 3572 150 3577 ,
227 3507 303 3557 tione
322 3505 425 3572 impleti
445 3514 471 3557 et
490 3506 566 3558 turba
584 3504 697 3559 insulam
717 3517 818 3575 partem
845 3509 950 3575 imperii
971 3509 1084 3566 Romani
1103 3508 1161 3559 lore
1180 3514 1241 3558 ante
1260 3514 1326 3557 tem-

227 3581 278 3645 pui
297 3578 398 3646 opinati
417 3586 487 3630 sunt.

273 3712 276 3722 .
327 3673 375 3726 Ilia
401 3675 479 3728 laclia
505 3677 612 3743 pietatis
631 3684 766 3743 permotus
791 3677 856 3728 deus
883 3676 996 3729 celatrrm
1022 3675 1163 3729 consilium
1181 3674 1327 3729 Saracena.

229 3758 288 3795 rum
309 3746 434 3812 quodque
456 3747 575 3801 funditur
603 3749 795 3800 exstincturum
821 3757 877 3799 erat
902 3764 961 3799 eum
990 3765 1049 3799 cum
1068 3748 1198 3810 exercitu,
1217 3746 1327 3800 manile.

230 3821 300 3867 etum
319 3815 450 3873 reddidit:
470 3828 636 3871 convenerat
656 3821 726 3870 euim
751 3820 821 3870 inter
845 3818 992 3873 Saracenos
1013 3819 1161 3873 Ghandacis
1185 3817 1286 3870 incolas
1304 3825 1345 3872 et,

231 3901 290 3950 εοε,
311 3886 357 3955 qui
376 3894 473 3939 terram
492 3890 655 3943 inhabitante
676 3907 734 3943 cum
755 3892 825 3942 enim
850 3898 922 3943 terra
941 3890 1036 3943 Cretae
1054 3905 1149 3960 magna
1170 3897 1196 3940 et
1217 3888 1328 3939 homini.

229 3958 279 4010 bus
299 3958 435 4011 abundans
460 3969 562 4027 reptem
587 3964 688 4014 dierum
713 3963 766 4013 iter
792 3970 819 4013 et
846 3962 959 4029 amplius
979 3961 1148 4031 longitudine
1171 3960 1266 4012 habeat
1282 3974 1329 4009 ex.

228 4030 320 4096 pedite
340 4030 416 4097 viro,
436 4046 485 4097 per
504 4047 585 4084 unum
604 4034 675 4085 diem
694 4033 801 4086 lucilius
816 4041 873 4085 erat
889 4042 1015 4101 expecto
1036 4034 1147 4103 aggredi
1156 4032 1286 4085 Romanor
1305 4037 1330 4081 et

218 4103 330 4156 -tnedlca
350 4116 397 4157 εοε
415 4117 558 4170 occupare,
576 4112 606 4155 nt
624 4120 659 4157 ue
677 4105 749 4172 iguis
762 4104 868 4175 quidem
883 4113 982 4173 custos,
1001 4113 1031 4159 ut
1050 4107 1133 4171 aiunt,
1154 4104 1187 4158 ad
1198 4102 1330 4159 Romano-
