2875 4734
583 208 792 279 utsroutn.
868 222 873 233 ·
913 226 918 234 ·
1166 200 1238 285 tte

137 372 201 443 εἴτι
214 383 344 461 σημείον
364 376 423 443 oda
443 377 567 461 οἷγαθόν
580 378 734 470 ἐπεφάνη,
756 380 875 467 πολλὴν
890 385 1052 449 ε’ποιοόντο
1065 382 1123 469 τὴν
1144 382 1241 469 ἔρευ-

136 503 192 541 ναν
215 475 343 569 κοίτην
366 480 503 565 ζήτησιν,
522 480 567 563 μή
590 479 653 548 ποό
675 509 705 547 τι
721 486 785 549 τοῖν
806 482 939 549 δεόντων
960 483 1015 549 καί
1037 484 1239 567 ἁρμοζόντων

135 579 353 663 παρελείφθη,
377 573 402 660 ἢ
435 571 594 663 παρθένος
623 585 657 656 εἰς
677 586 742 647 τοῖν
767 588 996 670 φυλαττουσῶν
1026 582 1061 649 τό
1080 585 1238 651 α’θάνατον

107 726 116 732 -
133 681 195 761 πῦρ
219 676 278 762 την
292 684 470 765 παρθενίαν
488 682 620 767 ε’κλάπη,
638 677 660 766 ἢ
676 688 877 767 παρανομίας
892 680 1042 769 ἐπράχθη
1060 684 1238 768 όνείδισμα,

104 780 188 846 brui
207 780 303 861 χόλος
325 782 473 846 ἐντεῦθεν
495 787 582 857 θεῖος
604 794 670 859 τοῖς
687 784 859 868 Ῥωμαίοις
879 782 1051 851 ε’παπειλεί.
1095 788 1150 851 καί
1171 788 1239 850 διε·

133 877 323 962 ρευνιόμενοι
355 878 504 958 πολλάκις
525 878 672 968 εὕρισκον
695 883 754 961 τάς
787 886 850 950 τιόν
873 880 1087 968 α’τοπημάτονν
1110 890 1240 961 αἰτίας·

131 979 189 1044 καί
213 979 439 1062 διορθοόμενοι
460 980 599 1065 ταότας,
628 989 683 1050 καί
702 982 737 1050 τό
763 991 852 1049 θείαν
875 988 1138 1068 ε’ξευμινίσασθαι
1159 995 1239 1073 πληίι
1273 1048 1275 1055 ,

134 1082 386 1165 ροφορηθίντες,
417 1081 495 1163 μετό
526 1083 674 1169 τοιαότης
702 1078 907 1171 παρασκευῆς
942 1085 998 1153 καί
1027 1083 1171 1172 θάρσους
1192 1092 1268 1168 είςε.
1286 1105 1373 1163 rosv.

134 1181 208 1255 τοός
231 1182 388 1263 πολέμους
409 1185 563 1269 ἐχώρουν,
584 1189 639 1251 καί
660 1186 846 1280 κατώρθουν
868 1185 994 1269 αότοός,
1015 1185 1069 1253 int
1089 1188 1238 1272 μεγάλοις
1411 1180 1415 1185 ’

6 1346 11 1365 Ι
90 1281 124 1349 id
134 1288 296 1366 τροπαίοις
310 1285 369 1359 τάς
385 1288 474 1361 νότος
488 1288 680 1371 ἐπαίροντες.
703 1286 775 1351 ε’πεί
787 1284 843 1351 καί
860 1288 951 1353 τοῦτο
971 1298 1037 1366 τοῖς
1055 1300 1238 1375 στρατηγοῖς

135 1382 188 1448 διό
205 1389 355 1469 σπουδῆς
383 1385 438 1452 καί
467 1391 634 1473 φροντίδος
657 1389 790 1472 ἐγίνετο,
823 1388 858 1454 τό
882 1389 1051 1475 καθαρμόν
1074 1399 1237 1458 ποιεῖσθαι
1328 1402 1331 1411 ’

134 1488 174 1570 τῇ
194 1490 325 1575 στρατιᾷ
348 1488 466 1562 παντός
488 1489 683 1571 ἀδικήματος
705 1491 762 1553 καί
782 1487 1002 1575 ῥυπάσματος,
1023 1496 1078 1557 κἀί
1096 1488 1178 1573 μετά
1200 1489 1237 1557 τό

135 1591 278 1670 καθῆραι
300 1588 418 1674 ταότην
439 1589 474 1654 τό
497 1586 757 1674 προκινδυνεόειν
781 1595 835 1675 τῆς
867 1596 1018 1675 πατρίδος
1040 1585 1169 1673 όμεινον
1190 1587 1239 1657 εἶ-

133 1713 186 1752 ναι
207 1690 428 1772 διελογίζοντο.
481 1697 544 1763 τοῖς
576 1694 611 1754 δὲ
645 1696 703 1757 νόν
728 1688 897 1773 Ῥωμαίοις
926 1694 1018 1759 oridia
1044 1695 1162 1758 τοότων
1183 1692 1238 1759 διά
1278 1704 1279 1709 ’

84 1796 123 1853 ,15
134 1790 307 1874 φροντίδος
330 1792 438 1869 ἐστίν,
471 1793 540 1853 αλλ’
572 1788 680 1870 οἱμὲν
711 1791 849 1875 οἷρχηγοί
875 1791 995 1857 τοότων
1023 1793 1077 1859 καί
1096 1799 1239 1875 βασιλεῖς

135 1887 297 1972 προφάσει
320 1889 517 1974 δημοσιακῆς
540 1892 696 1977 ω’φελείας
720 1891 759 1955 τό
786 1898 931 1975 χείριστα
953 1896 1008 1959 καί
1029 1897 1166 1978 θεομισῆ
1184 1896 1240 1959 καί

134 1991 306 2074 παράνομα
338 1989 605 2076 διαπράττονται,
637 1988 656 2055 ό,
686 1995 721 2057 δὲ
747 1993 805 2056 τοό
836 1998 972 2078 στρατοῦ
1005 1990 1238 2080 προηγοόμενος

132 2088 178 2173 μη
201 2096 405 2175 προσανέχοον
429 2094 473 2179 τῷ
497 2093 634 2182 πολέμῳ,
657 2097 739 2179 μηδὲ
761 2097 801 2181 τῇ
824 2086 954 2180 πατρίδι
976 2097 1082 2178 νέμειν
1102 2093 1141 2161 τά
1163 2092 1238 2160 όσια
1316 2166 1321 2169 ,

132 2190 394 2274 προαιρούμενος,
417 2195 472 2257 καί
489 2192 547 2277 τήν
568 2196 602 2259 ἐκ
624 2195 679 2276 τῆς
699 2194 786 2278 νίκης
809 2190 903 2272 δόξαν
926 2197 1139 2281 περιφρονῶν,
1158 2190 1238 2277 πρός

7 2297 8 2304 '
89 2287 168 2357 toro*
194 2291 370 2371 κερδαίνειν
390 2287 460 2357 iilos
483 2288 599 2358 ἑαυτόν
624 2292 785 2370 ἐπιτείνει,’
811 2296 865 2357 καί
885 2292 940 2377 τήν
962 2293 1156 2378 στρατηγίαν
1177 2296 1239 2374 όμ-

134 2393 248 2473 πυρίαν
271 2393 419 2475 κέρδους,
455 2392 514 2458 οόκ
536 2395 712 2478 εὐπραγίαν
732 2396 788 2459 τοό
811 2395 895 2458 ι’δίου
918 2391 1033 2467 ἔθνους
1053 2394 1122 2457 πόδ’
1142 2391 1237 2457 saido-

134 2493 205 2567 ξίαν
226 2489 407 2577 πεποίηται.
452 2494 486 2559 τό
512 2496 547 2559 δὲ
569 2493 679 2583 λοιπόν
698 2498 829 2580 πλῆθος,
852 2498 886 2559 ἐκ
909 2496 970 2561 τοόν
993 2494 1157 2579 ἡγεμόνων
1178 2492 1236 2570 τάς

134 2588 285 2690 α’φορμός
305 2596 486 2681 λαμβάνον,
507 2592 566 2671 τός
599 2597 724 2672 ἀδικίας
746 2594 941 2672 οἷκαθίκτους
1030 2643 1038 2661 .
1072 2598 1127 2661 καί
1145 2595 1237 2661 εἶναι.

136 2898 238 2950 tionem
260 2896 515 2967 inquisitionemque
532 2914 568 2951 ue
588 2900 651 2968 quid
670 2900 818 2951 necessarii
838 2906 865 2949 et
883 2898 937 2965 apti
957 2897 1156 2966 negligeretur,
1176 2898 1235 2951 sive

137 2970 217 3037 virgo
238 2985 272 3019 en
297 2970 340 3034 iis,
361 2986 428 3038 quae
451 2970 635 3023 custodiebant
658 2979 796 3021 aeternum
822 2969 921 3035 ignem,
951 2968 1106 3035 virginitate
1130 2969 1235 3032 privata

137 3041 199 3103 fuit,
220 3042 279 3092 sive
298 3040 388 3110 legum
407 3042 592 3111 neglectarum
611 3040 684 3112 iacta¹
701 3038 916 3105 eratignomiuiu
936 3046 962 3088 et
980 3038 1019 3087 ira
1037 3036 1235 3091 iudeRomauis

137 3111 229 3163 divina
253 3112 411 3165 minabatur.
450 3120 478 3162 et
503 3117 663 3177 quaerentes
685 3103 877 3176 saepenumero
905 3107 1078 3159 inveniebant
1105 3108 1234 3175 iniquita..

45 3196 51 3203 ·
138 3191 192 3233 tum
210 3199 303 3235 causas
318 3193 345 3235 et
363 3184 529 3248 corrigentes
564 3195 608 3231 eas
630 3188 710 3247 atquc
729 3195 758 3233 se
778 3193 875 3239 numen
894 3178 1011 3230 divinum
1031 3178 1152 3245 placasse
1170 3194 1235 3247 per..

131 3261 243 3305 'suasum
263 3255 392 3308 babentes
411 3258 469 3303 c'um
486 3250 534 3302 tali
552 3259 680 3317 apparatu
700 3258 727 3301 et
746 3250 833 3303 animo
852 3251 880 3301 iu
898 3247 971 3302 bellu
989 3250 1063 3315 ibant
1073 3259 1099 3303 et
1117 3250 1235 3305 feliciter

136 3324 269 3391 gerebant
287 3342 335 3387 ea,
356 3323 458 3388 maguis
477 3323 599 3397 tropaeis¹
614 3314 743 3375 victorias
761 3322 904 3373 tollentes:
924 3323 1134 3391 quandoquidem
1156 3325 1234 3376 etiam

137 3395 190 3446 boc
210 3397 321 3447 ducibus
335 3393 427 3450 studio
449 3402 475 3445 ct
494 3409 574 3445 curae
594 3393 662 3457 luit,
682 3401 711 3444 ut
731 3394 910 3461 expiationem
928 3394 1100 3445 instituerent
1126 3397 1233 3446 exerci.

136 3460 187 3517 tui*
197 3468 282 3518 omnis
300 3465 417 3515 iniuriae
436 3472 463 3515 et
480 3466 715 3528 contaminationis
734 3473 761 3516 et
782 3466 889 3531 expiato
915 3463 967 3515 hoe
989 3478 1160 3531 propugnare
1185 3478 1233 3530 pro

137 3537 224 3602 patria
242 3536 338 3587 melius
358 3550 418 3588 esse
439 3535 580 3588 ducebant.
618 3536 753 3589 hodiernis
778 3545 866 3589 autem
892 3536 1018 3587 Romanis
1040 3534 1111 3587 nihil
1140 3534 1234 3588 horum

138 3622 220 3658 curae
239 3615 297 3659 est:
318 3606 366 3659 sed
383 3608 464 3659 duces
482 3607 586 3675 quidem
605 3607 698 3659 luorum
717 3608 952 3675 regesquespecie
972 3604 1096 3673 publicae
1110 3603 1234 3658 utilitatis

136 3679 252 3744 pessima
273 3686 299 3730 et
316 3678 366 3729 deo
386 3678 518 3731 invitaet
544 3678 685 3745 illegitima
703 3679 859 3746 perficiunt:
880 3678 1013 3729 exercitus
1033 3684 1121 3728 autern
1146 3677 1234 3744 impe..

136 3758 208 3801 rator
227 3764 281 3801 uon
300 3749 442 3801 intendens
459 3752 574 3801 animum
595 3748 670 3801 bello
689 3766 779 3816 neque
798 3750 900 3816 patriae
919 3747 1037 3800 tribuere
1055 3749 1125 3801 iusta
1151 3750 1233 3801 satius

136 3822 237 3873 ducens
261 3828 288 3871 et
306 3819 419 3888 gloriam
437 3823 569 3873 victoriae
586 3819 730 3887 negligens
748 3820 781 3871 ad
804 3820 906 3871 lucrum
925 3835 955 3871 se
973 3827 1055 3872 totum
1074 3822 1189 3873 advertit
1208 3828 1235 3871 ct

136 3893 277 3959 imperium
294 3900 469 3943 mercaturum
488 3893 566 3956 lucri,
585 3906 639 3943 non
659 3892 792 3942 fortunam
811 3893 852 3943 sui
883 3890 976 3958 populi
1001 3902 1090 3959 neque
1118 3890 1232 3958 glorium

135 3964 325 4015 reddiderunt:
345 3963 450 4030 reliqua
468 3972 555 4015 autern
575 3962 726 4026 multitudo,
744 3978 761 4014 a
779 3961 890 4015 ducibus
908 3964 986 4030 copia
1012 3963 1097 4026 iactu,
1122 3962 1233 4013 iniurias

127 4035 276 4087 indomitas
295 4036 435 4088 committit
455 4043 483 4087 et
499 4033 646 4102 impudenti
663 4035 765 4101 impetu
783 4043 911 4103 cognatos
938 4034 1008 4087 male
1036 4042 1062 4084 et
1089 4030 1234 4085 crudeliter

135 4108 315 4176 persequitur,
334 4107 442 4173 rapiens
470 4114 498 4160 et
514 4107 650 4161 evincens
675 4121 744 4175 quae
769 4104 810 4159 his
829 4114 890 4161 sunt
911 4106 1036 4174 propria,
1064 4110 1093 4155 et
1118 4102 1233 4159 bostium
