2875 4734
578 230 790 300 urssosttt
1176 225 1222 297 16
1263 307 1267 310 ,

122 397 234 478 χηγοδ,
254 387 367 463 α’λλ’“
340 417 446 513 φσπερ
471 386 594 457 ἄνωθεν
612 391 885 478 στρατηγούμενοι
902 393 1127 475 γενναιοτέρας
1147 393 1224 472 βου·

123 494 259 576 λεόμασι
288 494 368 581 πρός
389 492 425 558 τό
459 495 695 577 καρτερώτερον
730 487 995 574 α’νελόμβανον
980 489 1226 570 εανιοός,κιιι

121 591 340 680 προσθήκην
327 595 459 680 εκόστης
481 591 568 678 οόρας
587 597 621 659 ἐκ
643 598 706 657 ταῖν
733 593 928 676 συρρεόντων
949 591 1134 674 ἐλάμβανον.
1187 587 1224 655 τό

122 697 159 758 δὲ
171 693 355 779 κεφάλαιον
374 701 428 779 τής
450 699 579 778 βουλῆς,
598 692 642 779 μή
665 697 812 760 ἐνδοῦναι
827 695 908 779 μηδὲ
933 697 1180 779 μαλακισδήναί
1196 716 1226 757 τι

94 797 187 858 snat
184 793 448 917 ἀναβεβλημένον
469 800 594 876 παθεῖν,
618 793 697 858 α’λλό
720 793 773 858 τόν
798 793 971 912 οἷχόρισιον
991 796 1045 858 καί
1060 787 1227 876 ἇγνιόμονιι

122 897 197 977 περὶ
222 893 280 978 τήν
309 895 487 1013 εὐεργέτιν,
520 894 575 958 καί
608 895 735 959 α’δικίαν
768 893 847 957 κατὰ
877 918 941 958 των
964 890 1228 981 φρικωδεστόταν

123 989 227 1078 όρκαιν
241 993 438 1080 πεποιηκότα,
462 998 517 1081 τής
537 997 639 1114 α’ρχῆς
661 990 852 1059 καθελεῖν(
828 1020 870 1070 ως
891 993 1053 1079 α’λιτήριον
1072 993 1127 1058 καί
1147 988 1228 1057 ταό

122 1118 178 1179 της
201 1093 338 1174 dverton.
382 1096 442 1179 βοή
474 1099 510 1162 δὲ
531 1097 650 1171 τοόιοις
684 1091 741 1160 οόιι
771 1087 894 1179 όσημος
919 1093 954 1160 τό
986 1097 1131 1179 ποιητέον
1155 1098 1229 1160 ἔτι·

123 1217 227 1278 τρεπε.
272 1195 327 1260 καί
348 1194 458 1278 οἱμὲν
488 1195 546 1272 τός
579 1193 724 1282 φρουρός
746 1193 931 1270 καθελόντες
959 1193 1031 1268 τοός
1050 1198 1229 1279 φυλακίτας
1253 1226 1261 1290 η

79 1297 185 1368 νοτιόν
201 1298 325 1378 δεσμῶν
344 1297 540 1382 ἠλευθέρουν
573 1300 628 1360 καί
649 1293 820 1367 κυινωνοός
848 1293 1014 1360 ἐποιοῦντο
1034 1297 1088 1378 τής
1110 1298 1231 1378 διεγόρ·

123 1415 205 1469 σεως
224 1398 279 1460 καί
306 1399 362 1479 τής
386 1399 653 1481 ε’πιτετραμμένης
679 1396 788 1470 αὐτοῖς
819 1397 1015 1471 ἐνδιαθέτοις
1038 1395 1154 1479 ὁρμαῖς
1175 1399 1231 1462 ε’κ-

125 1491 292 1578 δινήσεως,
315 1493 346 1560 ot
369 1499 403 1560 δὲ
426 1497 465 1562 τό
489 1497 649 1584 όνόκτορα
673 1498 909 1578 κατελάμβανον
940 1499 995 1561 καί
1015 1496 1152 1578 πόλεμον
1173 1520 1232 1560 πο-

123 1594 243 1660 λιτικόν
262 1597 473 1682 ἀνερρίπιζον.
525 1593 615 1665 ἄλλοι
647 1597 705 1673 τός
739 1600 839 1673 οἰκίας
859 1599 923 1662 ταῖν
943 1596 1022 1663 κατὰ
1044 1601 1130 1682 γόνος
1154 1620 1230 1680 προ·

126 1697 284 1780 σηκόντιον
313 1705 354 1786 τρι
383 1704 514 1782 βασιλεῖ
537 1702 591 1766 καί
609 1694 735 1782 μεγαλα
761 1701 948 1780 δυναμένων
976 1702 1021 1786 τιή
1040 1705 1109 1764 κατ’
1131 1700 1231 1763 ἐκεῖνο

82 1812 116 1864 15
126 1799 243 1880 ιιαιροό
260 1804 548 1883 περιστοιχίσαντος
571 1802 604 1878 ἐξ
625 1797 743 1885 ἐφόδου
760 1796 958 1883 κατήρειπον,
982 1800 1039 1863 καί
1058 1796 1114 1862 τόν
1133 1800 1231 1862 nto&-

124 1917 179 1960 τον
201 1903 327 1974 πολλοῖς
347 1893 520 1982 ἀδικήμασι
541 1899 599 1964 καί
620 1907 808 1981 στεναγμοῖς
843 1897 984 1981 πενήτων
1006 1900 1234 1983 sucessuum

126 2001 278 2080 ρισμίνον
302 1997 480 2084 ε’ξήντλουν.
526 2002 600 2066 οὐδὲ
621 2002 693 2065 ναοί
718 2001 775 2064 καί
793 2008 923 2081 σεμνεῖα
947 2008 1023 2083 παρ’
1046 1999 1153 2064 adeda
1174 2022 1232 2063 πο.

127 2101 267 2176 λοτελοῖς
291 2104 345 2162 καί
368 2091 525 2176 πλουσίοις
546 2101 758 2186 δνεγερδίντα
789 2102 920 2186 φειδοῦς
941 2101 1090 2184 ήξίιοντο,
1111 2097 1233 2187 ἔλαφοι

128 2200 328 2282 ρκγιογοῦντο
364 2203 399 2266 δὲ
430 2206 484 2266 κατ’
517 2201 600 2268 αότό
639 2205 694 2266 καί
715 2202 759 2276 οῖς
782 2200 878 2287 όναγή
907 2200 1103 2286 ἐβεβήλαντό
1126 2225 1159 2266 τε
1176 2203 1234 2265 καῖ

79 2298 344 2420 λὶθδιηρπόζοντο.
402 2304 502 2426 ἕτερον
529 2300 607 2366 κατὰ
637 2301 672 2365 τό
707 2302 832 2382 τόμενος
862 2304 917 2384 τῆς
951 2302 1007 2364 τυό
1037 2305 1117 2366 seo
1136 2301 1232 2384 λόγου

126 2391 222 2478 ἁγίας
244 2405 361 2484 σοφίας
384 2398 603 2486 εισρεόσαντες
623 2399 676 2466 τόν
701 2397 903 2485 πατριάρχην
926 2399 1025 2465 αότόν
1046 2398 1102 2482 τήν
1121 2397 1234 2519 ἱερορ-

124 2497 222 2581 χιιιήν
252 2500 370 2583 στολήν
398 2501 617 2585 ἀμπεχόμενα
654 2502 885 2584 κατεβίβασαν,
908 2502 1146 2622 ἐκβιαζόμενοι
1175 2499 1233 2584 τήν

128 2599 321 2682 κληρονόμον
340 2625 393 2665 και
389 2601 576 2668 δέσποιναν
597 2630 642 2688 μη
633 2601 818 2687 περιιδεῖν
842 2600 880 2668 τό
903 2600 1024 2686 ἔσχατα
1043 2600 1234 2685 πάσχουσαν
1309 2654 1311 2657 ψ

128 2697 245 2774 ἀδίκοις
266 2698 353 2783 παρὰ
384 2705 441 2767 rod
470 2703 653 2793 ἕπεισόβτου
687 2705 742 2766 και
772 2701 845 2767 ιῖντί
863 2729 918 2788 της
940 2701 1234 2789 μεγιστηςιόεργε-

130 3009 185 3048 non
204 2995 300 3048 cedere
319 3010 407 3065 neque
425 2996 521 3049 decti'
514 3013 542 3050 ιιι
561 2998 618 3050 ulla
637 3015 668 3050 re
699 3005 726 3048 et
750 2999 885 3049 detentum
910 3006 1004 3064 postea
1023 2998 1096 3064 peti,
1120 2997 1195 3049 sed
1188 3011 1232 3048 ιιι

130 3075 235 3135 gratum
255 3075 281 3118 et
301 3068 394 3119 durum
416 3071 601 3134 contineam,
622 3085 712 3149 quae
716 3068 849 3120 beneficia
868 3070 893 3120 ei
916 3067 1058 3131 obtulerat,
1079 3069 1169 3134 etqui
1188 3069 1232 3118 ιιι

130 3140 200 3191 iuste
225 3148 317 3191 contra
347 3140 541 3192 terribilissimo
569 3129 738 3192 iuraiurauda
771 3139 901 3201 fecisset,
923 3139 1036 3205 imperio
1060 3139 1178 3189 deiicere
1205 3147 1234 3190 ut

130 3219 287 3277 peccantem
305 3226 392 3280 eoque
406 3210 557 3279 indiguum
576 3212 675 3264 clamor
695 3219 781 3262 autem
801 3209 842 3261 bis
861 3225 917 3260 non
935 3209 1064 3261 obscurus
1083 3210 1234 3262 iaciendum

130 3282 254 3346 advertit,
273 3290 352 3352 atque
367 3283 414 3334 alii
434 3299 555 3336 carceres
578 3290 739 3349 occupantes
765 3283 857 3348 captos
886 3281 1002 3334 vinculis
1029 3281 1186 3345 liberabant,
1207 3290 1235 3333 et

130 3354 276 3421 participes
295 3354 440 3406 reddebant
458 3355 598 3408 seditionis
617 3363 644 3405 et
663 3353 929 3405 animadversionis
922 3356 954 3405 ris
969 3354 1056 3405 insitis
1075 3354 1234 3405 incitamen

129 3425 164 3476 tis
184 3425 340 3496 impositae:
364 3425 411 3477 alii
444 3429 545 3494 regiam
571 3425 737 3492 occupabant
760 3433 791 3476 ct
811 3425 911 3476 beilum
930 3424 1013 3476 civile
1031 3424 1234 3488 resuscitabant,

131 3495 179 3546 alii
197 3489 289 3548 domus
308 3512 417 3562 eorum,
444 3501 490 3567 qui
514 3511 615 3564 genero
636 3499 695 3564 regi
710 3498 857 3580 propinqui
888 3504 964 3548 erent
982 3504 1009 3547 et
1026 3496 1137 3547 inultum
1156 3495 1235 3547 vais

78 3583 86 3592 ‘
130 3566 195 3619 bant
212 3566 261 3619 illo
281 3576 406 3652 tempore
429 3569 652 3620 circumsedentes
675 3569 761 3634 primo
785 3569 886 3634 impetu
907 3566 1063 3630 diruebant,
1085 3575 1111 3618 et
1128 3566 1236 3618 divitias

130 3638 256 3690 multis'
249 3641 356 3692 iniuriis
384 3648 411 3692 et
439 3641 560 3724 suspiriis
587 3655 732 3708 egenorum
765 3640 885 3690 conditas
909 3638 1117 3700 exhauriebant3
1146 3653 1236 3707 usqne

126 3709 238 3776 templis
267 3720 294 3763 et
316 3711 385 3764 iauis
413 3711 478 3762 ab
472 3713 505 3764 ris
527 3713 645 3777 pretiose
673 3719 700 3762 et
725 3710 853 3793 opulente
880 3710 1025 3760 aedificatis
1052 3725 1158 3777 parsum
1185 3717 1234 3762 est.

132 3780 314 3848 spoliabantur
332 3791 419 3834 autem
452 3793 478 3834 ct
501 3784 559 3849 ipsa
580 3790 606 3832 et
636 3783 711 3858 quasi
730 3783 831 3848 impura
857 3780 1103 3833 contaminabuntur
1123 3782 1237 3849 ιιιιιριε

132 3851 291 3921 banturque,
311 3853 358 3904 alii
378 3853 467 3905 fanum
486 3854 635 3919 sapientiae
655 3861 763 3904 sauctae
792 3853 835 3904 dei
857 3853 993 3903 rationis'
986 3855 1102 3920 ingressi
1120 3855 1238 3920 patriar.

133 3922 209 3974 cham
230 3925 314 3991 ipsum
336 3925 431 3977 stolam
458 3940 559 3991 sacram
584 3925 738 3977 induentem
768 3923 944 3988 deduxerunt,
964 3933 1090 3991 urgentes
1112 3938 1184 3987 eum,
1202 3937 1238 3972 nc
1334 3955 1338 3960 -

132 3995 346 4062 praetervideret
366 3998 522 4063 participem
541 3997 617 4064 regui
636 4003 662 4048 et
686 3995 818 4046 dominam
839 4003 956 4047 extrema
975 3997 1119 4062 patientem
1139 3995 1238 4045 iniuste

131 4082 147 4116 a
165 4068 320 4135 peregrino,
341 4075 368 4118 et
388 4083 436 4134 pro
455 4069 568 4126 maximo
586 4067 720 4118 beneficio
738 4065 888 4134 superbiam
910 4082 1012 4134 passam
1030 4064 1236 4118 intolerabiiena.

132 4137 266 4192 habebant
284 4141 367 4208 igitur
384 4142 447 4192 iusti
468 4141 546 4193 buius
566 4141 668 4193 socium
687 4139 765 4191 studii
793 4140 871 4192 etiam
890 4139 1085 4191 sanctissinum
1105 4137 1175 4190 tune
1193 4137 1238 4189 ti·
