2875 4734
574 217 782 321 nrsronm.
985 162 991 177 ⁸
1143 212 1214 285 ιτα

118 383 194 463 leia,
217 370 275 464 ὅση
296 380 378 444 κατὰ
397 383 551 446 Πισιδίαν
572 385 627 445 καί
645 383 806 462 Ἰσαυρίαν
827 381 890 443 καί·
905 378 1005 463 αὐτὴν
1021 378 1218 460 Λυκαονίαν,

117 482 165 555 είς
186 476 284 564 αὕτὴν
306 504 340 545 τε
361 484 423 545 τών
438 479 662 567 Παφλαγόνων
686 478 741 545 καί
752 480 944 566 Ὁνωριαὲδα,
963 482 1018 544 καί
1036 477 1157 557 πάντας
1177 481 1219 571 τῷ

117 577 233 662 πλήθει
255 577 436 661 βιάσασθαι
457 586 608 665 γενέσθαι
630 581 687 666 ὑφ’
709 574 844 662 ἑαυτόν,
874 572 942 644 εἶτα
965 584 1020 644 κατ’
1047 580 1091 654 εἷς
1111 585 1217 645 Raso.

117 683 189 745 νίαν
211 682 365 762 εἰσδῦναι,
387 682 442 746 καί
464 686 568 747 πᾶσαν
590 676 702 746 ἄδειαν
723 680 897 767 ’ἐμφράξαι
926 689 992 756 ταῖς
1013 678 1054 745 ἐκ·
1069 683 1125 746 τοῦ
1150 679 1220 746 Bri-

90 782 230 861 5ζαντος
253 785 451 866 στρατιώτας
475 785 543 846 κατ’
577 784 678 847 ου’ταιῖ
700 790 887 867 συναγεῖραι
911 786 967 853 καί
986 772 1220 865 adleuandus-

113 890 224 967 γεῖραι
246 880 345 970 τούτῳ
368 874 456 959 αἵξιαν
478 880 572 966 λόγου
595 885 649 947 καί
669 885 869 968 πράγματος·
912 880 941 947 οἱ
961 881 1023 969 γάρ
1045 884 1101 967 τῆς
1123 879 1218 948 ἐσσί·

116 1007 177 1067 ραις
200 985 392 1067 στρατιῶται
412 982 468 1067 τὴν
489 987 559 1048 κατ’
581 984 688 1049 adrui?
703 987 908 1065 ἐξομόσαντες
931 984 1079 1051 αἶπιστίοιν
1102 982 1156 1049 διώ
1180 984 1215 1051 so*
1274 1014 1281 1034 ι

115 1087 479 1169 προκατασφαλισθῆναι
508 1078 611 1166 ὅρκοις
645 1085 689 1169 μὴ
726 1078 762 1149 ἄν
791 1108 865 1149 ποτε
896 1088 1120 1171 συμφρονῆσαι
1154 1093 1218 1161 τοῖς

116 1187 190 1250 κατ’
211 1184 315 1248 αὐτοῦ
338 1169 555 1269 γενησομένοις
576 1234 583 1248 .
611 1239 618 1255 .
644 1234 651 1248 .
695 1188 759 1249 ’νῦν
781 1186 815 1249 δὲ
836 1184 880 1269 μή
914 1190 1017 1263 καλῶς
1038 1185 1218 1265 βουλευσαί-

74 1301 211 1368 1θμενυς
233 1292 339 1359 κακαῖς
360 1286 506 1361 α’πλὲτοις
533 1288 589 1350 καί
616 1286 823 1371 περιωδύυυις
857 1310 959 1371 περι.
989 1333 996 1349 .
1029 1286 1087 1373 .’ριγ
1116 1286 1219 1371 apoly-

116 1411 226 1468 μασιν.
252 1384 400 1469 ἐμβαλών
421 1387 483 1471 γὰρ
505 1392 551 1463 εἰς
571 1385 625 1472 τὴν
645 1388 706 1452 τών
725 1390 865 1453 Κιλίκων
888 1387 1007 1474 χώραν,
1029 1386 1248 1456 δυσδιαδειί-ῐ.
1261 1402 1313 1460 203
1325 1419 1348 1457 r.

116 1510 193 1561 τους
214 1488 359 1563 αιίλώνας
382 1485 520 1571 ἔχουσαν
535 1493 571 1555 ἑκ
590 1492 654 1553 τών
669 1488 800 1572 Ταύρου
824 1480 918 1570 ὄρών,
940 1485 1127 1571 ἕμενεματά
1151 1487 1220 1573 χώ-

118 1612 180 1670 ραν
199 1580 305 1673 οἵσπερ
328 1584 444 1653 ἑαυτὸν
466 1589 668 1675 ἐγκαθείρξας
692 1591 746 1653 ἐπί
760 1595 803 1677 τῷ
814 1590 920 1670 με’νειν
934 1589 1093 1674 α’πρόιτυν,
1109 1582 1220 1655 ἄδειαν

117 1690 155 1752 δὲ
177 1698 240 1765 ταῖς
264 1690 538 1772 α’ντιτεταγμὲναις
562 1695 722 1775 παρέσχεν
742 1692 843 1766 α’δεώς
866 1690 1060 1777 στρατιώτας
1081 1690 1220 1775 ἀγείρειν

76 1806 108 1860 15
118 1793 174 1853 καί
194 1788 247 1854 τὸν
271 1788 439 1870 πολεμικὸν
464 1796 626 1857 πατεῖσθαι
657 1790 843 1877 κατάλογον.
899 1795 1098 1878 ἐκπεμφθείς
1116 1788 1217 1876 γιὶρδ

118 1892 224 1974 ἕτερος
243 1892 307 1955 τών
327 1888 421 1954 υἱέων
444 1897 501 1957 τοῦ
522 1894 689 1975 Καίσαρος
715 1892 915 1977 Ἀνδρόνικος
948 1890 1217 1977 πρωτοπρὸεδρας,

117 1994 174 2056 καί
193 1995 384 2076 πραβληθτίς
405 1995 589 2075 δαμὲστικας
609 1994 665 2079 τῆς
686 1994 852 2079 ἀνατολῆς,-
877 1997 910 2059 δν
932 1996 1118 2081 παρασκευῇ
1136 1991 1217 2059 πάν·

117 2118 176 2167 τας
206 2090 282 2169 τούς
313 2091 509 2182 στρατιώτας
529 2098 697 2179 πεποίηκε,
729 2099 893 2180 σιτηρέσια
922 2096 1086 2176 διανείμας
1109 2094 1220 2171 αδτοῖς

117 2196 175 2257 κατ’
195 2192 273 2257 κακαὶ
308 2193 422 2279 μικρὸν
455 2188 597 2271 ἅπαντας
630 2193 958 2279 προαικειωοιίμενας,
988 2198 1219 2277 συναιρομένου

75 2296 177 2363 aoros
198 2297 390 2378 Κρισπίνσυ.
434 2298 488 2360 καί
505 2291 604 2370 οὕτως
623 2294 703 2377 μετοὶ
731 2292 766 2357 τὸ
788 2299 942 2379 συστῆσαι
964 2294 1021 2379 τὴν
1043 2289 1119 2379 ὅλην
1140 2294 1220 2359 ου’ν-

117 2400 208 2472 ταξιν
227 2400 288 2461 τών
309 2393 608 2484 δυνώμεων·πρυῄει
636 2395 719 2460 κατὰ
740 2400 798 2461 .τοῦ
820 2395 1056 2479 Διαγίνουςώς
1075 2398 1130 2478 τῆς
1154 2398 1220 2459 Κι-

118 2494 215 2560 λίκων
237 2494 476 2581 ἐπιβυσάμενος,
496 2500 551 2561 καί
576 2494 633 2581 τὴν
654 2498 781 2581 συνήθη
803 2502 991 2582 κλοισοῦραν
1012 2495 1069 2581 τὴν
1088 2499 1146 2560 τοῦ
1164 2502 1218 2561 λε·

117 2600 252 2682 γαμέτου
276 2598 459 2664 καταλιπών
483 2600 654 2665 Παδανταῦ
676 2597 729 2664 διαί
746 2604 799 2684 τῆς
819 2600 880 2665 τών
900 2596 1051 2686 ’ίσαιίροαν
1070 2600 1116 2675 εἷς
1138 2594 1219 2665 κου’-

192 2757 218 2815 5·
238 2760 424 2831 στρατιώταις
441 2760 471 2815 G.
547 2808 550 2812 ,

120 2938 181 2975 cum
199 2928 272 2975 tanta
289 2923 457 2992 multitudine
477 2925 505 2977 in
525 2925 686 2979 Graecorum
704 2932 801 2977 terram
819 2924 950 2987 incidere,
972 2924 1042 2990 quod
1059 2926 1155 2975 attinet
1173 2923 1219 2977 l’i.

119 2994 215 3049 sidiam
229 3003 256 3046 et
272 2994 398 3047 Isauriam
418 3006 444 3048 et
457 2997 617 3063 Lycaoniam
636 3006 663 3046 et
673 2995 882 3061 Paphlagoniam
903 3000 929 3043 et
940 2992 1097 3046 Ouariadc'm
1111 3009 1221 3059 omnes..

120 3082 176 3134 que
195 3066 363 3119 multitudine
390 3068 441 3120 sibi
461 3068 609 3129 subiicere,
629 3066 725 3117 deinde
746 3065 823 3114 etiam
847 3064 876 3113 in
893 3062 1047 3128 Bithyniam
1066 3064 1171 3131 ingredi
1192 3070 1219 3115 et

121 3152 225 3188 omnem
254 3140 423 3191 occasionem
450 3139 589 3188 obstruere
618 3135 747 3186 militibus
775 3134 929 3199 Byzantiis,
961 3133 1101 3201 quominus
1121 3142 1221 3197 ¹contra

120 3225 182 3260 eum
201 3224 267 3276 opes
285 3216 415 3279 cogerent
439 3215 466 3256 et
484 3206 584 3258 bellum
602 3214 744 3257 moverent
773 3204 835 3256 huic
860 3205 968 3273 dignum
987 3204 1070 3257 verbo
1091 3213 1118 3258 et
1138 3206 1218 3258 lacto.

121 3281 303 3333 occidentales
325 3281 395 3330 enim
412 3276 512 3328 milites
531 3277 715 3328 infidelitatem
729 3278 756 3327 in
771 3292 830 3328 eum
850 3278 1029 3345 eiuraverant,
1050 3294 1108 3329 oum
1129 3284 1219 3330 essent

23 3390 30 3407 .
120 3360 199 3404 antea
218 3351 389 3402 iureiurando
408 3347 527 3399 obstricti
546 3364 576 3400 se
594 3364 727 3416 nunquam
748 3350 946 3416 conspiraturos
972 3365 1030 3401 cum
1056 3350 1112 3401 eius
1132 3349 1220 3402 hosti.

121 3424 188 3485 bus3
207 3430 262 3473 tum
280 3431 368 3473 autem
386 3434 440 3470 non
459 3418 528 3471 bene
546 3420 597 3471 sibi
626 3420 780 3483 consulens,
799 3419 875 3471 malis
895 3421 1048 3487 ingentibus
1069 3428 1096 3473 ct
1113 3421 1218 3471 miseris

120 3493 298 3545 circumfusus
317 3497 358 3542 est
377 3490 464 3541 rebus.
502 3492 639 3559 ingressus
659 3493 728 3542 enim
755 3493 782 3542 in
803 3491 915 3544 Cilicum
932 3500 1029 3544 terram
1049 3492 1136 3542 invias
1158 3490 1219 3541 val.

119 3566 163 3617 les
180 3564 307 3614 montium
322 3562 398 3627 Tauri
425 3562 585 3627 habentem,
606 3564 702 3614 mansit
726 3565 753 3614 in
772 3563 833 3614 loco
853 3564 928 3630 quasi
958 3578 988 3613 se
1007 3563 1118 3628 cingens
1136 3568 1165 3610 ut
1182 3560 1220 3611 ibl

119 3641 273 3689 remaneret
286 3649 299 3683 :-
330 3636 497 3686 occasionem
529 3643 616 3685 autem
649 3634 769 3686 hostibus
804 3634 927 3701 praebuit
963 3638 1020 3681 tuto
1046 3630 1146 3683 milites
1171 3646 1220 3691 σο,

121 3706 202 3775 gcndi
233 3711 259 3753 et
283 3701 410 3755 bellicum
438 3707 577 3757 instituere
605 3704 746 3756 delectum.
790 3706 884 3756 missus
914 3703 983 3753 enim
1014 3700 1082 3753 alter
1105 3702 1219 3755 liliorum

122 3776 267 3838 Caesaris,
308 3776 474 3829 Andronicus
513 3792 622 3843 praeses
665 3778 765 3842 primus
804 3783 831 3827 ct
870 3774 1022 3841 designatus
1059 3774 1221 3827 domesticus

122 3848 254 3911 orientis,
274 3856 401 3913 apparatu
418 3848 554 3914 praeditos
582 3862 673 3913 omnes
691 3846 791 3899 milites
808 3843 939 3909 reddidit,
968 3845 1099 3911 stipendia
1117 3848 1150 3899 iis
1169 3848 1220 3898 tri.

122 3920 207 3971 bacns
233 3926 259 3969 et
286 3918 362 3969 brevi
391 3933 482 3970 omnes
505 3919 556 3970 sibi
583 3918 730 3970 concilians
758 3919 901 3969 adiuvante
929 3932 987 3966 eum
1007 3917 1138 3985 Crispino.
1177 3926 1219 3967 at-

123 4008 175 4059 que
193 3993 239 4062 ,ita
263 3997 403 4057 postquam
418 3992 507 4061 {totum
534 3990 653 4041 ordinem
682 3990 845 4039 exercituum
874 3990 1041 4054 composuit,
1061 4000 1220 4055 progressus

123 4069 163 4113 est
182 4069 275 4113 contra
300 4062 462 4130 Augustum,
491 4062 604 4116 Cilicum
630 4070 727 4113 terram
760 4062 916 4113 invasurus:
949 4067 976 4112 et
1003 4060 1142 4129 consuetis·
1165 4057 1220 4109 Po-

123 4132 194 4185 danti
225 4132 289 4187 dicti
318 4135 447 4201 angustiis
480 4132 583 4185 relictis
616 4148 665 4199 per
697 4132 824 4187 lsauriam
851 4132 879 4185 in
912 4131 981 4185 hanc
1013 4130 1125 4196 incidit,
1160 4142 1219 4183 oum
