2875 4734
202 211 278 299 tot
507 218 724 294 manante
756 214 1015 292 amittuntur

201 425 296 487 μενος
318 392 505 483 ένηβράνετο
534 400 575 485 τῷ
600 400 632 474 έξ
659 398 762 461 edaci
793 396 954 484 πορισμῷ·
1005 396 1024 480 ἤ
1054 394 1083 459 δ’
1104 390 1209 459 ἔνδεια
1230 390 1305 472 τοῖς

188 503 321 577 ,πάντας
342 501 474 585 έπίεζεν,
496 498 534 563 οδ
546 497 643 581 μόνον
656 502 715 564 τοῦ
732 502 822 564 σίτου
837 496 915 563 άλλά
934 501 990 565 καί
999 500 1061 564 τοῖν
1083 489 1186 561 ἄλλων
1201 500 1303 561 εἰδῶν.

202 604 322 671 ἐκείνου
340 599 400 686 γάρ
416 606 714 685 στενοχωρουμένου
732 602 848 685 άνάγκη
867 605 921 665 καί
938 600 976 665 τά
997 598 1091 665 λοιπὰ
1104 606 1305 682 στενοχωρεῖι

202 709 292 789 σθαι,
315 696 364 767 ὅτι
389 704 430 767 δι’
452 701 552 767 ου’τοιῖ
572 705 634 766 τοῖν
649 692 867 766 άλλωναῖνίων
891 696 908 785 ἧ
933 694 1128 787 έπίκτησιςνῖ
1140 704 1304 782 περιποίη.

200 829 252 879 ore
271 809 408 886 reborat,
430 799 485 865 καί
512 798 541 867 οἱ
566 806 819 885 μισθαρνοῦντες
840 806 1039 885 βαρυτέρους
1061 798 1137 876 τούς
1165 799 1332 880 μισθοδς5

161 954 166 972 .
203 900 257 969 διά
273 900 309 967 τό
330 905 434 979 ἐνδεές
449 904 505 985 τῆς
524 904 646 987 τροφῆς
666 902 846 967 ἀπαιτοῦσι.
870 904 925 967 καί
943 898 1045 981 οἱμὲν
1065 897 1305 983 άξιολογάτεροι

202 1007 266 1070 τοῖν
288 1000 468 1085 άνθραῖπων
496 1004 552 1067 καί
581 1002 610 1065 οἱ
639 1004 681 1089 κρῖ
713 1001 871 1087 φοάνδακι
899 1000 1118 1086 πλησιάζοντες
1140 998 1305 1082 ἐγίνωσκον

203 1102 260 1189 τήν
281 1103 380 1167 arisati
401 1102 610 1188 χαλεπότητα,
631 1104 686 1167 καί
705 1095 783 1167 ὅθεν
802 1104 845 1189 tul
867 1103 972 1189 κόσμῳ
995 1098 1027 1164 τά
1051 1098 1155 1164 δεινάν
1176 1101 1229 1181 τῆς
1252 1094 1304 1160 έν·
1340 1186 1348 1192 Ἷ
1426 1088 1428 1099 ⁴

205 1206 293 1279 δείας
314 1204 427 1289 άηδοῖς
445 1202 652 1267 έπεπὸλασε·-
693 1201 729 1267 τὸ
751 1205 781 1265 δ’
794 1192 912 1267 Ιάδικον
934 1203 1052 1286 κέρδος,
1074 1198 1117 1274 οῖς
1136 1198 1305 1285 φάρμακον

203 1292 308 1389 μέλιτι
329 1306 618 1384 κατεσκευασμένον
638 1326 671 1368 τε
694 1304 749 1366 καί
774 1298 994 1384 κλεπτόμενον,
1016 1300 1090 1377 τούς
1108 1302 1304 1383 κρατοῦντας
1316 1316 1351 1369 10

203 1404 422 1488 άπειροκάλως
441 1407 620 1486 κατέθελγε,
642 1408 757 1488 μέχρις
782 1396 820 1467 dv
842 1401 903 1468 σάν
924 1405 967 1488 τῷ
989 1404 1094 1488 κέρδει
1115 1397 1226 1466 τούτου
1250 1405 1305 1466 καί
1393 1410 1400 1422 ’

201 1504 259 1593 τὴν
281 1507 396 1571 ου’σίαν
415 1508 521 1570 πάσαν
545 1509 600 1569 καί
621 1503 678 1588 την
703 1507 861 1589 σωτηρίαν
883 1503 1052 1585 άτιέβαλον.
1122 1544 1123 1547 =

147 1684 153 1692 „
302 1608 349 1670 Ἐν
369 1603 494 1680 τούτοις
517 1596 574 1670 οάν
595 1606 656 1669 τῶν
679 1606 852 1687 βασιλικῶν
883 1603 1127 1690 φροντισμάτων
1148 1604 1302 1690 ὑπόντων,

104 1709 108 1711 ’
201 1708 323 1789 μᾶλλον
343 1709 379 1769 δέ
399 1708 462 1769 ταῖν
491 1708 549 1771 τοῦ
571 1706 759 1792 Νικηφόρου
779 1708 891 1795 δεινοῖν
922 1706 1149 1787 βουλευμάτων
1169 1731 1305 1791 συναγα-

201 1812 326 1889 μένων,
358 1800 472 1891 ἤρξατο
495 1802 728 1891 μένάπορρεῖν
756 1806 772 1872 ὅ
795 1814 881 1879 σῖτος
908 1809 963 1869 καί
983 1808 1170 1890 καταλήγειν
1190 1806 1228 1871 τά
1250 1810 1304 1893 τῆς
1316 1826 1350 1878 15

201 1907 351 1992 εάθηνίας
375 1909 420 1982 εἰς
441 1903 574 1989 ἔνδειαν,
587 1902 710 1992 ,ηὔξανε
733 1908 768 1971 δὲ
791 1906 884 1971 δτῶν
898 1908 1021 1970 πολλάν
1042 1907 1228 1991 γογγυσμός,
1250 1908 1306 1973 καί

200 2010 321 2089 μᾶλλον
349 2008 412 2070 τῶν
441 2007 580 2091 άκριβοῖς
607 2004 828 2107 έπισταμένωη
851 2008 885 2071 τά
918 1996 1049 2087 άτοπον,
1072 2010 1126 2071 καί
1150 2002 1218 2072 δσσι
1240 2011 1303 2071 ταῖν

199 2109 371 2192 γινομένων
397 2110 501 2171 κακοῖν
532 2111 690 2192 ἐγγυτέρω
720 2113 922 2175 καθισταντο.
974 2111 1155 2190 έθρυλλεῖτο
1185 2110 1219 2172 δέ
1249 2109 1305 2173 καί

201 2204 234 2272 τά
259 2202 345 2290 παρά
368 2204 421 2271 τὸν
434 2201 578 2289 Ἴστρουν
601 2211 766 2273 κατοικοιῖν
797 2206 1044 2292 μιξοβάρβαρον.
1095 2206 1303 2289 παράκεινται

191 2304 261 2405 γάρ
283 2308 322 2393 τῇ
350 2298 433 2396 ὄχθη
465 2306 574 2373 rosires
606 2312 724 2373 πολλαί
756 2312 811 2373 καί
831 2307 969 2393 μεγάλαι
991 2304 1116 2390 πόλεις,
1147 2307 1180 2371 έκ
1200 2305 1350 2391 noiomo

201 2408 343 2490 γλώσσης
371 2414 565 2495 συνηγμένον
592 2406 729 2492 ἔχουσαι
751 2413 891 2494 πλῆθος,
922 2412 978 2473 καί
1007 2404 1161 2473 ὁπλιτικὸν
1184 2408 1220 2472 οὔ
1244 2432 1304 2491 μι-

201 2506 278 2593 κρδν
297 2510 549 2596 άποτρέφουσαι.
604 2507 686 2594 πρὸς
722 2500 773 2585 αἶς
805 2508 835 2575 oi
863 2512 1094 2597 περαιωθέντες
1122 2512 1245 2575 Σκύθαι
1267 2507 1302 2574 τά

271 2643 298 2695 9.
318 2641 435 2711 άηθαῖςθ

202 2770 303 2816 tentem
319 2762 488 2816 habentibus.
525 2773 605 2833 atque
622 2768 674 2818 iste
692 2768 814 2835 quidem,
842 2767 887 2835 qui
913 2768 1051 2835 sexaginta
1074 2767 1153 2821 libris
1177 2767 1303 2820 horreum

203 2835 376 2901 conduxerat,
394 2836 510 2889 iactabat
528 2845 666 2906 quaestura
700 2839 774 2890 eius:
793 2840 885 2905 inopia
914 2839 999 2890 autem
1028 2854 1119 2892 omnes
1145 2839 1302 2906 premebat,

201 2906 362 2959 nouaclum
387 2907 510 2959 frumenti
535 2909 583 2961 sed
612 2910 691 2961 etiam
720 2916 870 2961 ceterorum
894 2924 1031 2977 generum.
1075 2910 1124 2963 illo
1152 2912 1221 2961 enirn
1246 2912 1300 2962 mi.
1351 2972 1354 2977 ¹

202 2986 265 3031 nuto
285 2993 398 3031 necesse
418 2975 459 3032 est
478 2981 557 3032 etiarn
575 2980 680 3048 reliqua
698 2982 859 3045 minuantur,
876 2982 941 3048 ,quia
962 2996 993 3033 eo
1015 2989 1163 3034 ceterarum
1172 2983 1300 3033 mercium

179 3103 181 3107 ,
200 3051 322 3103 accessio
339 3059 385 3102 aut
403 3052 548 3119 acquisitio
568 3052 603 3103 fir
617 3061 643 3103 et
664 3054 709 3119 qui
730 3053 853 3104 mercede
873 3053 995 3105 serviunt
1013 3055 1165 3121 graviorem
1194 3068 1300 3110 merce.
1319 3061 1327 3067 '

202 3123 261 3175 dem
276 3130 385 3189 propter
404 3123 520 3189 inopiam
539 3123 659 3175 alimenti
679 3123 830 3191 postulant3
849 3132 929 3191 atque
949 3124 1236 3246 illustrioresxrluidem
1248 3124 1301 3177 ho.

201 3194 288 3245 mines
314 3200 340 3242 et
368 3194 413 3259 qui
439 3194 521 3244 vicini
550 3202 625 3245 erant
650 3194 763 3258 horreo,
791 3195 989 3262 cognoscebant
1014 3197 1070 3247 eius
1094 3196 1253 3260 moestiam,
1275 3204 1303 3247 et

202 3263 274 3314 unde
292 3265 389 3316 mundo
408 3264 465 3314 dira
482 3266 575 3331 inopia
599 3266 743 3316 iniucuudc
768 3266 924 3317 obveniret:
951 3268 1075 3319 iniustum
1095 3275 1180 3317 autem
1201 3267 1302 3318 lucrum

203 3342 326 3401 tauquam
345 3342 424 3401 potus
436 3333 518 3386 melle
528 3344 669 3402 apparatus
683 3343 709 3386 et
720 3344 865 3404 surreptus,
885 3338 1050 3389 dominantes
1069 3339 1181 3405 turpiter
1196 3337 1302 3389 demul.

204 3406 308 3470 ciebat,
340 3406 424 3457 donec
450 3422 508 3458 carn
534 3406 610 3458 lucro
641 3406 719 3458 buius
746 3409 824 3459 etiam
854 3407 995 3461 facultates
1021 3425 1111 3461 ornnes
1141 3417 1167 3460 et
1190 3407 1302 3461 salutern

204 3480 363 3530 amitterent.

304 3566 350 3619 llis
369 3568 452 3635 igitur
470 3567 496 3618 in
516 3567 596 3618 rebus
610 3583 668 3620 curn
687 3571 780 3637 regiae
800 3584 880 3619 curae
893 3568 1043 3634 subessent,
1063 3570 1121 3621 sive
1141 3569 1227 3635 potius
1246 3569 1303 3619 dira

203 3638 351 3704 Nicephori
371 3640 484 3691 consilia
503 3640 698 3703 conferrentur,
719 3641 810 3708 eoepit
829 3640 946 3691 defluere
966 3641 1125 3691 frumentum
1153 3648 1180 3690 et
1198 3638 1304 3692 deflecti

204 3705 321 3759 felicitas
347 3711 379 3761 ad
404 3711 537 3779 inopiam:
565 3712 712 3779 augebatur
739 3712 914 3763 multitudinis
943 3712 1090 3780 indignatio
1115 3721 1196 3780 atque
1220 3713 1303 3779 magis

204 3794 296 3831 eornm
314 3780 360 3845 qui
379 3791 503 3834 accurate
521 3782 642 3835 sciebant
665 3800 721 3834 rem
747 3785 897 3851 ingentem,
925 3790 951 3833 et
971 3784 1124 3851 ‹juicunque
1142 3782 1219 3833 unalis
1238 3797 1303 3849 pro-

205 3852 265 3919 pius
283 3850 428 3903 adstabant.
455 3855 673 3923 frequentabatur
692 3857 770 3907 ctiam
790 3854 955 3905 sermonibus
975 3855 1090 3922 populus
1110 3853 1303 3906 semibarbarus

132 3980 137 3989 ,
202 3924 235 3974 ad
254 3922 348 3973 lstrum
369 3921 503 3976 habitans:
524 3927 647 3977 adiacent
665 3928 734 3978 enirn
762 3926 834 3977 litori
854 3926 931 3977 huius
955 3924 1055 3977 multae
1073 3941 1237 3993 magnaeque
1256 3939 1304 3974 ur.

202 3993 260 4057 bes,
282 4010 316 4045 ex
335 3994 517 4062 omni‘lingua
536 3997 653 4047 coactam
683 3998 812 4048 habentes
840 3996 1035 4048 multitudinem
1061 4006 1088 4048 et
1106 3998 1196 4065 gravis
1211 4010 1311 4045 arma*

202 4071 280 4115 turae
300 4066 446 4117 exercitum
465 4081 519 4117 non
538 4081 648 4133 parvum
666 4068 785 4119 alentes:
806 4068 838 4119 ad
860 4082 924 4135 quas
944 4070 1103 4137 transgressi
1120 4068 1235 4133 Scythae
1254 4081 1304 4116 an-

203 4140 263 4199 tea,
287 4135 438 4203 Scythicam
464 4137 587 4190 adferunt
616 4139 687 4192 ritae
714 4138 948 4195 consuetudinem:
979 4155 994 4190 a
1023 4139 1117 4211 quibus
1149 4138 1305 4206 diripientes
