2875 4734
200 223 269 296 too
495 223 719 293 ttlclthutts'
743 219 1023 288 strattone*

195 399 367 480 ἀνεδείχθη
389 394 478 479 παρὰ
503 399 559 478 τῆς
580 395 758 476 βασιλίδος,
781 386 999 475 προελθούσης
1019 383 1192 467 βασιλικῶς
1212 375 1297 462 μετὰ

196 501 258 562 τών
280 498 369 562 ἰδίων
390 492 570 579 παίςδών,
546 520 587 570 αις
610 494 682 568 ἔθος
705 503 769 569 τοῖς
789 493 988 575 βασιλεῦσιν,
1011 488 1055 560 εἰς
1074 480 1128 549 τὸν
1148 484 1299 565 μέγιστον

196 595 292 683 σηκὸν
316 602 370 681 τῆς
394 601 450 663 τού
470 601 550 661 θεοῦ
572 599 699 681 σοφίας.

288 693 447 821 Ανύγκης
470 702 504 761 δὲ
524 700 639 780 πολλῆς
661 697 715 759 καί
734 690 919 775 συγχύσεως
940 693 974 755 ἐκ
995 692 1048 770 τῆς
1069 688 1130 751 τών
1153 681 1300 768 α’λλοφύ-

62 806 82 861 f
104 804 186 860 1871
197 806 259 864 λων
284 799 427 886 ἐθνών’
407 797 625 883 αιτηνεστύτης
645 798 820 878 ἐπιδρομῆς
841 795 898 876 την
913 790 1081 871 ΗΡαιμαιαιν
1107 781 1299 867 σομπιεζσύ
1308 790 1325 841 5

196 925 254 984 σης
278 901 347 984 (καί
366 898 426 982 γὰρ
460 897 496 963 τύ
518 900 577 980 μὲν
602 901 634 961 έν
653 905 717 971 τοῖς
747 899 860 970 νοτίοις
880 896 1020 976 μέρεσιν,
1041 913 1100 953 οσο
1122 884 1201 971 πρὸς
1223 887 1300 952 Ἀν-

197 1001 340 1086 τιόχειαν
374 999 428 1064 καί
452 1002 621 1080 Κιλικίαν,
642 1005 713 1071 ταῖς
738 996 979 1080 προειρημέναις
1013 987 1224 1072 έκδρομαϊς’
1204 1011 1300 1053 aner-

197 1101 314 1188 ρηκότα
336 1105 369 1166 έν
370 1096 539 1190 ἐσχάτοις
572 1090 652 1183 ησαν
676 1094 847 1169 κινδύνοις·
890 1096 924 1156 έν
946 1093 981 1154 δὲ
1002 1097 1065 1164 τοῖς
1085 1090 1295 1208 βορειοτέροις

199 1203 296 1278 αύτύς
317 1227 331 1265 o
323 1198 518 1274 ισοιιλτύνος
534 1220 732 1282 πανοτρατια
717 1193 926 1278 ἐξελήλυθε,
945 1191 1097 1272 δυνάμεις
1112 1180 1198 1271 ἄγων
1218 1212 1300 1252 ανν-

199 1305 365 1384 ποίσιοας,
399 1304 453 1364 καί
473 1307 536 1375 τοῖς
564 1297 700 1381 ὄρίόις
685 1319 718 1359 εν
750 1296 794 1381 τῷ
827 1295 1022 1380 φθινοπώρῳ
1051 1293 1114 1355 τών
1133 1283 1344 1370 ιῬοιμαιεσνλθ

198 1400 399 1523 προσηνωιο,
424 1397 611 1482 βουλόμενος
640 1387 887 1485 παραχειμαοαι
919 1392 1020 1458 ἐκεῖσε
1047 1393 1102 1455 καί
1120 1390 1299 1474 ἀρχομένου

197 1508 254 1570 τού
273 1501 377 1589 ζέαρος
412 1501 577 1586 προσεχώς
609 1501 803 1580 προσβαλειν
834 1496 888 1558 καί
917 1487 1017 1576 ύρδην
1053 1493 1232 1574 ἀνατρέψαι
1259 1513 1297 1552 τα

192 1602 373 1686 “'Potprurwv
380 1627 434 1666 και
429 1601 616 1685 καθελεῖν)
642 1598 807 1662 ἐσκέπτετο
839 1595 858 1679 ἡ
884 1593 1059 1678 Αύγοῦστα
1080 1595 1136 1656 καί
1157 1591 1225 1655 ὅσοι
1245 1591 1301 1671 τῆς

198 1701 322 1787 πρώτης
355 1697 434 1786 ἦσαν
454 1703 582 1786 βορλῆς,
608 1697 668 1765 σύν
691 1699 799 1776 αύτοῖς
823 1702 858 1764 δὲ
890 1701 943 1762 καί
965 1697 981 1760 δ
1004 1695 1213 1782 πατριάρχης,
1235 1698 1301 1769 πώς

118 1844 124 1858 =
199 1804 255 1868 καί
277 1808 345 1869 τίνα
369 1795 487 1887 τρόπον
508 1793 782 1867 τοσούτσνδεινόν
803 1799 1029 1883 α’ποτρέψαιεν.
1074 1799 1130 1860 καί
1152 1799 1300 1872 συνέδοξε
1313 1807 1346 1858 ts

200 1901 256 1989 την
276 1905 357 1990 ύπέρ
382 1905 445 1967 τών
472 1897 552 1969 ὅλοιν
570 1905 727 1987 κρατῆσαι
758 1898 930 1985 πρόνοιαν,
955 1901 1011 1963 καί
1032 1902 1089 1983 τῆς
1110 1899 1229 1980 εἰδικης
1249 1895 1305 1968 καί

200 2008 409 2070 ε’πιθανατίον
431 2007 641 2089 παραγγελίας
667 2003 700 2066 τύ
724 2004 812 2087 κοινῇ
836 2005 1003 2086 συμφέρον
1029 2002 1176 2073 ,έπιεικώς
1196 2020 1303 2081 προτι-

199 2104 379 2190 μησασθαι,
400 2099 450 2168 δτι
472 2102 511 2168 τύ
533 2101 636 2168 είδικδι
658 2099 819 2188 σύμφωνα
840 2101 878 2167 τὰ
903 2098 983 2184 πρὸς
1015 2101 1170 2184 δημοσίαν
1192 2100 1303 2163 σνντέ.

201 2211 287 2268 λειαν
318 2203 487 2288 ἐφορῶντα
520 2205 719 2286 περιτρέπειν
751 2199 959 2287 δεδύνηνται·’
1004 2198 1039 2265 τὸ
1065 2197 1125 2283 γώρ
1146 2196 1192 2281 μὴ
1218 2202 1302 2279 γίνε-

201 2308 280 2370 σθαι
304 2307 438 2386 βασιλέα
473 2300 526 2367 διὰ
549 2300 604 2367 τὸν
625 2303 679 2384 τῆς
707 2304 823 2382 μίξεως
842 2305 935 2387 ζῆλον
956 2299 1053 2386 κοινὴ
1074 2297 1226 2384 συμφορὰ
1248 2299 1349 2362 καίλθ

201 2407 389 2487 καθαίρεσις
414 2407 469 2486 τῆς
487 2397 654 2484 Ῥωμαίων
677 2402 780 2487 ἀρχῆς
800 2403 997 2484 ἐγινώσκετο.
1029 2399 1125 2480 δόξαν
1137 2392 1198 2464 ,οὖν
1220 2391 1302 2461 odra

201 2501 388 2589 κεκράτηκεν
411 2500 576 2587 ἡτοιαύτη
596 2500 716 2586 γνώμη,
732 2503 787 2566 καί
799 2507 935 2584 βασιλέα
948 2507 1007 2585 μὲν
1029 2499 1045 2564 ὅ
1069 2498 1180 2585 καιρὸς
1202 2501 1302 2562 ἐδεῖτο

203 2607 235 2680 ἐξ
259 2600 418 2681 ἅπαντας,
439 2605 470 2668 εἰ
488 2603 597 2684 μέλλοι
626 2603 666 2668 τὰ
689 2599 855 2684 Ῥωμαίων
884 2600 930 2687 μὴ
953 2603 1134 2668 α’πολέοθαι
1153 2601 1196 2664 δι’
1217 2592 1311 2677 troo,-

273 2755 300 2808 6.
321 2757 352 2813 tv
369 2770 421 2807 om.
441 2755 472 2810 0.
545 2753 572 2807 8.
591 2763 650 2814 τοῖς
668 2770 721 2806 om.
741 2754 771 2810 (λ.

207 2915 246 2961 est
265 2923 280 2959 a
298 2909 393 2976 regina
410 2911 556 2962 accedente
574 2910 651 2977 regie
673 2925 733 2972 cum
751 2911 807 2963 suis
825 2909 968 2964 liberis'ut
984 2925 1041 2964 mos
1069 2919 1110 2962 est
1134 2909 1243 2979 regibus
1269 2911 1303 2962 ad

203 2981 343 3032 maximum
361 2980 487 3046 templum
507 2982 655 3048 sapientiae
673 2981 727 3032 dei.

302 3050 469 3105 Necessitate
500 3060 588 3106 autem
612 3067 708 3121 magna
737 3061 764 3104 et
789 3052 948 3106 confusione
972 3061 1083 3121 propter
1101 3053 1303 3121 peregrinorum

204 3120 363 3206 populorum
387 3123 584 3177 durissimam
577 3125 757 3177 incursionem
776 3125 947 3178 Graecorum
972 3134 1068 3177 terram
1100 3129 1237 3192 premente
1268 3154 1303 3164 -

206 3195 304 3246 etenim
323 3203 411 3246 terrae
436 3196 464 3246 in
482 3196 602 3262 partibus
621 3195 781 3249 australibus
800 3197 833 3248 ad
851 3197 1020 3248 Antiochiam
1040 3205 1067 3247 et
1085 3195 1207 3250 Ciliciam
1228 3209 1303 3244 com-

205 3267 358 3318 memoratis
382 3267 580 3319 incursionibus
600 3267 786 3335 defatigatae
778 3285 807 3320 sn
827 3271 954 3320 extremis
973 3268 1148 3320 versabantur
1159 3265 1304 3333 perieulis.

204 3338 233 3386 in
252 3337 506 3402 septentrionalibus
526 3347 612 3390 autem
631 3339 819 3405 ipsesultanus
840 3355 898 3390 cum
917 3348 974 3391 toto
995 3341 1115 3391 exercitu
1135 3339 1210 3402 exiit,
1231 3338 1304 3387 vires

95 3427 98 3439 ·
131 3435 135 3438 ·
206 3408 305 3459 ducens
324 3407 526 3475 intolerabiles,
548 3418 574 3460 et
591 3410 688 3462 linibus
707 3419 848 3462 auctumno
869 3411 1029 3463 Graecorum
1056 3409 1232 3472 adhaerebat,
1251 3421 1304 3458 ro-

205 3478 264 3530 lens
283 3478 400 3531 hiemare
419 3479 457 3530 ibi
477 3490 504 3532 et
522 3481 669 3547 incipiente
688 3496 754 3543 vere
772 3482 878 3534 assidue
897 3483 1017 3533 incidere
1030 3491 1058 3533 et
1076 3482 1194 3533 funditus
1222 3493 1304 3531 ever-

204 3558 262 3602 tere
283 3551 442 3613 Graecorum
461 3561 558 3604 terram
580 3558 607 3602 et
625 3550 727 3602 delere
738 3585 772 3594 -
791 3553 995 3605 considerabant
1012 3548 1124 3621 augusta
1143 3560 1170 3603 et
1188 3552 1304 3619 quicun-

205 3638 257 3690 que
276 3624 303 3673 iu
322 3639 422 3676 summo
443 3633 518 3675 erant
536 3631 646 3687 senatu,
665 3638 777 3690 cumque
803 3626 836 3676 iis
860 3624 1028 3692 patriarcba,
1055 3625 1185 3708 quomodo
1204 3629 1304 3672 tanturn

204 3693 353 3761 perieulum
373 3703 527 3748 averterent
551 3701 578 3746 et
595 3695 682 3746 visum
703 3703 758 3757 est,
784 3703 813 3746 ut
832 3697 1002 3762 providentia
1020 3698 1102 3748 totius
1121 3695 1257 3755 vinceret,
1278 3698 1305 3740 et

203 3773 235 3815 ut
252 3764 301 3814 illa
324 3767 445 3830 privatae
465 3775 492 3818 et
510 3765 680 3834 periculosae
699 3765 857 3816 hortationi
866 3781 1029 3818 communem
1048 3766 1190 3818 utilitatem
1208 3764 1304 3814 merito

205 3835 365 3899 anteferret,
385 3838 446 3903 quia
466 3839 590 3904 propriae
608 3835 798 3889 inclinationes
817 3853 849 3888 ea
867 3853 936 3904 quae
953 3839 985 3889 ad
1004 3838 1137 3904 publicam
1156 3833 1305 3886 communi-

203 3913 284 3956 tatem
308 3914 438 3973 spectant,
459 3917 616 3974 pervertere
635 3916 807 3974 potuerunt..
826 3908 896 3975 quod
916 3910 986 3960 euim
1009 3924 1064 3960 non
1093 3915 1230 3960 crearetur
1255 3919 1304 3957 rex

204 3984 314 4042 propter
334 3978 453 4045 coniugii
471 3979 569 4043 odium,
589 3994 727 4043 commune
746 3978 842 4031 malum
862 3986 889 4029 et
907 3981 1065 4030 excidium'
1057 3981 1162 4047 imperii
1184 3980 1305 4040 Graeco-

204 4063 261 4098 rum
280 4048 452 4100 indicabatur.
490 4049 541 4099 hoe
559 4051 641 4118 igitur
660 4053 730 4116 viso,
750 4052 874 4119 superior
893 4050 942 4102 luit
961 4051 1023 4103 talis
1048 4051 1191 4115 sententia,
1218 4058 1245 4100 et
1256 4062 1304 4097 re-

205 4132 265 4189 gem
289 4129 392 4189 tempus
419 4119 571 4189 postulabat
602 4123 719 4188 omnino,
752 4124 806 4175 nisi
838 4138 882 4177 res
909 4121 1027 4178 Graecae
1054 4125 1146 4191 perire
1170 4121 1304 4174 deberent
