2875 4734
709 160 918 231 HISTORIA.
1294 151 1365 237 149

180 402 184 407 ,
266 329 398 396 κατόπιν
423 327 566 393 έλαένων
593 330 632 392 ου’
652 332 807 412 προέθετο
827 337 985 414 συμμῖξαι
1013 340 1076 410 τοῖς
1096 339 1365 415 προαποσταλεῖσι

267 435 322 496 καί
344 433 388 516 τῷ
411 431 518 494 Χλίατ
537 434 747 512 προσβαλεῖν·
796 431 863 495 ἀλλ’
886 434 1014 516 έπείπερ
1038 432 1227 521 ἔφθηκατοὶ
1247 431 1282 498 τδ
1303 458 1367 499 πα.

266 528 384 615 ρελθδν
406 526 473 604 ἔτος
493 524 918 616 χειρώσασθαιῬωμαϊιιήν
941 535 1031 617 πέλεν
1053 537 1253 619 Μανζικίερτ
1274 541 1366 619 λεγο-

265 635 363 714 μένην
398 628 414 692 ὃ
444 633 508 692 τοῖν
540 633 679 711 Περσῶν
711 631 853 716 α’ρχηγός
884 630 1073 716 (σουλτιένον
1103 627 1170 698 οἶδε
1204 637 1315 700 τοῦτον
1346 632 1367 716 ή

242 730 393 796 δέκείνων
414 735 520 794 καλεῖν
542 728 675 816 φωνή),
699 730 755 794 καί
775 732 919 817 φύλακας
949 724 1183 818 έγιιαταστήσαι
1208 729 1367 819 Τοέρκσνς

266 829 397 905 ἱκανοὺς
416 829 497 910 μετὰ
520 832 575 893 κιιί
595 834 794 912 Διλιμιτῶν,
812 835 924 916 διέγνω
942 834 1052 899 λοιπδν
1074 834 1092 899 δ
1111 833 1263 915 βασιλεδς
1284 833 1365 916 πρέ-

206 921 211 929 1
265 953 356 1014 τερον
377 933 421 1006 εἷς
450 930 484 996 τὸ
518 923 596 996 ἔστα
617 933 708 997 τοῦτο
740 938 938 1015 παραβαλεῖν
967 937 1020 999 καί
1042 935 1289 1018 οἶνορρτὶσαοθαι
1313 934 1368 1000 καί

265 1035 487 1120 τῇῬωμαίων
513 1032 790 1119 ἀποκαταστῆσαι,
813 1037 868 1099 καί
889 1032 973 1101 σέτω
1002 1045 1068 1111 τοῖς
1092 1039 1267 1118 ἀλλοτρίοις
1286 1057 1367 1119 προ-

266 1137 455 1216 σεπιβαλεῖν,
477 1124 545 1215 ήτοι
565 1134 608 1219 τῷ
618 1130 732 1212 Χλίαε,
750 1131 794 1218 μή
819 1131 853 1197 ἐκ
873 1137 992 1222 πολλοῦ
1010 1137 1202 1223 συγκειμένῳ
1226 1137 1270 1221 spi
1291 1135 1367 1198 δια-

224 1229 413 1316 λθστήματι.
457 1228 703 1317 καταφρονήσας
726 1226 784 1297 στίν
804 1235 866 1298 τοῖν
895 1227 1245 1319 ταστροφαλακοέντων
1268 1239 1303 1301 έν
1323 1239 1366 1324 τῷ

266 1336 481 1415 Μαντζικίερτ
504 1334 661 1416 πολεμίων
681 1333 725 1411 αἱς
746 1338 808 1417 οδχ
828 1332 945 1399 ἱκανῶν
967 1334 1144 1419 ὑποστῆναι
1166 1334 1224 1419 τήν
1245 1336 1361 1400 τούτου

249 1420 393 1519 'iporiam
417 1433 471 1498 καί
491 1429 602 1516 ἑτέραν
622 1443 740 1519 μοῖραν
763 1429 994 1518 α’ποτεμδμενος
1016 1440 1163 1520 πλείστην
1185 1439 1243 1500 τοῦ
1263 1460 1374 1521 στρα-,

264 1537 338 1616 τοῦ,
368 1532 417 1626 ἑνί
448 1538 510 1600 τοῖν
545 1533 708 1618 ἐπισήμων
736 1538 907 1620 ἐγχειρίζει
934 1533 992 1620 τήν
1025 1541 1218 1620 στρατηγίαν
1251 1538 1363 1616 αὐτοῦ,

192 1710 195 1714 ,
261 1633 378 1721 Ἰωσήφ
400 1635 564 1724 μαγίστριρ
584 1638 626 1724 τῷ
647 1636 866 1724 Τραχανιιότη,
888 1635 1101 1719 προσεπιδοδς
1117 1637 1204 1726 αὐτῷ
1222 1639 1278 1701 καί
1295 1644 1365 1704 στῖ-

221 1727 254 1803 1'5
264 1761 322 1822 φας
344 1738 446 1815 πεζῶν
467 1737 524 1799 οὐκ
547 1737 833 1822 εὐκαταφρόνητον.
866 1731 905 1822 ἦν
926 1740 961 1802 δέ
981 1737 1014 1801 τδ
1037 1739 1238 1825 έγχειρισθὲν
1257 1734 1364 1828 ἐκείνην

262 1833 488 1921 στρατιωτικὸν
517 1835 552 1900 τὸ
584 1833 722 1918 έκκριτόν
754 1861 787 1900 τε
821 1842 874 1903 καί
905 1837 1171 1923 δυσμαχώτατον,
1203 1839 1262 1900 κοίν
1293 1848 1364 1914 ταῖς

263 1943 459 2018 συμπλοκαῖς
481 1940 537 2000 καί
558 1944 624 2014 τοῖς
644 1928 750 2012 ἄλλοις
771 1941 919 2020 πολέμοις
942 1941 1188 2022 προκινδυνεῦον
1210 1941 1265 2002 καί
1285 1961 1362 2025 προ.

261 2034 457 2120 μαχόμενον,
479 2038 533 2102 καί
564 2039 609 2112 εἷς
630 2041 751 2120 πλῆθος
775 2038 853 2102 πολι)
878 2042 1013 2123 προέχον
1040 2041 1101 2104 ταῖν
1122 2039 1364 2125 δποιιρατηθέν-

262 2161 324 2202 τιον
344 2140 388 2225 τῷ
406 2143 540 2220 βασιλεῖ.
594 2137 649 2201 καί
678 2138 739 2221 γὰρ
770 2141 803 2204 έν
832 2147 903 2215 ταῖς
936 2141 1211 2224 προηγησαμέναις
1242 2137 1362 2222 μάχαις

220 2238 300 2303 wod
324 2237 459 2322 τοσαύτη
481 2241 629 2322 περιέστη
650 2247 716 2313 τοῖς
732 2239 903 2319 Ῥωμαίοις
937 2239 1059 2323 ἀνάγκη
1089 2238 1168 2319 μετὰ
1189 2244 1247 2304 τοῦ
1267 2244 1361 2321 βασι·

265 2340 351 2423 λέως,
375 2334 455 2403 ὥστε
477 2339 531 2402 καί
552 2336 609 2422 τήν
630 2337 729 2402 edred
749 2345 875 2420 μοῖραν,
896 2338 931 2402 τὸ
952 2335 1116 2421 λεγόμενον
1129 2338 1278 2423 συνήθως
1300 2341 1360 2405 a't-

263 2437 392 2522 λάγιον,
424 2439 682 2502 διακινδυνεῦσαι
717 2442 772 2502 καί
807 2438 944 2520 πόλεμον
978 2437 1218 2521 ἀγωνίσασθαι·
1277 2440 1358 2504 α’λλοὶ

261 2535 530 2623 προαρπαζέντων
554 2537 612 2622 τήν
634 2543 719 2632 νίκην
744 2543 804 2604 τῶν
826 2541 944 2604 λοιπῶν
976 2537 1087 2621 έμενον
1118 2535 1148 2603 οἱ
1167 2542 1211 2627 τῷ
1232 2542 1365 2621 βασιλεῖ

332 2741 356 2791 1.
377 2744 533 2813 προσέθετο
551 2743 580 2797 G.
608 2709 613 2718 ,
697 2745 741 2797 23.
761 2746 871 2800 λοιπῶν
891 2745 1032 2817 α’λλαγίων
1053 2745 1155 2819 έμενον
1174 2742 1204 2798 0.

262 2931 392 2984 commisit
416 2940 445 2983 ut
470 2935 678 3002 coniungeretur
703 2951 762 2986 cum
779 2943 860 2985 antea
883 2935 970 2985 missis
997 2942 1024 2984 et
1043 2932 1131 2985 Chliat
1149 2934 1356 2999 aggrederetur:

262 3004 308 3056 sed
335 3005 471 3072 quoniam·
484 3012 658 3055 antevenerat
684 3021 743 3056 cum
768 3006 913 3069 praeterito
939 3017 1008 3054 anno
1036 3002 1202 3053 subiicienda
1228 3002 1356 3054 Graecam

262 3074 353 3126 urbem
371 3075 520 3128 Manzikert
539 3076 633 3124 dictam
653 3075 791 3125 Persarum
817 3075 869 3126 dux
889 3073 1035 3141 (sultanum
1060 3073 1137 3122 novit
1156 3071 1226 3122 hunc
1246 3071 1360 3122 iliorum*

262 3161 360 3197 vocare
380 3146 484 3212 lingua)
507 3152 532 3193 ct
552 3145 675 3196 custodes
694 3145 854 3211 imponendo
873 3142 970 3195 Tereus
988 3142 1152 3195 sufficientes
1172 3157 1230 3194 cum
1248 3141 1356 3193 Dilimi.

262 3219 295 3268 tis
314 3231 431 3283 quoque,
450 3214 542 3264 statuit
559 3215 610 3264 iam
628 3231 676 3266 rex
694 3223 772 3267 antea
791 3215 842 3266 hoc
862 3215 985 3282 oppidum
1004 3213 1109 3283 ingredi
1126 3221 1153 3265 et
1170 3227 1310 3275 revocare,
1330 3218 1357 3262 et

263 3287 423 3340 Graecorum
441 3285 552 3350 imperio
572 3287 728 3352 restituere,
748 3295 774 3338 et
801 3287 837 3338 ita
855 3286 944 3338 aliena
968 3286 1096 3355 aggredi,
1114 3286 1237 3337 nimirum
1256 3282 1354 3345 cutim,

263 3357 332 3426 quod
351 3370 405 3407 non
432 3354 513 3423 longo
533 3355 640 3410 abesset
668 3359 764 3425 spatio.
808 3367 980 3428 contemnens
1009 3359 1090 3426 igitur
1113 3357 1205 3409 hostes
1231 3357 1257 3406 in
1288 3352 1354 3404 urbe

261 3427 410 3482 Manrilrert
428 3425 567 3478 castellum
584 3438 723 3483 servantes
743 3439 840 3482 utnon
858 3431 1023 3483 sufficientes
1042 3428 1075 3479 ad
1093 3428 1256 3479 subeundum
1276 3424 1353 3475 huius

263 3503 397 3565 impetum,
418 3505 445 3550 et
463 3497 574 3549 alteram
598 3510 699 3566 partem
725 3502 882 3554 abscindens
907 3491 1048 3567 maximam'
1057 3499 1217 3559 'exercitum
1236 3495 1282 3545 uni
1301 3510 1353 3546 no-

262 3571 355 3620 bilium
378 3570 458 3622 tradit
483 3571 621 3637 imperium
650 3575 728 3638 cius,
747 3573 862 3643 losepho
891 3574 1017 3639 magistro
1036 3566 1239 3629 Trachaniotac,
1255 3563 1354 3618 addens

264 3642 288 3690 ei
309 3643 385 3691 etiam
405 3656 500 3710 agmen
513 3643 628 3708 peditum
646 3658 701 3694 non
713 3642 899 3710 spernendum.
938 3649 994 3694 erat
1013 3647 1100 3689 autem
1117 3639 1227 3690 traditus
1243 3635 1286 3688 illi
1305 3650 1355 3687 ex-

266 3713 361 3782 ercitus
390 3721 417 3764 et
447 3711 549 3764 electus
575 3720 602 3762 et
625 3705 795 3782 impugabilis
821 3717 848 3765 in
876 3711 1048 3764 conserendis
1066 3710 1186 3762 manibus
1207 3716 1234 3760 et
1256 3707 1353 3758 ceteris

263 3779 342 3832 bellis
360 3785 471 3847 primum
490 3782 638 3850 periculum
658 3792 684 3834 et
705 3792 839 3835 certamen
867 3784 1025 3849 suscipiens,
1045 3789 1072 3832 et
1084 3779 1252 3833 multitudine
1271 3777 1354 3844 longe

209 3857 213 3864 ’
264 3865 390 3917 στρατοπε
409 3855 467 3919 regi
486 3855 630 3920 subiectos.
669 3857 766 3908 etenim
792 3856 820 3905 in
837 3854 990 3920 praeteritis
1014 3853 1110 3920 pugnis
1129 3866 1183 3903 non
1203 3855 1276 3900 tanta
1297 3856 1353 3898 erat

238 3979 242 3984 ,
264 3923 371 3974 Graccis
390 3927 535 3976 necessitas
556 3942 613 3976 cum
633 3941 708 3992 rege,
728 3917 756 3976 ut
773 3927 851 3976 etiam
871 3925 929 3977 eius
947 3941 1026 3992 pars,
1046 3923 1128 3991 vulgo
1147 3921 1210 3972 dicti
1231 3925 1351 3983 „mutam

262 4001 334 4057 τετυ
363 3993 509 4058 periculum
537 3997 638 4048 subiret
664 4004 690 4046 et
715 3995 816 4048 bellum
834 3997 1000 4062 decertaret,
1026 3995 1073 4047 sed
1097 3987 1351 4058 praeoccupantibus

170 4064 172 4073 ⁴
262 4063 400 4116 victoriam
419 4068 516 4120 ceteris
537 4067 729 4133 „mutantibus“
755 4068 895 4120 manebant
913 4067 1019 4120 ordines
1047 4066 1106 4130 regi
1124 4059 1258 4112 coniuncti
1278 4063 1352 4110 extra
