<?xml version="1.0" encoding="UTF-8"?>
<!DOCTYPE html PUBLIC "-//W3C//DTD XHTML 1.0 Transitional//EN"
    "http://www.w3.org/TR/xhtml1/DTD/xhtml1-transitional.dtd">
<html xmlns="http://www.w3.org/1999/xhtml" xml:lang="en" lang="en">
 <head>
  <title>
</title>
<meta http-equiv="Content-Type" content="text/html;charset=utf-8" />
  <meta name='ocr-system' content='tesseract 3.04.00' />
  <meta name='ocr-capabilities' content='ocr_page ocr_carea ocr_par ocr_line ocrx_word'/>
</head>
<body>
  <div class='ocr_page' id='page_1' title='image "./corpusscriptoru05theogoog/corpusscriptoru05theogoog_0098.png"; bbox 0 0 2875 4734; ppageno 0'>
   <div class='ocr_carea' id='block_1_1' title="bbox 132 140 1036 252">
    <p class='ocr_par' dir='ltr' id='par_1_1' title="bbox 132 140 1036 252">
     <span class='ocr_line' id='line_1_1' title="bbox 132 140 1036 252; baseline -0.021 3"><span class='ocrx_word' id='word_1_1' title='bbox 132 140 135 148; x_wconf 32' lang='lat'><em>*</em></span> <span class='ocrx_word' id='word_1_2' title='bbox 231 180 280 252; x_wconf 84' lang='lat'><strong><em>80</em></strong></span> <span class='ocrx_word' id='word_1_3' title='bbox 499 169 744 244; x_wconf 76' lang='lat' dir='ltr'><strong>-urcnnnus</strong></span> <span class='ocrx_word' id='word_1_4' title='bbox 776 166 1036 240; x_wconf 72' lang='lat' dir='ltr'><strong>trumonis</strong></span> 
     </span>
    </p>
   </div>
   <div class='ocr_carea' id='block_1_2' title="bbox 223 326 1432 2633">
    <p class='ocr_par' dir='ltr' id='par_1_2' title="bbox 223 326 1432 2633">
     <span class='ocr_line' id='line_1_2' title="bbox 229 326 1340 429; baseline -0.017 -19"><span class='ocrx_word' id='word_1_5' title='bbox 229 349 353 429; x_wconf 85' lang='grc' dir='ltr'><strong><em>γίσταις</em></strong></span> <span class='ocrx_word' id='word_1_6' title='bbox 377 337 577 424; x_wconf 74' lang='grc' dir='ltr'><strong><em>ἐπαγγελίαις</em></strong></span> <span class='ocrx_word' id='word_1_7' title='bbox 601 334 657 403; x_wconf 86' lang='grc' dir='ltr'><strong><em>τόν</em></strong></span> <span class='ocrx_word' id='word_1_8' title='bbox 677 332 817 421; x_wconf 82' lang='grc' dir='ltr'><strong><em>ἄρχοντα</em></strong></span> <span class='ocrx_word' id='word_1_9' title='bbox 838 335 957 420; x_wconf 84' lang='grc' dir='ltr'><strong><em>ταύτης</em></strong></span> <span class='ocrx_word' id='word_1_10' title='bbox 979 326 1256 414; x_wconf 86' lang='grc' dir='ltr'><strong><em>καταστησάμενος</em></strong></span> <span class='ocrx_word' id='word_1_11' title='bbox 1278 349 1340 391; x_wconf 89' lang='grc' dir='ltr'><strong><em>ευ-</em></strong></span> 
     </span>
     <span class='ocr_line' id='line_1_3' title="bbox 231 425 1340 535; baseline -0.014 -27"><span class='ocrx_word' id='word_1_12' title='bbox 231 451 328 523; x_wconf 86' lang='grc' dir='ltr'><strong><em>ελπιν,</em></strong></span> <span class='ocrx_word' id='word_1_13' title='bbox 351 443 516 535; x_wconf 78' lang='grc' dir='ltr'><strong><em>συνέπεισε</em></strong></span> <span class='ocrx_word' id='word_1_14' title='bbox 540 441 742 521; x_wconf 74' lang='grc' dir='ltr'><strong><em>μεταθέσθαι</em></strong></span> <span class='ocrx_word' id='word_1_15' title='bbox 761 435 842 522; x_wconf 90' lang='grc' dir='ltr'><strong><em>πρός</em></strong></span> <span class='ocrx_word' id='word_1_16' title='bbox 867 463 908 502; x_wconf 90' lang='grc' dir='ltr'><strong><em>τα</em></strong></span> <span class='ocrx_word' id='word_1_17' title='bbox 898 433 1069 520; x_wconf 77' lang='grc' dir='ltr'><strong><em>ἡμέτερα</em></strong></span> <span class='ocrx_word' id='word_1_18' title='bbox 1092 431 1147 494; x_wconf 86' lang='grc' dir='ltr'><strong><em>καί</em></strong></span> <span class='ocrx_word' id='word_1_19' title='bbox 1167 425 1225 512; x_wconf 75' lang='grc' dir='ltr'><strong><em>τήν</em></strong></span> <span class='ocrx_word' id='word_1_20' title='bbox 1245 425 1340 492; x_wconf 87' lang='grc' dir='ltr'><strong><em>πόλιν</em></strong></span> 
     </span>
     <span class='ocr_line' id='line_1_4' title="bbox 230 526 1340 623; baseline -0.016 -15"><span class='ocrx_word' id='word_1_21' title='bbox 230 545 350 608; x_wconf 85' lang='grc' dir='ltr'><strong><em>θέσθαι</em></strong></span> <span class='ocrx_word' id='word_1_22' title='bbox 367 526 548 623; x_wconf 86' lang='grc' dir='ltr'><strong><em>Ῥωμαίοις.</em></strong></span> <span class='ocrx_word' id='word_1_23' title='bbox 607 565 659 604; x_wconf 91' lang='grc' dir='ltr'><strong><em>και</em></strong></span> <span class='ocrx_word' id='word_1_24' title='bbox 692 531 790 617; x_wconf 82' lang='grc' dir='ltr'><strong><em>όμὲν</em></strong></span> <span class='ocrx_word' id='word_1_25' title='bbox 808 540 853 620; x_wconf 73' lang='grc' dir='ltr'><strong><em>μὴ</em></strong></span> <span class='ocrx_word' id='word_1_26' title='bbox 878 533 1091 618; x_wconf 70' lang='grc' dir='ltr'><strong><em>διαψευσθεὶς</em></strong></span> <span class='ocrx_word' id='word_1_27' title='bbox 1121 527 1179 605; x_wconf 86' lang='grc' dir='ltr'><strong><em>τάς</em></strong></span> <span class='ocrx_word' id='word_1_28' title='bbox 1204 531 1340 604; x_wconf 89' lang='grc' dir='ltr'><strong><em>έλπίδας</em></strong></span> 
     </span>
     <span class='ocr_line' id='line_1_5' title="bbox 230 623 1370 724; baseline -0.015 -16"><span class='ocrx_word' id='word_1_29' title='bbox 230 645 264 709; x_wconf 91' lang='grc' dir='ltr'><strong><em>έν</em></strong></span> <span class='ocrx_word' id='word_1_30' title='bbox 287 643 477 717; x_wconf 87' lang='grc' dir='ltr'><strong><em>εύπαθείαις</em></strong></span> <span class='ocrx_word' id='word_1_31' title='bbox 499 665 551 706; x_wconf 93' lang='grc' dir='ltr'><strong><em>και</em></strong></span> <span class='ocrx_word' id='word_1_32' title='bbox 547 638 728 724; x_wconf 83' lang='grc' dir='ltr'><strong><em>όβρότησι</em></strong></span> <span class='ocrx_word' id='word_1_33' title='bbox 744 662 796 701; x_wconf 84' lang='grc' dir='ltr'><strong><em>και</em></strong></span> <span class='ocrx_word' id='word_1_34' title='bbox 793 637 990 702; x_wconf 76' lang='grc' dir='ltr'><strong><em>ἀντιδόσεσι</em></strong></span> <span class='ocrx_word' id='word_1_35' title='bbox 1004 630 1145 716; x_wconf 74' lang='grc' dir='ltr'><strong><em>κτήσεων</em></strong></span> <span class='ocrx_word' id='word_1_36' title='bbox 1164 653 1217 694; x_wconf 90' lang='grc' dir='ltr'><strong><em>και</em></strong></span> <span class='ocrx_word' id='word_1_37' title='bbox 1213 623 1370 707; x_wconf 81' lang='grc' dir='ltr'><strong><em>α’ξιοο·</em></strong></span> 
     </span>
     <span class='ocr_line' id='line_1_6' title="bbox 229 727 1375 827; baseline -0.02 -16"><span class='ocrx_word' id='word_1_38' title='bbox 229 747 338 827; x_wconf 86' lang='grc' dir='ltr'><strong><em>μάτων</em></strong></span> <span class='ocrx_word' id='word_1_39' title='bbox 366 743 522 824; x_wconf 86' lang='grc' dir='ltr'><strong><em>μεγίστων</em></strong></span> <span class='ocrx_word' id='word_1_40' title='bbox 557 735 611 805; x_wconf 85' lang='grc' dir='ltr'><strong><em>τόν</em></strong></span> <span class='ocrx_word' id='word_1_41' title='bbox 641 739 710 821; x_wconf 87' lang='grc' dir='ltr'><strong><em>βίον</em></strong></span> <span class='ocrx_word' id='word_1_42' title='bbox 737 732 884 804; x_wconf 84' lang='grc' dir='ltr'><strong><em>εἷλκεν’</em></strong></span> <span class='ocrx_word' id='word_1_43' title='bbox 869 740 1060 820; x_wconf 86' lang='grc' dir='ltr'><strong><em>επέραστον·</em></strong></span> <span class='ocrx_word' id='word_1_44' title='bbox 1116 727 1135 813; x_wconf 79' lang='grc' dir='ltr'><em>ἦ</em></span> <span class='ocrx_word' id='word_1_45' title='bbox 1170 732 1205 795; x_wconf 85' lang='grc' dir='ltr'><strong><em>δὲ</em></strong></span> <span class='ocrx_word' id='word_1_46' title='bbox 1233 730 1375 810; x_wconf 83' lang='grc' dir='ltr'><strong><em>πάλις,5</em></strong></span> 
     </span>
     <span class='ocr_line' id='line_1_7' title="bbox 229 825 1337 928; baseline -0.02 -18"><span class='ocrx_word' id='word_1_47' title='bbox 229 840 341 928; x_wconf 82' lang='grc' dir='ltr'><strong><em>χτόραν</em></strong></span> <span class='ocrx_word' id='word_1_48' title='bbox 361 865 396 908; x_wconf 88' lang='grc' dir='ltr'><strong><em>τε</em></strong></span> <span class='ocrx_word' id='word_1_49' title='bbox 429 837 546 922; x_wconf 69' lang='grc' dir='ltr'><strong><em>πολλὴν</em></strong></span> <span class='ocrx_word' id='word_1_50' title='bbox 581 835 699 920; x_wconf 81' lang='grc' dir='ltr'><strong><em>ἔχουσα</em></strong></span> <span class='ocrx_word' id='word_1_51' title='bbox 730 840 785 901; x_wconf 86' lang='grc' dir='ltr'><strong><em>καί</em></strong></span> <span class='ocrx_word' id='word_1_52' title='bbox 813 838 961 917; x_wconf 80' lang='grc' dir='ltr'><strong><em>πολίχνια</em></strong></span> <span class='ocrx_word' id='word_1_53' title='bbox 981 829 1036 896; x_wconf 71' lang='grc' dir='ltr'><strong><em>ὑπ’</em></strong></span> <span class='ocrx_word' id='word_1_54' title='bbox 1059 825 1181 914; x_wconf 73' lang='grc' dir='ltr'><strong><em>αύτήν,</em></strong></span> <span class='ocrx_word' id='word_1_55' title='bbox 1203 830 1337 913; x_wconf 75' lang='grc' dir='ltr'><strong><em>δουκικῇ</em></strong></span> 
     </span>
     <span class='ocr_line' id='line_1_8' title="bbox 230 917 1335 1026; baseline -0.017 -17"><span class='ocrx_word' id='word_1_56' title='bbox 230 936 494 1025; x_wconf 68' lang='grc' dir='ltr'><strong><em>κατεκοσμὴθη’</em></strong></span> <span class='ocrx_word' id='word_1_57' title='bbox 473 941 575 1026; x_wconf 83' lang='grc' dir='ltr'><strong><em>αρχῇ,</em></strong></span> <span class='ocrx_word' id='word_1_58' title='bbox 606 937 686 1022; x_wconf 88' lang='grc' dir='ltr'><strong><em>πρός</em></strong></span> <span class='ocrx_word' id='word_1_59' title='bbox 710 946 775 1011; x_wconf 84' lang='grc' dir='ltr'><strong><em>τοῖς</em></strong></span> <span class='ocrx_word' id='word_1_60' title='bbox 796 940 965 1018; x_wconf 80' lang='grc' dir='ltr'><strong><em>Συριακοῖς</em></strong></span> <span class='ocrx_word' id='word_1_61' title='bbox 997 936 1056 996; x_wconf 81' lang='grc' dir='ltr'><strong><em>τού</em></strong></span> <span class='ocrx_word' id='word_1_62' title='bbox 1082 917 1192 1012; x_wconf 82' lang='grc' dir='ltr'><strong><em>Τιβίου</em></strong></span> <span class='ocrx_word' id='word_1_63' title='bbox 1211 932 1335 995; x_wconf 83' lang='grc' dir='ltr'><strong><em>διακει-</em></strong></span> 
     </span>
     <span class='ocr_line' id='line_1_9' title="bbox 230 1028 1333 1129; baseline -0.016 -20"><span class='ocrx_word' id='word_1_64' title='bbox 230 1047 308 1129; x_wconf 80' lang='grc' dir='ltr'><strong><em>μένη</em></strong></span> <span class='ocrx_word' id='word_1_65' title='bbox 333 1040 453 1126; x_wconf 81' lang='grc' dir='ltr'><strong><em>ὁρίοις,</em></strong></span> <span class='ocrx_word' id='word_1_66' title='bbox 486 1043 541 1104; x_wconf 86' lang='grc' dir='ltr'><strong><em>καί</em></strong></span> <span class='ocrx_word' id='word_1_67' title='bbox 561 1033 601 1122; x_wconf 80' lang='grc' dir='ltr'><strong><em>ἦν</em></strong></span> <span class='ocrx_word' id='word_1_68' title='bbox 628 1038 704 1122; x_wconf 77' lang='grc' dir='ltr'><strong><em>ἡμῖν</em></strong></span> <span class='ocrx_word' id='word_1_69' title='bbox 726 1036 909 1122; x_wconf 76' lang='grc' dir='ltr'><strong><em>χαράκωμα</em></strong></span> <span class='ocrx_word' id='word_1_70' title='bbox 928 1040 1074 1117; x_wconf 90' lang='grc' dir='ltr'><strong><em>μέγιστον</em></strong></span> <span class='ocrx_word' id='word_1_71' title='bbox 1095 1029 1151 1096; x_wconf 83' lang='grc' dir='ltr'><strong><em>καί</em></strong></span> <span class='ocrx_word' id='word_1_72' title='bbox 1170 1028 1333 1113; x_wconf 79' lang='grc' dir='ltr'><strong><em>όποτροιιὴ</em></strong></span> 
     </span>
     <span class='ocr_line' id='line_1_10' title="bbox 231 1129 1334 1222; baseline -0.014 -14"><span class='ocrx_word' id='word_1_73' title='bbox 231 1147 294 1208; x_wconf 78' lang='grc' dir='ltr'><strong><em>τάν</em></strong></span> <span class='ocrx_word' id='word_1_74' title='bbox 315 1145 436 1207; x_wconf 77' lang='grc' dir='ltr'><strong><em>ἐκεῖθεν</em></strong></span> <span class='ocrx_word' id='word_1_75' title='bbox 466 1136 643 1222; x_wconf 79' lang='grc' dir='ltr'><strong><em>εἰσβάλλειν</em></strong></span> <span class='ocrx_word' id='word_1_76' title='bbox 673 1135 853 1220; x_wconf 79' lang='grc' dir='ltr'><strong><em>μελλόντων</em></strong></span> <span class='ocrx_word' id='word_1_77' title='bbox 879 1137 1050 1219; x_wconf 87' lang='grc' dir='ltr'><strong><em>βαρβάρων</em></strong></span> <span class='ocrx_word' id='word_1_78' title='bbox 1072 1135 1117 1207; x_wconf 86' lang='grc' dir='ltr'><strong><em>εἰς</em></strong></span> <span class='ocrx_word' id='word_1_79' title='bbox 1138 1129 1194 1217; x_wconf 77' lang='grc' dir='ltr'><strong><em>τὴν</em></strong></span> <span class='ocrx_word' id='word_1_80' title='bbox 1217 1133 1334 1213; x_wconf 78' lang='grc' dir='ltr'><strong><em>Ἰβηρι-</em></strong></span> 
     </span>
     <span class='ocr_line' id='line_1_11' title="bbox 231 1228 1377 1329; baseline -0.012 -21"><span class='ocrx_word' id='word_1_81' title='bbox 231 1245 298 1329; x_wconf 75' lang='grc' dir='ltr'><strong><em>κὴν.</em></strong></span> <span class='ocrx_word' id='word_1_82' title='bbox 341 1239 376 1306; x_wconf 89' lang='grc' dir='ltr'><strong><em>τό</em></strong></span> <span class='ocrx_word' id='word_1_83' title='bbox 399 1244 434 1306; x_wconf 82' lang='grc' dir='ltr'><strong><em>δὲ</em></strong></span> <span class='ocrx_word' id='word_1_84' title='bbox 457 1237 615 1327; x_wconf 86' lang='grc' dir='ltr'><strong><em>φειδωλόν</em></strong></span> <span class='ocrx_word' id='word_1_85' title='bbox 638 1242 698 1302; x_wconf 85' lang='grc' dir='ltr'><strong><em>τού</em></strong></span> <span class='ocrx_word' id='word_1_86' title='bbox 720 1243 913 1322; x_wconf 77' lang='grc' dir='ltr'><strong><em>κρατοῦντος</em></strong></span> <span class='ocrx_word' id='word_1_87' title='bbox 944 1239 998 1300; x_wconf 82' lang='grc' dir='ltr'><strong><em>καί</em></strong></span> <span class='ocrx_word' id='word_1_88' title='bbox 1017 1232 1132 1320; x_wconf 82' lang='grc' dir='ltr'><strong><em>ταύτης</em></strong></span> <span class='ocrx_word' id='word_1_89' title='bbox 1159 1229 1232 1309; x_wconf 93' lang='grc' dir='ltr'><strong><em>τούς</em></strong></span> <span class='ocrx_word' id='word_1_90' title='bbox 1252 1228 1377 1296; x_wconf 81' lang='lat' dir='ltr'><strong>‘Poe-lit</strong></span> 
     </span>
     <span class='ocr_line' id='line_1_12' title="bbox 230 1332 1335 1426; baseline -0.011 -16"><span class='ocrx_word' id='word_1_91' title='bbox 230 1349 345 1426; x_wconf 88' lang='grc' dir='ltr'><strong><em>μαιόας</em></strong></span> <span class='ocrx_word' id='word_1_92' title='bbox 367 1340 549 1426; x_wconf 77' lang='grc' dir='ltr'><strong><em>έστέρνγσεν·</em></strong></span> <span class='ocrx_word' id='word_1_93' title='bbox 595 1342 665 1407; x_wconf 83' lang='grc' dir='ltr'><strong><em>ε’πεί</em></strong></span> <span class='ocrx_word' id='word_1_94' title='bbox 684 1339 747 1424; x_wconf 86' lang='grc' dir='ltr'><strong><em>γάρ</em></strong></span> <span class='ocrx_word' id='word_1_95' title='bbox 775 1341 956 1423; x_wconf 72' lang='grc' dir='ltr'><strong><em>σιτηρέσιον</em></strong></span> <span class='ocrx_word' id='word_1_96' title='bbox 979 1339 1033 1401; x_wconf 85' lang='grc' dir='ltr'><strong><em>καί</em></strong></span> <span class='ocrx_word' id='word_1_97' title='bbox 1062 1332 1078 1398; x_wconf 90' lang='grc' dir='ltr'><strong><em>ό</em></strong></span> <span class='ocrx_word' id='word_1_98' title='bbox 1102 1337 1136 1400; x_wconf 89' lang='grc' dir='ltr'><strong><em>έν</em></strong></span> <span class='ocrx_word' id='word_1_99' title='bbox 1154 1335 1251 1422; x_wconf 74' lang='grc' dir='ltr'><strong><em>ταύτῃ</em></strong></span> <span class='ocrx_word' id='word_1_100' title='bbox 1273 1359 1335 1398; x_wconf 90' lang='grc' dir='ltr'><strong><em>σα-</em></strong></span> 
     </span>
     <span class='ocr_line' id='line_1_13' title="bbox 231 1431 1336 1529; baseline -0.009 -19"><span class='ocrx_word' id='word_1_101' title='bbox 231 1445 354 1529; x_wconf 76' lang='grc' dir='ltr'><strong><em>τράπης</em></strong></span> <span class='ocrx_word' id='word_1_102' title='bbox 371 1441 541 1526; x_wconf 79' lang='grc' dir='ltr'><strong><em>ἐλάμβανε,</em></strong></span> <span class='ocrx_word' id='word_1_103' title='bbox 561 1442 747 1527; x_wconf 79' lang='grc' dir='ltr'><strong><em>προσελθών</em></strong></span> <span class='ocrx_word' id='word_1_104' title='bbox 768 1464 817 1513; x_wconf 89' lang='grc' dir='ltr'><strong><em>τις</em></strong></span> <span class='ocrx_word' id='word_1_105' title='bbox 838 1438 1004 1522; x_wconf 79' lang='grc' dir='ltr'><strong><em>Ἀρμένιος</em></strong></span> <span class='ocrx_word' id='word_1_106' title='bbox 1022 1435 1229 1520; x_wconf 89' lang='grc' dir='ltr'><strong><em>Παγκράτιος</em></strong></span> <span class='ocrx_word' id='word_1_107' title='bbox 1248 1431 1336 1502; x_wconf 85' lang='grc' dir='ltr'><strong><em>ούτω</em></strong></span> 
     </span>
     <span class='ocr_line' id='line_1_14' title="bbox 232 1534 1335 1628; baseline -0.008 -21"><span class='ocrx_word' id='word_1_108' title='bbox 232 1541 424 1623; x_wconf 88' lang='grc' dir='ltr'><strong><em>καλούμενος</em></strong></span> <span class='ocrx_word' id='word_1_109' title='bbox 450 1544 493 1628; x_wconf 79' lang='grc' dir='ltr'><strong><em>τῷ</em></strong></span> <span class='ocrx_word' id='word_1_110' title='bbox 520 1545 666 1622; x_wconf 79' lang='grc' dir='ltr'><strong><em>βασιλεῖ,</em></strong></span> <span class='ocrx_word' id='word_1_111' title='bbox 701 1543 888 1604; x_wconf 86' lang='grc' dir='ltr'><strong><em>συντίθεται</em></strong></span> <span class='ocrx_word' id='word_1_112' title='bbox 919 1537 1021 1625; x_wconf 77' lang='grc' dir='ltr'><strong><em>τούτῳ</em></strong></span> <span class='ocrx_word' id='word_1_113' title='bbox 1050 1560 1103 1600; x_wconf 91' lang='grc' dir='ltr'><strong><em>και</em></strong></span> <span class='ocrx_word' id='word_1_114' title='bbox 1134 1534 1335 1618; x_wconf 81' lang='grc' dir='ltr'><strong><em>δπισχνειται</em></strong></span> 
     </span>
     <span class='ocr_line' id='line_1_15' title="bbox 232 1633 1337 1756; baseline -0.008 -47"><span class='ocrx_word' id='word_1_115' title='bbox 232 1646 332 1728; x_wconf 86' lang='grc' dir='ltr'><strong><em>χωρίς</em></strong></span> <span class='ocrx_word' id='word_1_116' title='bbox 363 1665 445 1717; x_wconf 92' lang='grc' dir='ltr'><strong><em>τινος</em></strong></span> <span class='ocrx_word' id='word_1_117' title='bbox 480 1639 674 1724; x_wconf 80' lang='grc' dir='ltr'><strong><em>α’πολὴψεως</em></strong></span> <span class='ocrx_word' id='word_1_118' title='bbox 707 1639 762 1720; x_wconf 75' lang='grc' dir='ltr'><strong><em>τὴν</em></strong></span> <span class='ocrx_word' id='word_1_119' title='bbox 788 1640 936 1724; x_wconf 85' lang='grc' dir='ltr'><strong><em>τοιαύτην</em></strong></span> <span class='ocrx_word' id='word_1_120' title='bbox 963 1633 1071 1756; x_wconf 71' lang='grc' dir='ltr'><strong><em>άρχὴγ</em></strong></span> <span class='ocrx_word' id='word_1_121' title='bbox 1096 1640 1262 1718; x_wconf 83' lang='grc' dir='ltr'><strong><em>μετελθεῖν</em></strong></span> <span class='ocrx_word' id='word_1_122' title='bbox 1282 1636 1337 1700; x_wconf 88' lang='grc' dir='ltr'><strong><em>καί</em></strong></span> 
     </span>
     <span class='ocr_line' id='line_1_16' title="bbox 234 1731 1377 1827; baseline -0.003 -19"><span class='ocrx_word' id='word_1_123' title='bbox 234 1741 419 1826; x_wconf 85' lang='grc' dir='ltr'><strong><em>κρειττόνως</em></strong></span> <span class='ocrx_word' id='word_1_124' title='bbox 441 1745 641 1827; x_wconf 78' lang='grc' dir='ltr'><strong><em>συντηρῆσαι</em></strong></span> <span class='ocrx_word' id='word_1_125' title='bbox 662 1739 698 1806; x_wconf 87' lang='grc' dir='ltr'><strong><em>τό</em></strong></span> <span class='ocrx_word' id='word_1_126' title='bbox 724 1731 820 1819; x_wconf 83' lang='grc' dir='ltr'><strong><em>άστυ,</em></strong></span> <span class='ocrx_word' id='word_1_127' title='bbox 846 1764 898 1804; x_wconf 93' lang='grc' dir='ltr'><strong><em>και</em></strong></span> <span class='ocrx_word' id='word_1_128' title='bbox 920 1733 980 1824; x_wconf 86' lang='grc' dir='ltr'><strong><em>όση</em></strong></span> <span class='ocrx_word' id='word_1_129' title='bbox 1001 1739 1100 1825; x_wconf 78' lang='grc' dir='ltr'><strong><em>τούτῳ</em></strong></span> <span class='ocrx_word' id='word_1_130' title='bbox 1124 1739 1336 1822; x_wconf 79' lang='grc' dir='ltr'><strong><em>παραπέφυκε</em></strong></span> <span class='ocrx_word' id='word_1_131' title='bbox 1345 1753 1377 1803; x_wconf 85' lang='grc'><strong><em>15</em></strong></span> 
     </span>
     <span class='ocr_line' id='line_1_17' title="bbox 234 1837 1335 1926; baseline -0.009 -19"><span class='ocrx_word' id='word_1_132' title='bbox 234 1841 413 1925; x_wconf 83' lang='grc' dir='ltr'><strong><em>σύγκτησις.</em></strong></span> <span class='ocrx_word' id='word_1_133' title='bbox 457 1843 512 1906; x_wconf 86' lang='grc' dir='ltr'><strong><em>καί</em></strong></span> <span class='ocrx_word' id='word_1_134' title='bbox 533 1840 688 1922; x_wconf 89' lang='grc' dir='ltr'><strong><em>λαμβάνει</em></strong></span> <span class='ocrx_word' id='word_1_135' title='bbox 710 1837 766 1906; x_wconf 91' lang='grc' dir='ltr'><strong><em>τόν</em></strong></span> <span class='ocrx_word' id='word_1_136' title='bbox 789 1842 924 1921; x_wconf 80' lang='grc' dir='ltr'><strong><em>βασιλέα</em></strong></span> <span class='ocrx_word' id='word_1_137' title='bbox 956 1841 994 1926; x_wconf 75' lang='grc' dir='ltr'><strong><em>τῇ</em></strong></span> <span class='ocrx_word' id='word_1_138' title='bbox 1014 1838 1186 1918; x_wconf 84' lang='grc' dir='ltr'><strong><em>όποσχέσει</em></strong></span> <span class='ocrx_word' id='word_1_139' title='bbox 1205 1859 1335 1902; x_wconf 86' lang='grc' dir='ltr'><strong><em>συνεπι-</em></strong></span> 
     </span>
     <span class='ocr_line' id='line_1_18' title="bbox 235 1933 1337 2023; baseline -0.006 -17"><span class='ocrx_word' id='word_1_140' title='bbox 235 1938 386 2023; x_wconf 82' lang='grc' dir='ltr'><strong><em>νεύοντα,</em></strong></span> <span class='ocrx_word' id='word_1_141' title='bbox 417 1943 472 2006; x_wconf 86' lang='grc' dir='ltr'><strong><em>καί</em></strong></span> <span class='ocrx_word' id='word_1_142' title='bbox 494 1939 571 2020; x_wconf 65' lang='lat' dir='ltr'><strong><em>tot}</em></strong></span> <span class='ocrx_word' id='word_1_143' title='bbox 594 1940 841 2020; x_wconf 87' lang='grc' dir='ltr'><strong><em>α’ποδείκνυται,</em></strong></span> <span class='ocrx_word' id='word_1_144' title='bbox 871 1941 926 2004; x_wconf 89' lang='grc' dir='ltr'><strong><em>καί</em></strong></span> <span class='ocrx_word' id='word_1_145' title='bbox 951 1933 1187 2020; x_wconf 85' lang='grc' dir='ltr'><strong><em>καταλαμβάνει</em></strong></span> <span class='ocrx_word' id='word_1_146' title='bbox 1216 1934 1276 2021; x_wconf 75' lang='grc' dir='ltr'><strong><em>τήν</em></strong></span> <span class='ocrx_word' id='word_1_147' title='bbox 1302 1939 1337 2000; x_wconf 87' lang='grc' dir='ltr'><strong><em>έν</em></strong></span> 
     </span>
     <span class='ocr_line' id='line_1_19' title="bbox 237 2035 1339 2125; baseline -0.005 -19"><span class='ocrx_word' id='word_1_148' title='bbox 237 2039 359 2114; x_wconf 79' lang='grc' dir='ltr'><strong><em>τούτοις</em></strong></span> <span class='ocrx_word' id='word_1_149' title='bbox 378 2040 555 2125; x_wconf 78' lang='grc' dir='ltr'><strong><em>ἡγεμονίαν.</em></strong></span> <span class='ocrx_word' id='word_1_150' title='bbox 611 2043 747 2120; x_wconf 83' lang='grc' dir='ltr'><strong><em>άναξίως</em></strong></span> <span class='ocrx_word' id='word_1_151' title='bbox 779 2043 814 2104; x_wconf 84' lang='grc' dir='ltr'><strong><em>δέ</em></strong></span> <span class='ocrx_word' id='word_1_152' title='bbox 843 2040 881 2104; x_wconf 89' lang='grc' dir='ltr'><strong><em>τά</em></strong></span> <span class='ocrx_word' id='word_1_153' title='bbox 917 2035 1084 2123; x_wconf 87' lang='grc' dir='ltr'><strong><em>πράγματα</em></strong></span> <span class='ocrx_word' id='word_1_154' title='bbox 1115 2039 1259 2118; x_wconf 75' lang='grc' dir='ltr'><strong><em>διοικῶν,</em></strong></span> <span class='ocrx_word' id='word_1_155' title='bbox 1284 2036 1339 2100; x_wconf 82' lang='grc' dir='ltr'><strong><em>καὶ</em></strong></span> 
     </span>
     <span class='ocr_line' id='line_1_20' title="bbox 233 2135 1431 2228; baseline -0.006 -22"><span class='ocrx_word' id='word_1_156' title='bbox 233 2141 315 2226; x_wconf 77' lang='grc' dir='ltr'><strong><em>μήτε</em></strong></span> <span class='ocrx_word' id='word_1_157' title='bbox 337 2142 377 2228; x_wconf 77' lang='grc' dir='ltr'><strong><em>τῇ</em></strong></span> <span class='ocrx_word' id='word_1_158' title='bbox 404 2139 572 2224; x_wconf 73' lang='grc' dir='ltr'><strong><em>ἀκροπόλει</em></strong></span> <span class='ocrx_word' id='word_1_159' title='bbox 593 2149 682 2207; x_wconf 81' lang='grc' dir='ltr'><strong><em>σῖτον</em></strong></span> <span class='ocrx_word' id='word_1_160' title='bbox 715 2141 759 2220; x_wconf 79' lang='grc' dir='ltr'><strong><em>τός</em></strong></span> <span class='ocrx_word' id='word_1_161' title='bbox 789 2139 824 2206; x_wconf 89' lang='grc' dir='ltr'><strong><em>τό</em></strong></span> <span class='ocrx_word' id='word_1_162' title='bbox 860 2140 944 2216; x_wconf 85' lang='grc' dir='ltr'><strong><em>εἰκός</em></strong></span> <span class='ocrx_word' id='word_1_163' title='bbox 977 2135 1241 2222; x_wconf 83' lang='grc' dir='ltr'><strong><em>προμηθούμενος</em></strong></span> <span class='ocrx_word' id='word_1_164' title='bbox 1261 2135 1338 2221; x_wconf 77' lang='grc' dir='ltr'><strong><em>μήτι</em></strong></span> <span class='ocrx_word' id='word_1_165' title='bbox 1430 2144 1431 2151; x_wconf 76' lang='grc'>’</span> 
     </span>
     <span class='ocr_line' id='line_1_21' title="bbox 223 2235 1432 2335; baseline -0.006 -29"><span class='ocrx_word' id='word_1_166' title='bbox 223 2235 312 2306; x_wconf 82' lang='grc' dir='ltr'><strong><em>άλλο</em></strong></span> <span class='ocrx_word' id='word_1_167' title='bbox 334 2265 364 2306; x_wconf 90' lang='grc' dir='ltr'><strong><em>τι</em></strong></span> <span class='ocrx_word' id='word_1_168' title='bbox 398 2235 612 2326; x_wconf 75' lang='grc' dir='ltr'><strong><em>ἢπολεμικόν</em></strong></span> <span class='ocrx_word' id='word_1_169' title='bbox 644 2239 849 2326; x_wconf 80' lang='grc' dir='ltr'><strong><em>ἢπολιτικόν</em></strong></span> <span class='ocrx_word' id='word_1_170' title='bbox 872 2242 981 2325; x_wconf 80' lang='grc' dir='ltr'><strong><em>σ’ρθτός</em></strong></span> <span class='ocrx_word' id='word_1_171' title='bbox 1006 2241 1060 2304; x_wconf 85' lang='grc' dir='ltr'><strong><em>καί</em></strong></span> <span class='ocrx_word' id='word_1_172' title='bbox 1079 2238 1216 2320; x_wconf 89' lang='grc' dir='ltr'><strong><em>βεβαίως</em></strong></span> <span class='ocrx_word' id='word_1_173' title='bbox 1237 2239 1381 2318; x_wconf 62' lang='lat' dir='ltr'><strong>spuo-20</strong></span> <span class='ocrx_word' id='word_1_174' title='bbox 1430 2254 1432 2335; x_wconf 66' lang='grc' dir='ltr'><strong><em>γ</em></strong></span> 
     </span>
     <span class='ocr_line' id='line_1_22' title="bbox 236 2339 1338 2428; baseline -0.002 -22"><span class='ocrx_word' id='word_1_175' title='bbox 236 2339 426 2425; x_wconf 88' lang='grc' dir='ltr'><strong><em>ρευόμενος,</em></strong></span> <span class='ocrx_word' id='word_1_176' title='bbox 458 2343 503 2418; x_wconf 84' lang='grc' dir='ltr'><strong><em>εἰς</em></strong></span> <span class='ocrx_word' id='word_1_177' title='bbox 531 2343 691 2428; x_wconf 78' lang='grc' dir='ltr'><strong><em>μεγάλους</em></strong></span> <span class='ocrx_word' id='word_1_178' title='bbox 719 2341 885 2418; x_wconf 89' lang='grc' dir='ltr'><strong><em>κινδύνους</em></strong></span> <span class='ocrx_word' id='word_1_179' title='bbox 914 2340 972 2427; x_wconf 74' lang='grc' dir='ltr'><strong><em>τὴν</em></strong></span> <span class='ocrx_word' id='word_1_180' title='bbox 990 2339 1178 2422; x_wconf 86' lang='grc' dir='ltr'><strong><em>θαυμασίαν</em></strong></span> <span class='ocrx_word' id='word_1_181' title='bbox 1206 2342 1338 2423; x_wconf 83' lang='grc' dir='ltr'><strong><em>παρενέ-</em></strong></span> 
     </span>
     <span class='ocr_line' id='line_1_23' title="bbox 235 2438 1339 2528; baseline -0.003 -21"><span class='ocrx_word' id='word_1_182' title='bbox 235 2447 314 2524; x_wconf 87' lang='grc' dir='ltr'><strong><em>βαλε</em></strong></span> <span class='ocrx_word' id='word_1_183' title='bbox 351 2443 454 2510; x_wconf 88' lang='grc' dir='ltr'><strong><em>πόλιν.</em></strong></span> <span class='ocrx_word' id='word_1_184' title='bbox 506 2444 694 2528; x_wconf 74' lang='grc' dir='ltr'><strong><em>παροδεύων</em></strong></span> <span class='ocrx_word' id='word_1_185' title='bbox 729 2443 791 2527; x_wconf 87' lang='grc' dir='ltr'><strong><em>γάρ</em></strong></span> <span class='ocrx_word' id='word_1_186' title='bbox 827 2439 842 2506; x_wconf 89' lang='grc' dir='ltr'><strong><em>ό</em></strong></span> <span class='ocrx_word' id='word_1_187' title='bbox 886 2438 1055 2516; x_wconf 86' lang='grc' dir='ltr'><strong><em>σουλεάνος</em></strong></span> <span class='ocrx_word' id='word_1_188' title='bbox 1098 2442 1220 2506; x_wconf 84' lang='grc' dir='ltr'><strong><em>έκεῖθεν</em></strong></span> <span class='ocrx_word' id='word_1_189' title='bbox 1258 2465 1339 2505; x_wconf 87' lang='grc' dir='ltr'><strong><em>παν-</em></strong></span> 
     </span>
     <span class='ocr_line' id='line_1_24' title="bbox 236 2535 1337 2633; baseline -0.001 -25"><span class='ocrx_word' id='word_1_190' title='bbox 236 2545 370 2632; x_wconf 77' lang='grc' dir='ltr'><strong><em>στρατιᾷ</em></strong></span> <span class='ocrx_word' id='word_1_191' title='bbox 401 2547 509 2630; x_wconf 85' lang='grc' dir='ltr'><strong><em>(τοῦτο</em></strong></span> <span class='ocrx_word' id='word_1_192' title='bbox 540 2541 601 2628; x_wconf 87' lang='grc' dir='ltr'><strong><em>γάρ</em></strong></span> <span class='ocrx_word' id='word_1_193' title='bbox 636 2535 674 2628; x_wconf 78' lang='grc' dir='ltr'><strong><em>ἦν</em></strong></span> <span class='ocrx_word' id='word_1_194' title='bbox 703 2536 807 2625; x_wconf 82' lang='grc' dir='ltr'><strong><em>όνομα</em></strong></span> <span class='ocrx_word' id='word_1_195' title='bbox 838 2546 882 2633; x_wconf 71' lang='grc' dir='ltr'><strong><em>τῷ</em></strong></span> <span class='ocrx_word' id='word_1_196' title='bbox 907 2543 1026 2610; x_wconf 86' lang='grc' dir='ltr'><strong><em>τούτων</em></strong></span> <span class='ocrx_word' id='word_1_197' title='bbox 1056 2539 1238 2630; x_wconf 83' lang='grc' dir='ltr'><strong><em>έξάρχονττ)</em></strong></span> <span class='ocrx_word' id='word_1_198' title='bbox 1264 2543 1337 2625; x_wconf 90' lang='grc' dir='ltr'><strong><em>παρ’</em></strong></span> 
     </span>
    </p>
   </div>
   <div class='ocr_carea' id='block_1_3' title="bbox 139 2845 1429 4122">
    <p class='ocr_par' dir='ltr' id='par_1_3' title="bbox 139 2845 1429 4122">
     <span class='ocr_line' id='line_1_25' title="bbox 238 2845 1387 2917; baseline -0.002 -17"><span class='ocrx_word' id='word_1_199' title='bbox 238 2845 359 2902; x_wconf 83' lang='lat' dir='ltr'><strong>maximis</strong></span> <span class='ocrx_word' id='word_1_200' title='bbox 378 2847 516 2915; x_wconf 75' lang='lat' dir='ltr'>promissis</span> <span class='ocrx_word' id='word_1_201' title='bbox 541 2847 634 2901; x_wconf 88' lang='lat' dir='ltr'><strong>ducem</strong></span> <span class='ocrx_word' id='word_1_202' title='bbox 663 2848 742 2901; x_wconf 87' lang='lat' dir='ltr'><strong>huius</strong></span> <span class='ocrx_word' id='word_1_203' title='bbox 766 2849 880 2902; x_wconf 83' lang='lat' dir='ltr'><strong>reddens</strong></span> <span class='ocrx_word' id='word_1_204' title='bbox 903 2864 951 2917; x_wconf 86' lang='lat' dir='ltr'><strong>spe</strong></span> <span class='ocrx_word' id='word_1_205' title='bbox 975 2847 1072 2901; x_wconf 88' lang='lat' dir='ltr'><strong>elatum</strong></span> <span class='ocrx_word' id='word_1_206' title='bbox 1100 2845 1233 2916; x_wconf 88' lang='lat' dir='ltr'><strong>persuasit</strong></span> <span class='ocrx_word' id='word_1_207' title='bbox 1256 2847 1282 2898; x_wconf 92' lang='lat' dir='ltr'><strong><em>ei</em></strong></span> <span class='ocrx_word' id='word_1_208' title='bbox 1310 2852 1338 2898; x_wconf 88' lang='lat' dir='ltr'><strong><em>nt</em></strong></span> <span class='ocrx_word' id='word_1_209' title='bbox 1380 2847 1387 2861; x_wconf 94' lang='lat'><em>&#39;</em></span> 
     </span>
     <span class='ocr_line' id='line_1_26' title="bbox 139 2918 1337 2988; baseline -0.003 -17"><span class='ocrx_word' id='word_1_210' title='bbox 139 2975 143 2984; x_wconf 64' lang='grc'>,</span> <span class='ocrx_word' id='word_1_211' title='bbox 239 2920 366 2972; x_wconf 78' lang='lat' dir='ltr'><strong>transiret</strong></span> <span class='ocrx_word' id='word_1_212' title='bbox 383 2919 416 2970; x_wconf 93' lang='lat' dir='ltr'><strong><em>ad</em></strong></span> <span class='ocrx_word' id='word_1_213' title='bbox 434 2929 539 2972; x_wconf 91' lang='lat' dir='ltr'><strong>nostros</strong></span> <span class='ocrx_word' id='word_1_214' title='bbox 559 2928 585 2972; x_wconf 94' lang='lat' dir='ltr'><strong>et</strong></span> <span class='ocrx_word' id='word_1_215' title='bbox 605 2920 696 2972; x_wconf 87' lang='lat' dir='ltr'><strong>urbem</strong></span> <span class='ocrx_word' id='word_1_216' title='bbox 716 2921 824 2973; x_wconf 85' lang='lat' dir='ltr'><strong>Graecis</strong></span> <span class='ocrx_word' id='word_1_217' title='bbox 843 2921 973 2984; x_wconf 86' lang='lat' dir='ltr'><strong>traderet,</strong></span> <span class='ocrx_word' id='word_1_218' title='bbox 998 2929 1079 2988; x_wconf 90' lang='lat' dir='ltr'><strong>atque</strong></span> <span class='ocrx_word' id='word_1_219' title='bbox 1097 2918 1142 2970; x_wconf 84' lang='lat' dir='ltr'><strong>bic</strong></span> <span class='ocrx_word' id='word_1_220' title='bbox 1161 2918 1266 2987; x_wconf 89' lang='lat' dir='ltr'><strong>quidem</strong></span> <span class='ocrx_word' id='word_1_221' title='bbox 1284 2933 1337 2970; x_wconf 91' lang='lat' dir='ltr'><strong><em>uon</em></strong></span> 
     </span>
     <span class='ocr_line' id='line_1_27' title="bbox 239 2959 1337 3075; baseline -0.001 -33"><span class='ocrx_word' id='word_1_222' title='bbox 239 2989 382 3042; x_wconf 76' lang='lat' dir='ltr'><strong>fallebatur</strong></span> <span class='ocrx_word' id='word_1_223' title='bbox 401 2992 643 3075; x_wconf 74' lang='lat' dir='ltr'><strong>exspectationibus</strong></span> <span class='ocrx_word' id='word_1_224' title='bbox 662 2994 733 3043; x_wconf 88' lang='lat' dir='ltr'><strong>etin</strong></span> <span class='ocrx_word' id='word_1_225' title='bbox 753 2992 856 3043; x_wconf 83' lang='lat' dir='ltr'><strong>luxuria</strong></span> <span class='ocrx_word' id='word_1_226' title='bbox 875 3001 902 3042; x_wconf 89' lang='lat' dir='ltr'><strong>et</strong></span> <span class='ocrx_word' id='word_1_227' title='bbox 913 2959 1028 3042; x_wconf 78' lang='lat' dir='ltr'><strong>mollitie</strong></span> <span class='ocrx_word' id='word_1_228' title='bbox 1045 2999 1072 3042; x_wconf 91' lang='lat' dir='ltr'><strong>et</strong></span> <span class='ocrx_word' id='word_1_229' title='bbox 1089 2991 1165 3042; x_wconf 90' lang='lat' dir='ltr'><strong>donis</strong></span> <span class='ocrx_word' id='word_1_230' title='bbox 1185 2991 1337 3057; x_wconf 88' lang='lat' dir='ltr'><strong>possessio-</strong></span> 
     </span>
     <span class='ocr_line' id='line_1_28' title="bbox 238 3061 1337 3130; baseline -0.002 -17"><span class='ocrx_word' id='word_1_231' title='bbox 238 3077 300 3114; x_wconf 86' lang='lat' dir='ltr'><strong><em>num</em></strong></span> <span class='ocrx_word' id='word_1_232' title='bbox 319 3070 346 3113; x_wconf 89' lang='lat' dir='ltr'><strong>et</strong></span> <span class='ocrx_word' id='word_1_233' title='bbox 365 3063 522 3130; x_wconf 82' lang='lat' dir='ltr'><strong>dignitatum</strong></span> <span class='ocrx_word' id='word_1_234' title='bbox 541 3064 711 3114; x_wconf 86' lang='lat' dir='ltr'><strong>maximarum</strong></span> <span class='ocrx_word' id='word_1_235' title='bbox 740 3065 821 3115; x_wconf 82' lang='lat' dir='ltr'><strong>vitam</strong></span> <span class='ocrx_word' id='word_1_236' title='bbox 846 3063 1001 3114; x_wconf 84' lang='lat' dir='ltr'><strong>traducebat</strong></span> <span class='ocrx_word' id='word_1_237' title='bbox 1018 3061 1167 3113; x_wconf 84' lang='lat' dir='ltr'><strong>amabilem.</strong></span> <span class='ocrx_word' id='word_1_238' title='bbox 1205 3061 1267 3112; x_wconf 91' lang='lat' dir='ltr'><strong>urbs</strong></span> <span class='ocrx_word' id='word_1_239' title='bbox 1287 3077 1337 3111; x_wconf 89' lang='lat' dir='ltr'><strong><em>au-</em></strong></span> 
     </span>
     <span class='ocr_line' id='line_1_29' title="bbox 237 3133 1337 3200; baseline -0.002 -16"><span class='ocrx_word' id='word_1_240' title='bbox 237 3143 291 3184; x_wconf 89' lang='lat' dir='ltr'><strong>tem</strong></span> <span class='ocrx_word' id='word_1_241' title='bbox 308 3141 405 3184; x_wconf 87' lang='lat' dir='ltr'><strong>terram</strong></span> <span class='ocrx_word' id='word_1_242' title='bbox 425 3135 531 3186; x_wconf 91' lang='lat' dir='ltr'><strong>multam</strong></span> <span class='ocrx_word' id='word_1_243' title='bbox 551 3134 652 3186; x_wconf 89' lang='lat' dir='ltr'><strong>habens</strong></span> <span class='ocrx_word' id='word_1_244' title='bbox 667 3144 694 3185; x_wconf 92' lang='lat' dir='ltr'><strong><em>ct</em></strong></span> <span class='ocrx_word' id='word_1_245' title='bbox 706 3136 812 3200; x_wconf 86' lang='lat' dir='ltr'><strong>oppida</strong></span> <span class='ocrx_word' id='word_1_246' title='bbox 834 3135 883 3186; x_wconf 90' lang='lat' dir='ltr'><strong><em>sub</em></strong></span> <span class='ocrx_word' id='word_1_247' title='bbox 903 3151 934 3185; x_wconf 92' lang='lat' dir='ltr'><strong><em>ea</em></strong></span> <span class='ocrx_word' id='word_1_248' title='bbox 953 3133 1042 3186; x_wconf 86' lang='lat' dir='ltr'><strong>ducali</strong></span> <span class='ocrx_word' id='word_1_249' title='bbox 1061 3135 1189 3184; x_wconf 86' lang='lat' dir='ltr'><strong>instructa</strong></span> <span class='ocrx_word' id='word_1_250' title='bbox 1206 3141 1268 3197; x_wconf 89' lang='lat' dir='ltr'><strong>sunt</strong></span> <span class='ocrx_word' id='word_1_251' title='bbox 1287 3135 1337 3182; x_wconf 94' lang='lat' dir='ltr'><strong>im-</strong></span> 
     </span>
     <span class='ocr_line' id='line_1_30' title="bbox 238 3191 1338 3285; baseline -0.002 -31"><span class='ocrx_word' id='word_1_252' title='bbox 238 3206 315 3285; x_wconf 78' lang='lat' dir='ltr'><strong>perio</strong></span> <span class='ocrx_word' id='word_1_253' title='bbox 335 3205 368 3255; x_wconf 92' lang='lat' dir='ltr'><strong><em>ad</em></strong></span> <span class='ocrx_word' id='word_1_254' title='bbox 385 3205 508 3270; x_wconf 80' lang='lat' dir='ltr'><strong>Syriacos</strong></span> <span class='ocrx_word' id='word_1_255' title='bbox 528 3201 595 3256; x_wconf 84' lang='lat' dir='ltr'><strong>&#39;libii</strong></span> <span class='ocrx_word' id='word_1_256' title='bbox 622 3207 766 3258; x_wconf 90' lang='lat' dir='ltr'><strong>constituta</strong></span> <span class='ocrx_word' id='word_1_257' title='bbox 791 3206 991 3274; x_wconf 73' lang='lat' dir='ltr'><strong>ducantque</strong></span> <span class='ocrx_word' id='word_1_258' title='bbox 1017 3212 1073 3255; x_wconf 87' lang='lat' dir='ltr'><strong>erat</strong></span> <span class='ocrx_word' id='word_1_259' title='bbox 1089 3204 1174 3255; x_wconf 89' lang='lat' dir='ltr'><strong>nobis</strong></span> <span class='ocrx_word' id='word_1_260' title='bbox 1199 3191 1338 3255; x_wconf 78' lang='lat' dir='ltr'><strong>castellum</strong></span> 
     </span>
     <span class='ocr_line' id='line_1_31' title="bbox 238 3273 1336 3356; baseline 0.002 -32"><span class='ocrx_word' id='word_1_261' title='bbox 238 3275 388 3356; x_wconf 83' lang='lat' dir='ltr'><strong>maximum,</strong></span> <span class='ocrx_word' id='word_1_262' title='bbox 411 3284 438 3325; x_wconf 88' lang='lat' dir='ltr'><strong>et</strong></span> <span class='ocrx_word' id='word_1_263' title='bbox 456 3275 576 3326; x_wconf 79' lang='lat' dir='ltr'><strong>defensio</strong></span> <span class='ocrx_word' id='word_1_264' title='bbox 596 3285 688 3327; x_wconf 82' lang='lat' dir='ltr'><strong>contra</strong></span> <span class='ocrx_word' id='word_1_265' title='bbox 705 3277 810 3342; x_wconf 83' lang='lat' dir='ltr'><strong>ingredi</strong></span> <span class='ocrx_word' id='word_1_266' title='bbox 830 3277 891 3328; x_wconf 89' lang='lat' dir='ltr'><strong>inde</strong></span> <span class='ocrx_word' id='word_1_267' title='bbox 909 3277 1033 3329; x_wconf 85' lang='lat' dir='ltr'><strong>volentes</strong></span> <span class='ocrx_word' id='word_1_268' title='bbox 1051 3273 1203 3326; x_wconf 87' lang='lat' dir='ltr'><strong>barbaros&#39;</strong></span> <span class='ocrx_word' id='word_1_269' title='bbox 1196 3290 1223 3326; x_wconf 85' lang='lat' dir='ltr'><strong><em>rn</em></strong></span> <span class='ocrx_word' id='word_1_270' title='bbox 1235 3273 1336 3327; x_wconf 87' lang='lat' dir='ltr'><strong>Iberos</strong></span> 
     </span>
     <span class='ocr_line' id='line_1_32' title="bbox 239 3345 1339 3414; baseline 0.001 -20"><span class='ocrx_word' id='word_1_271' title='bbox 239 3345 401 3412; x_wconf 85' lang='lat' dir='ltr'><strong>parsimonia</strong></span> <span class='ocrx_word' id='word_1_272' title='bbox 422 3353 509 3396; x_wconf 90' lang='lat' dir='ltr'><strong>autem</strong></span> <span class='ocrx_word' id='word_1_273' title='bbox 528 3347 694 3412; x_wconf 87' lang='lat' dir='ltr'><strong>imperatoris</strong></span> <span class='ocrx_word' id='word_1_274' title='bbox 722 3349 801 3398; x_wconf 85' lang='lat' dir='ltr'><strong>etiam</strong></span> <span class='ocrx_word' id='word_1_275' title='bbox 824 3346 874 3398; x_wconf 91' lang='lat' dir='ltr'><strong><em>bac</em></strong></span> <span class='ocrx_word' id='word_1_276' title='bbox 893 3348 1008 3400; x_wconf 85' lang='lat' dir='ltr'><strong>Graecos</strong></span> <span class='ocrx_word' id='word_1_277' title='bbox 1028 3347 1250 3414; x_wconf 74' lang='lat' dir='ltr'><strong>primumcum</strong></span> <span class='ocrx_word' id='word_1_278' title='bbox 1270 3347 1339 3396; x_wconf 86' lang='lat' dir='ltr'><strong>enirn</strong></span> 
     </span>
     <span class='ocr_line' id='line_1_33' title="bbox 240 3416 1429 3485; baseline 0 -19"><span class='ocrx_word' id='word_1_279' title='bbox 240 3423 412 3467; x_wconf 85' lang='lat' dir='ltr'><strong>commeatum</strong></span> <span class='ocrx_word' id='word_1_280' title='bbox 442 3417 520 3466; x_wconf 89' lang='lat' dir='ltr'><strong>etiam</strong></span> <span class='ocrx_word' id='word_1_281' title='bbox 545 3417 623 3469; x_wconf 86' lang='lat' dir='ltr'><strong>buius</strong></span> <span class='ocrx_word' id='word_1_282' title='bbox 649 3427 754 3484; x_wconf 89' lang='lat' dir='ltr'><strong>satrapa</strong></span> <span class='ocrx_word' id='word_1_283' title='bbox 777 3420 928 3485; x_wconf 87' lang='lat' dir='ltr'><strong>acciperet,</strong></span> <span class='ocrx_word' id='word_1_284' title='bbox 953 3419 1044 3470; x_wconf 88' lang='lat' dir='ltr'><strong>adiens</strong></span> <span class='ocrx_word' id='word_1_285' title='bbox 1069 3416 1174 3484; x_wconf 90' lang='lat' dir='ltr'><strong>quidem</strong></span> <span class='ocrx_word' id='word_1_286' title='bbox 1198 3416 1338 3468; x_wconf 77' lang='lat' dir='ltr'><strong>Armenius</strong></span> <span class='ocrx_word' id='word_1_287' title='bbox 1428 3458 1429 3461; x_wconf 63' lang='grc'>,</span> 
     </span>
     <span class='ocr_line' id='line_1_34' title="bbox 239 3485 1337 3556; baseline -0.002 -18"><span class='ocrx_word' id='word_1_288' title='bbox 239 3485 392 3538; x_wconf 85' lang='lat' dir='ltr'><strong>Pancratius</strong></span> <span class='ocrx_word' id='word_1_289' title='bbox 411 3487 450 3538; x_wconf 91' lang='lat' dir='ltr'><strong>sic</strong></span> <span class='ocrx_word' id='word_1_290' title='bbox 469 3496 579 3539; x_wconf 85' lang='lat' dir='ltr'><strong>vocatus</strong></span> <span class='ocrx_word' id='word_1_291' title='bbox 598 3504 689 3556; x_wconf 83' lang='lat' dir='ltr'><strong>regem</strong></span> <span class='ocrx_word' id='word_1_292' title='bbox 714 3490 857 3554; x_wconf 86' lang='lat' dir='ltr'><strong>paciscitur</strong></span> <span class='ocrx_word' id='word_1_293' title='bbox 871 3505 929 3540; x_wconf 90' lang='lat' dir='ltr'><strong><em>cum</em></strong></span> <span class='ocrx_word' id='word_1_294' title='bbox 942 3489 993 3540; x_wconf 93' lang='lat' dir='ltr'><strong><em>hoc</em></strong></span> <span class='ocrx_word' id='word_1_295' title='bbox 1010 3495 1037 3539; x_wconf 91' lang='lat' dir='ltr'><strong>et</strong></span> <span class='ocrx_word' id='word_1_296' title='bbox 1057 3488 1186 3556; x_wconf 88' lang='lat' dir='ltr'><strong>promittit</strong></span> <span class='ocrx_word' id='word_1_297' title='bbox 1203 3488 1262 3538; x_wconf 88' lang='lat' dir='ltr'><strong>sine</strong></span> <span class='ocrx_word' id='word_1_298' title='bbox 1281 3486 1337 3538; x_wconf 94' lang='lat' dir='ltr'><strong>ullo</strong></span> 
     </span>
     <span class='ocr_line' id='line_1_35' title="bbox 239 3556 1337 3624; baseline 0 -17"><span class='ocrx_word' id='word_1_299' title='bbox 239 3556 427 3624; x_wconf 90' lang='lat' dir='ltr'><strong>impedimento</strong></span> <span class='ocrx_word' id='word_1_300' title='bbox 447 3557 502 3608; x_wconf 91' lang='lat' dir='ltr'><strong>tale</strong></span> <span class='ocrx_word' id='word_1_301' title='bbox 524 3560 662 3624; x_wconf 91' lang='lat' dir='ltr'><strong>imperium</strong></span> <span class='ocrx_word' id='word_1_302' title='bbox 692 3560 821 3611; x_wconf 90' lang='lat' dir='ltr'><strong>aditurum</strong></span> <span class='ocrx_word' id='word_1_303' title='bbox 843 3576 873 3611; x_wconf 89' lang='lat' dir='ltr'><strong>se</strong></span> <span class='ocrx_word' id='word_1_304' title='bbox 894 3568 920 3610; x_wconf 88' lang='lat' dir='ltr'><strong>et</strong></span> <span class='ocrx_word' id='word_1_305' title='bbox 942 3559 1037 3610; x_wconf 89' lang='lat' dir='ltr'><strong>melius</strong></span> <span class='ocrx_word' id='word_1_306' title='bbox 1062 3566 1228 3610; x_wconf 84' lang='lat' dir='ltr'><strong>servaturum</strong></span> <span class='ocrx_word' id='word_1_307' title='bbox 1246 3558 1337 3609; x_wconf 89' lang='lat' dir='ltr'><strong>urbem</strong></span> 
     </span>
     <span class='ocr_line' id='line_1_36' title="bbox 241 3629 1354 3698; baseline 0 -19"><span class='ocrx_word' id='word_1_308' title='bbox 241 3637 267 3679; x_wconf 87' lang='lat' dir='ltr'><strong>et</strong></span> <span class='ocrx_word' id='word_1_309' title='bbox 286 3636 383 3696; x_wconf 86' lang='lat' dir='ltr'><strong>quanta</strong></span> <span class='ocrx_word' id='word_1_310' title='bbox 404 3630 429 3680; x_wconf 91' lang='lat' dir='ltr'><strong><em>ei</em></strong></span> <span class='ocrx_word' id='word_1_311' title='bbox 460 3637 531 3680; x_wconf 86' lang='lat' dir='ltr'><strong>esset</strong></span> <span class='ocrx_word' id='word_1_312' title='bbox 560 3632 704 3681; x_wconf 90' lang='lat' dir='ltr'><strong>communis</strong></span> <span class='ocrx_word' id='word_1_313' title='bbox 726 3632 862 3697; x_wconf 88' lang='lat' dir='ltr'><strong>possessio</strong></span> <span class='ocrx_word' id='word_1_314' title='bbox 888 3639 915 3682; x_wconf 90' lang='lat' dir='ltr'><strong>et</strong></span> <span class='ocrx_word' id='word_1_315' title='bbox 937 3632 1008 3697; x_wconf 85' lang='lat' dir='ltr'><strong>capit</strong></span> <span class='ocrx_word' id='word_1_316' title='bbox 1030 3646 1121 3698; x_wconf 83' lang='lat' dir='ltr'><strong>regem</strong></span> <span class='ocrx_word' id='word_1_317' title='bbox 1140 3629 1270 3696; x_wconf 88' lang='lat' dir='ltr'><strong>promisso</strong></span> <span class='ocrx_word' id='word_1_318' title='bbox 1290 3629 1354 3691; x_wconf 75' lang='lat' dir='ltr'><strong>ard-j</strong></span> 
     </span>
     <span class='ocr_line' id='line_1_37' title="bbox 239 3699 1337 3768; baseline 0.001 -20"><span class='ocrx_word' id='word_1_319' title='bbox 239 3708 374 3763; x_wconf 88' lang='lat' dir='ltr'><strong>nuentem‚</strong></span> <span class='ocrx_word' id='word_1_320' title='bbox 396 3709 424 3751; x_wconf 88' lang='lat' dir='ltr'><strong>et</strong></span> <span class='ocrx_word' id='word_1_321' title='bbox 442 3699 495 3752; x_wconf 83' lang='lat' dir='ltr'><strong><em>dux</em></strong></span> <span class='ocrx_word' id='word_1_322' title='bbox 515 3700 665 3753; x_wconf 89' lang='lat' dir='ltr'><strong>declaratur</strong></span> <span class='ocrx_word' id='word_1_323' title='bbox 688 3709 714 3751; x_wconf 91' lang='lat' dir='ltr'><strong>et</strong></span> <span class='ocrx_word' id='word_1_324' title='bbox 734 3711 847 3768; x_wconf 88' lang='lat' dir='ltr'><strong>occupat</strong></span> <span class='ocrx_word' id='word_1_325' title='bbox 873 3703 900 3752; x_wconf 94' lang='lat' dir='ltr'><strong>in</strong></span> <span class='ocrx_word' id='word_1_326' title='bbox 921 3701 989 3753; x_wconf 90' lang='lat' dir='ltr'><strong>his&#39;</strong></span> <span class='ocrx_word' id='word_1_327' title='bbox 982 3702 1136 3768; x_wconf 78' lang='lat' dir='ltr'><strong>imperium,</strong></span> <span class='ocrx_word' id='word_1_328' title='bbox 1159 3701 1269 3768; x_wconf 81' lang='lat' dir='ltr'><strong>indigne</strong></span> <span class='ocrx_word' id='word_1_329' title='bbox 1288 3715 1337 3749; x_wconf 91' lang='lat' dir='ltr'><strong><em>au-</em></strong></span> 
     </span>
     <span class='ocr_line' id='line_1_38' title="bbox 239 3772 1338 3854; baseline 0.002 -36"><span class='ocrx_word' id='word_1_330' title='bbox 239 3775 293 3819; x_wconf 91' lang='lat' dir='ltr'><strong>tem</strong></span> <span class='ocrx_word' id='word_1_331' title='bbox 311 3785 355 3821; x_wconf 89' lang='lat' dir='ltr'><strong>res</strong></span> <span class='ocrx_word' id='word_1_332' title='bbox 375 3787 469 3824; x_wconf 86' lang='lat' dir='ltr'><strong>curans</strong></span> <span class='ocrx_word' id='word_1_333' title='bbox 487 3788 576 3842; x_wconf 87' lang='lat' dir='ltr'><strong>neque</strong></span> <span class='ocrx_word' id='word_1_334' title='bbox 605 3775 659 3823; x_wconf 88' lang='lat' dir='ltr'><strong>arci</strong></span> <span class='ocrx_word' id='word_1_335' title='bbox 690 3772 849 3824; x_wconf 85' lang='lat' dir='ltr'><strong>frumentum</strong></span> <span class='ocrx_word' id='word_1_336' title='bbox 873 3781 902 3822; x_wconf 93' lang='lat' dir='ltr'><strong><em>ut</em></strong></span> <span class='ocrx_word' id='word_1_337' title='bbox 929 3789 976 3839; x_wconf 85' lang='lat' dir='ltr'><strong><em>par</em></strong></span> <span class='ocrx_word' id='word_1_338' title='bbox 1002 3781 1059 3823; x_wconf 89' lang='lat' dir='ltr'><strong>erat</strong></span> <span class='ocrx_word' id='word_1_339' title='bbox 1078 3786 1231 3854; x_wconf 82' lang='lat' dir='ltr'><strong>comparans</strong></span> <span class='ocrx_word' id='word_1_340' title='bbox 1249 3787 1338 3838; x_wconf 89' lang='lat' dir='ltr'><strong>neque</strong></span> 
     </span>
     <span class='ocr_line' id='line_1_39' title="bbox 240 3838 1337 3911; baseline 0.003 -23"><span class='ocrx_word' id='word_1_341' title='bbox 240 3838 313 3890; x_wconf 91' lang='lat' dir='ltr'><strong>aliud</strong></span> <span class='ocrx_word' id='word_1_342' title='bbox 333 3841 395 3908; x_wconf 91' lang='lat' dir='ltr'><strong>quid</strong></span> <span class='ocrx_word' id='word_1_343' title='bbox 414 3842 541 3894; x_wconf 89' lang='lat' dir='ltr'><strong>bellicum</strong></span> <span class='ocrx_word' id='word_1_344' title='bbox 561 3852 606 3895; x_wconf 87' lang='lat' dir='ltr'><strong><em>aut</em></strong></span> <span class='ocrx_word' id='word_1_345' title='bbox 625 3844 705 3896; x_wconf 92' lang='lat' dir='ltr'><strong>civile</strong></span> <span class='ocrx_word' id='word_1_346' title='bbox 724 3853 799 3895; x_wconf 88' lang='lat' dir='ltr'><strong>recte</strong></span> <span class='ocrx_word' id='word_1_347' title='bbox 820 3852 847 3894; x_wconf 87' lang='lat' dir='ltr'><strong>et</strong></span> <span class='ocrx_word' id='word_1_348' title='bbox 867 3844 970 3895; x_wconf 86' lang='lat' dir='ltr'><strong>fortiter</strong></span> <span class='ocrx_word' id='word_1_349' title='bbox 989 3859 1081 3911; x_wconf 57' lang='lat' dir='ltr'><strong>agene</strong></span> <span class='ocrx_word' id='word_1_350' title='bbox 1100 3844 1128 3893; x_wconf 88' lang='lat' dir='ltr'><strong>in</strong></span> <span class='ocrx_word' id='word_1_351' title='bbox 1148 3858 1243 3911; x_wconf 85' lang='lat' dir='ltr'><strong>magna</strong></span> <span class='ocrx_word' id='word_1_352' title='bbox 1262 3843 1337 3909; x_wconf 88' lang='lat' dir='ltr'><strong>peri-</strong></span> 
     </span>
     <span class='ocr_line' id='line_1_40' title="bbox 240 3909 1338 3982; baseline 0.002 -22"><span class='ocrx_word' id='word_1_353' title='bbox 240 3909 301 3961; x_wconf 88' lang='lat' dir='ltr'><strong>cula</strong></span> <span class='ocrx_word' id='word_1_354' title='bbox 322 3911 502 3963; x_wconf 88' lang='lat' dir='ltr'><strong>admirabilem</strong></span> <span class='ocrx_word' id='word_1_355' title='bbox 521 3915 621 3981; x_wconf 82' lang='lat' dir='ltr'><strong>deiecit</strong></span> <span class='ocrx_word' id='word_1_356' title='bbox 646 3916 747 3966; x_wconf 90' lang='lat' dir='ltr'><strong>urbem</strong></span> <span class='ocrx_word' id='word_1_357' title='bbox 790 3916 1011 3982; x_wconf 86' lang='lat' dir='ltr'><strong>praeterveniens</strong></span> <span class='ocrx_word' id='word_1_358' title='bbox 1038 3917 1107 3967; x_wconf 88' lang='lat' dir='ltr'><strong>enim</strong></span> <span class='ocrx_word' id='word_1_359' title='bbox 1132 3914 1250 3967; x_wconf 91' lang='lat' dir='ltr'><strong>sultauus</strong></span> <span class='ocrx_word' id='word_1_360' title='bbox 1275 3914 1338 3964; x_wconf 92' lang='lat' dir='ltr'><strong>inde</strong></span> 
     </span>
     <span class='ocr_line' id='line_1_41' title="bbox 239 3983 1338 4056; baseline 0.003 -24"><span class='ocrx_word' id='word_1_361' title='bbox 239 3989 296 4035; x_wconf 86' lang='lat' dir='ltr'><strong>toto</strong></span> <span class='ocrx_word' id='word_1_362' title='bbox 317 3984 436 4038; x_wconf 80' lang='lat' dir='ltr'><strong>exercitu</strong></span> <span class='ocrx_word' id='word_1_363' title='bbox 455 3983 521 4051; x_wconf 90' lang='lat' dir='ltr'><strong>(boc</strong></span> <span class='ocrx_word' id='word_1_364' title='bbox 547 3987 616 4036; x_wconf 90' lang='lat' dir='ltr'><strong>enim</strong></span> <span class='ocrx_word' id='word_1_365' title='bbox 643 3995 698 4037; x_wconf 88' lang='lat' dir='ltr'><strong>erat</strong></span> <span class='ocrx_word' id='word_1_366' title='bbox 721 4001 819 4038; x_wconf 87' lang='lat' dir='ltr'><strong>nomen</strong></span> <span class='ocrx_word' id='word_1_367' title='bbox 844 3987 935 4037; x_wconf 89' lang='lat' dir='ltr'><strong>horum</strong></span> <span class='ocrx_word' id='word_1_368' title='bbox 957 3987 1085 4056; x_wconf 87' lang='lat' dir='ltr'><strong>principi)</strong></span> <span class='ocrx_word' id='word_1_369' title='bbox 1106 3985 1140 4038; x_wconf 87' lang='lat' dir='ltr'><strong><em>ab</em></strong></span> <span class='ocrx_word' id='word_1_370' title='bbox 1160 4001 1192 4037; x_wconf 93' lang='lat' dir='ltr'><strong>eo</strong></span> <span class='ocrx_word' id='word_1_371' title='bbox 1211 3993 1238 4037; x_wconf 88' lang='lat' dir='ltr'><strong>et</strong></span> <span class='ocrx_word' id='word_1_372' title='bbox 1257 3999 1338 4052; x_wconf 86' lang='lat' dir='ltr'><strong>prae-</strong></span> 
     </span>
     <span class='ocr_line' id='line_1_42' title="bbox 239 4055 1337 4122; baseline -0.003 -12"><span class='ocrx_word' id='word_1_373' title='bbox 239 4061 315 4110; x_wconf 82' lang='lat' dir='ltr'><strong>terea</strong></span> <span class='ocrx_word' id='word_1_374' title='bbox 333 4055 415 4108; x_wconf 82' lang='lat' dir='ltr'><strong>misso</strong></span> <span class='ocrx_word' id='word_1_375' title='bbox 433 4055 509 4122; x_wconf 83' lang='lat' dir='ltr'><strong>regio</strong></span> <span class='ocrx_word' id='word_1_376' title='bbox 529 4070 608 4109; x_wconf 86' lang='lat' dir='ltr'><strong>servo</strong></span> <span class='ocrx_word' id='word_1_377' title='bbox 627 4057 702 4110; x_wconf 89' lang='lat' dir='ltr'><strong>nulla</strong></span> <span class='ocrx_word' id='word_1_378' title='bbox 721 4059 882 4112; x_wconf 86' lang='lat' dir='ltr'><strong>necessitate</strong></span> <span class='ocrx_word' id='word_1_379' title='bbox 902 4065 994 4108; x_wconf 85' lang='lat' dir='ltr'><strong>contra</strong></span> <span class='ocrx_word' id='word_1_380' title='bbox 1012 4057 1092 4108; x_wconf 89' lang='lat' dir='ltr'><strong>talem</strong></span> <span class='ocrx_word' id='word_1_381' title='bbox 1113 4057 1206 4109; x_wconf 90' lang='lat' dir='ltr'><strong>urbem</strong></span> <span class='ocrx_word' id='word_1_382' title='bbox 1224 4057 1257 4110; x_wconf 85' lang='lat' dir='ltr'><strong><em>ad</em></strong></span> <span class='ocrx_word' id='word_1_383' title='bbox 1275 4055 1337 4108; x_wconf 86' lang='lat' dir='ltr'><strong>bel-</strong></span> 
     </span>
    </p>
   </div>
   <div class='ocr_carea' id='block_1_4' title="bbox 0 0 1455 4734">
    <p class='ocr_par' dir='ltr' id='par_1_4' title="bbox 0 0 1455 4734">
     <span class='ocr_line' id='line_1_43' title="bbox 0 0 1455 4734; baseline 0 0"><span class='ocrx_word' id='word_1_384' title='bbox 0 0 1455 4734; x_wconf 95' lang='lat' dir='ltr'><strong><em> </em></strong></span> 
     </span>
    </p>
   </div>
  </div>
 </body>
</html>
