2875 4734
492 265 496 274 '
549 260 761 327 utmorem.
1142 248 1216 331 253

121 425 203 509 λαιῇ
230 425 285 487 καί
311 426 438 506 δεσμοῖς
474 425 528 490 διά
548 426 582 492 τὸ
611 430 666 493 καί
684 428 744 513 πρὸ
776 427 903 513 ἡμερῶν
934 431 1029 492 τινοῖν
1049 428 1217 514 δλωθῆυοι

122 525 299 607 φυναδείαν
321 520 468 604 ἑλόμενον
489 530 543 591 snt
563 533 605 617 τῷ
636 528 713 613 πρὸς
741 526 795 594 τάν
819 525 1054 613 Βοταννειάτην
1076 533 1216 611 ου’τομο-

119 626 214 706 λῆσαι
238 626 276 710 τῇ
299 621 423 711 Λάμπη
446 629 692 714 ἐνδιατρίβοντα,
715 626 903 715 ἠναγκάσθη
924 624 1032 693 τάτεό
1055 630 1216 716 βασιλεύς,

119 725 181 787 τῶν
207 721 402 805 πραγμάτων
432 720 537 811 ὥσπερ
571 730 739 814 ῥευμάτων
769 729 951 795 θαλαττίων
982 731 1216 810 ἐπικεχυμένων

63 823 222 910 .5αυ’τῴ,
253 822 373 908 βοηθὸν
404 827 459 893 τάν
490 819 591 912 άνδρα
615 829 669 895 καί
693 831 895 915 συλλήπτορα
918 834 1118 914 προσλαβεῖν.
1162 832 1218 911 τῆς

119 918 177 988 οὖν
199 931 346 1010 φρουράς
367 924 465 993 αάτὸν
485 926 615 1009 έξελιάν,
640 932 694 995 καί
715 938 841 1007 πολλοῖς
869 929 948 1016 πρὸς
972 928 1068 996 αὐτὸν
1091 934 1217 1011 ἐπαγω-

116 1033 183 1107 νθῖς
204 1024 405 1110 wiliielmi
425 1028 556 1116 ῥήμασι,
578 1032 633 1096 καί
654 1035 830 1117 άμνηστίαν
849 1035 913 1096 τάν
932 1035 1092 1117 προτέρων
1115 1055 1216 1095 κατα-

117 1123 287 1205 σκευάσας,
309 1130 364 1189 καί
382 1135 512 1205 πολλοῖς
532 1129 725 1213 δποσχέσεσι
745 1135 800 1195 καί
822 1132 937 1216 δώροις
958 1130 1013 1195 καί
1029 1136 1137 1211 τιμαῖς·
1158 1155 1213 1195 κα.

116 1224 302 1305 ταμαλάξας
322 1225 381 1309 τη“ν
401 1226 514 1292 τούτου
528 1231 664 1313 ψυχήν,
694 1230 750 1295 καί
768 1229 847 1315 πρὸς
868 1225 994 1295 advocas
1014 1234 1216 1310 μεταθέσθαι

69 1350 107 1402 10
117 1327 173 1389 καί
191 1325 296 1390 πίστιν
317 1328 561 1408 παρασκευάσας
579 1330 768 1415 άπόρπητον,
792 1336 836 1406 εἰς
858 1326 916 1414 τήν
937 1330 1016 1397 κατά
1039 1334 1101 1397 τάν
1123 1336 1217 1398 έναν-

115 1431 192 1491 τίων
223 1428 472 1522 ἀντιπαράταξιν
503 1432 714 1516 διηυτρέπισε.
768 1431 822 1495 καί
850 1432 911 1495 άπὸ
937 1434 998 1495 τῶν
1020 1435 1135 1513 τειχῶν
1157 1435 1215 1512 μέν

115 1529 328 1610 διαλεχθῆναι
352 1529 505 1614 πρότερον
538 1541 603 1607 τοῖς
632 1536 764 1597 συνοῦσι
788 1534 945 1616 Φράγγοις
980 1535 1022 1620 τῷ
1051 1536 1215 1620 Βρυεννίῳ

115 1631 300 1710 πεποίηκεν,
321 1630 363 1701 οἱς
386 1630 428 1692 δι’
450 1630 506 1693 οὐκ
527 1628 633 1697 ἔπεισε
652 1629 785 1709 τούτους
809 1631 864 1697 καί
884 1633 1090 1717 προεχοδρουν
1113 1636 1158 1708 εἰς
1175 1630 1213 1697 τά

117 1726 218 1790 ὀπίσω
241 1725 318 1810 πράς
344 1729 384 1791 τά
413 1731 468 1812 τῆς
499 1727 635 1814 ἑσπέρας
656 1731 828 1816 ἑνδέτερα,
864 1728 885 1817 ἥ
907 1756 940 1798 τε
961 1732 1053 1818 φήμη
1077 1732 1216 1818 προσήμ-

70 1826 273 1908 15γειλετόν
302 1833 360 1893 τοῦ
380 1833 557 1912 Βρυεννίου
590 1832 791 1918 αὐτάδελφον
820 1836 1011 1919 άφυλάκτως
1037 1832 1126 1907 έντός
1158 1836 1217 1898 τοῦ

118 1924 254 2008 Ἀθάρος
285 1930 496 2012 έπισκηνοῦν,
527 1929 723 2013 συμβούλιον
753 1934 874 2015 γέγονεν
907 1935 1052 1996 ε’πελθεῖν
1074 1932 1163 2021 αὐτῷ
1184 1934 1217 2009 ἐξ

115 2031 254 2112 ἐφόδου,
276 2033 524 2115 στρατηγοῦντος
551 2034 606 2095 τοῦ
629 2034 787 2115 προέδρου
806 2033 950 2110 Ἀλεξίου
982 2032 1042 2098 σάν
1064 2036 1107 2121 τῷ
1123 2028 1218 2098 Ῥου-

116 2134 232 2216 σελίφ,
264 2128 342 2210 μετά
379 2134 438 2195 τάν
468 2128 502 2194 έν
530 2134 569 2216 τῇ
597 2136 740 2213 βασιλίδι
769 2135 979 2218 στρατιωτιδν.
1023 2122 1134 2215 δρκοις
1160 2125 1219 2195 οὖν

117 2230 385 2315 φρικωδεστάτους
396 2230 434 2294 τά
449 2231 543 2296 πιστά
555 2231 700 2306 δεδωκάς
710 2236 752 2317 τῷ
763 2231 919 2312 βασιλεϊδ
937 2235 1116 2309 Ῥουσέλιος
1130 2233 1163 2295 έν
1177 2234 1220 2319 spi

71 2350 107 2406 20
118 2332 325 2419 πανσεβάσιιρ
348 2334 433 2419 σηκῷ
455 2334 517 2395 τοῖν
533 2334 731 2415 Βλαχερνῶν
753 2332 841 2419 αὕτη]
862 2333 1087 2412 συνδυάσαντι,
1109 2329 1219 2406 νυκτὸς
1232 2351 1251 2404 f,
1266 2352 1318 2407 222
1329 2366 1357 2405 v,

98 2419 233 2515 ’ἐξῆλθε
261 2435 316 2511 τῆς
346 2432 474 2510 πόλεως.
513 2428 654 2497 Ῥωσικά
687 2435 723 2496 δὲ
746 2440 860 2512 πλοῖα,
887 2430 946 2515 τήν
972 2430 1219 2517 sind-dosideum

118 2536 378 2614 παραγγελθέντα
401 2535 557 2618 ἐπίθεσιν,
571 2535 722 2616 σύνθημα
742 2537 904 2616 παρέσχον
925 2540 992 2607 τοῖς
1013 2535 1079 2597 κατ’
1092 2520 1226 2617 ἤπειρον

119 2631 348 2716 στρατιώταις,
381 2636 421 2697 ἵν’
452 2629 668 2719 ὀρθριάτερον
696 2628 764 2714 άμα
796 2638 840 2720 τῷ
860 2634 983 2719 Ἀθάρα
1005 2633 1221 2720 προσβάλωσι,

409 2750 430 2780 Ι

121 2935 270 2986 enimcum
292 2936 320 2985 in
341 2937 460 2988 custodia
479 2944 506 2988 at
526 2935 662 3000 vinculis,
688 2938 750 3003 quia
776 2936 855 2987 etiarn
882 2937 975 2989 diebus
1002 2935 1140 2987 nonnullis
1159 2944 1222 2987 ants

121 3005 304 3071 deprehensus
325 3015 382 3057 erat
402 3008 490 3076 lugam
513 3007 617 3075 eligens
636 3015 665 3057 ut
683 3009 715 3058 ad
725 3007 889 3058 Botaniatam
909 3006 1089 3073 transfugeret
1107 3006 1222 3071 Lampas

119 3085 281 3142 versantem,
302 3087 408 3130 coactus
428 3088 468 3130 est
487 3088 541 3130 tum
555 3095 612 3141 rex,
635 3078 714 3128 rebus
734 3086 857 3144 tanquam
877 3076 1000 3128 fluctibus
1016 3077 1095 3127 maris
1113 3077 1221 3127 irruen.
1285 3083 1288 3089 ’

120 3146 190 3198 tibus
208 3150 237 3198 iu
257 3166 324 3213 cum,
344 3150 516 3201 auxiliantem
534 3152 620 3201 virum
647 3158 674 3199 et
692 3150 794 3201 socium
818 3148 954 3199 adhihere.
1001 3146 1121 3199 custodia
1139 3147 1222 3213 igitur

121 3234 180 3269 eum
201 3222 318 3272 eximens
338 3231 365 3272 et
382 3221 473 3272 multis
489 3237 553 3290 erga
569 3238 629 3271 eum
648 3219 830 3271 allicientibus
850 3235 913 3271 usus
932 3219 1032 3282 verbis,
1054 3226 1080 3269 et
1100 3216 1220 3269 oblivio.

120 3305 180 3340 nem
198 3292 316 3356 priorum
335 3294 477 3344 instituens
497 3292 630 3343 simultis
649 3292 786 3358 promissis
820 3299 846 3341 et
864 3292 940 3343 donis
960 3298 986 3341 et
1005 3288 1150 3359 honoribus
1171 3288 1220 3339 de-

119 3359 238 3413 mulcens
259 3362 337 3413 buius
356 3365 471 3414 animum
497 3371 524 3414 et
544 3367 576 3416 ad
598 3362 816 3414 benevolentiam
843 3370 951 3413 vertere
971 3370 998 3411 ct
1015 3361 1093 3411 fidem
1112 3359 1220 3411 studens

120 3434 308 3484 immutabilem
328 3436 421 3484 ordine
442 3435 644 3485 contrahentes
670 3435 793 3500 opposito
824 3448 883 3483 eum
904 3433 1038 3495 iustruxit,
1060 3438 1086 3481 et
1106 3446 1120 3480 e
1138 3431 1220 3480 muris

120 3502 240 3569 colloqui
261 3510 339 3552 antea
358 3519 415 3552 cum
433 3498 557 3569 Frangis,
580 3506 624 3570 qui
644 3520 702 3554 cum
715 3504 851 3570 Bryennio
872 3511 955 3567 erant,
978 3518 1037 3552 eum
1055 3502 1141 3552 iussit.
1162 3514 1221 3550 cum

120 3582 209 3623 autem
227 3587 281 3621 uon
301 3573 475 3635 persuaderet
492 3573 533 3621 his
555 3582 582 3623 et
605 3576 832 3641 progrederentur
862 3576 893 3625 ad
912 3574 1054 3625 interiores
1075 3570 1221 3622 occidentis

120 3651 211 3710 partes
232 3641 346 3692 etfama
370 3644 522 3711 nuntiaret,
547 3643 678 3706 Bryeunii
699 3646 807 3696 fratrem
827 3643 978 3696 inconsulto
1005 3644 1074 3693 intra
1092 3640 1222 3706 Athyrem

121 3715 234 3776 versari,
254 3712 396 3763 consilium
414 3712 511 3761 lactum
527 3720 566 3761 est
581 3715 755 3779 aggrediendi
770 3731 829 3765 cum
846 3718 957 3781 impetu,
976 3715 1123 3780 imperante
1139 3728 1221 3779 prae-

122 3786 181 3837 side
199 3782 297 3834 Alexio
320 3791 345 3833 ct
365 3781 478 3833 Ruselio
504 3796 563 3830 cum
582 3782 726 3846 militibus,
747 3787 792 3851 qui
817 3787 844 3835 in
864 3786 930 3837 urbe
952 3792 1034 3836 erant.
1072 3784 1221 3836 iuribusiu.

120 3855 210 3906 randis
231 3868 295 3921 ergo
317 3854 483 3921 gravissimis
501 3852 579 3902 iidem
603 3862 741 3920 postquam
767 3855 839 3906 dedit
856 3858 914 3923 regi
933 3855 1057 3909 Ruselius
1076 3854 1221 3920 intemplo

119 3926 330 3978 Blacbemarum
353 3922 466 3975 maxime
494 3921 645 3974 venerabili
671 3940 729 3973 eum
758 3940 791 3974 co
817 3938 961 3991 congresso
990 3936 1071 3979 noctu
1098 3938 1221 3995 egressus

121 4006 162 4049 est
180 3997 261 4047 nrbes
279 3995 379 4046 Rosica
397 4004 484 4046 autem
503 3994 613 4060 navigia
632 3994 790 4043 maritimum
807 3995 932 4058 impetum
949 4000 1099 4050 nuntiantia
1117 3998 1221 4065 signum

75 4083 79 4089 ·
119 4070 300 4134 praebuerunt
313 4067 444 4118 militibus
463 4068 489 4117 in
510 4065 659 4124 continenti
680 4064 840 4126 constitutis,
860 4072 889 4114 ut
906 4082 982 4119 mane
1003 4069 1079 4121 simul
1093 4069 1221 4134 Athyrem

111 4141 341 4207 aggrederentur,
362 4147 442 4206 atque
461 4137 632 4191 includentes
646 4133 827 4187 adversarium
842 4148 900 4186 cum
913 4140 1033 4194 omnibus
1052 4142 1108 4195 suis
1128 4146 1155 4192 et
1171 4138 1221 4190 do-
