2875 4734
581 288 798 361 dimouit·
1160 285 1229 373 llll

132 442 275 517 τάόπίσω
307 450 412 534 φυγήν
445 445 500 515 ότε
531 452 595 515 suiv
615 455 720 517 ἵππων
748 449 845 535 αότοό
878 449 1077 533 κεκμηκότων
1099 448 1154 515 καί
1172 452 1235 515 τῶν

136 555 285 617 ἐναντίων
314 552 353 636 τῇ
385 550 593 634 ἀπονοστήσει
625 549 747 633 θόρσος
770 555 878 641 λαβεῖν
907 552 1105 633 δυναμένων,
1126 544 1235 635 μα’χην

96 674 105 682 ·
135 657 210 716 καθ’
227 647 341 715 ἑαυτόν
361 652 519 735 σορράξαι
539 654 712 734 διέγνωκεν.
738 649 780 727 τός
803 654 838 715 δὲ
861 656 1020 735 προέγνων
1040 649 1069 715 οἱ
1092 653 1234 731 πολέμιοι

133 751 189 833 τήν
211 753 274 818 τῶν
297 752 387 817 ἰδίων
414 751 614 835 κατακοπήν,
647 747 682 817 έν
709 751 799 839 φόβῳ
827 754 880 817 καί
905 752 1047 839 κυδοιμῷ
1077 748 1235 833 γεγονότες

105 867 124 921 5
131 853 251 935 μικροῦ
273 854 407 935 ε’όέησαν
430 854 525 917 αάτοί
546 850 604 936 τήν
620 850 725 937 φυγήν
744 856 926 935 προλαβεῖν,
959 853 989 913 εἰ
1008 847 1052 934 μή
1069 873 1150 927 τινες
1171 851 1235 916 ede

58 948 65 960 ⁸
133 952 295 1035 Φράγγων
317 956 379 1017 τεόν
401 954 505 1017 ἵππων
529 951 719 1033 καταβάντες
743 952 973 1035 ἕψοχαγοόγουν
1002 950 1138 1031 ου’τοός,
1158 952 1263 1039 κήδει,
1282 974 1371 1029 20¹1,⁴

45 1088 49 1091 >
134 1053 261 1117 sedecies
285 1054 423 1139 σχολαίῳ
445 1052 520 1117 ποδί
540 1050 786 1133 παρασόροντες.
832 1048 1080 1135 κατανοήσαντες
1102 1052 1136 1115 δὲ
1160 1044 1234 1115 τοό·

3 1147 12 1167 ‘
132 1173 211 1225 κους
234 1149 446 1236 ἀπειρηκότας
467 1157 510 1239 τῷ
532 1152 616 1241 κόπιρ
631 1148 766 1234 ἔστησαν
784 1151 837 1215 tui
853 1152 887 1215 τό
905 1147 992 1215 αότό.
1014 1154 1071 1215 τοῦ
1091 1153 1125 1215 δέ
1142 1151 1235 1215 Ῥου-

133 1252 241 1317 σελίου
262 1251 344 1334 μετὰ
368 1256 431 1317 τῶν
455 1252 535 1337 ἀμφ’
569 1251 667 1316 αότόν
690 1249 730 1315 τὰ
755 1252 874 1334 δόρατα
904 1250 1026 1329 τούτοις
1047 1249 1127 1333 μετά
1151 1276 1235 1339 σφο-

89 1355 212 1434 1οδρᾶς
240 1356 297 1436 τῆς
321 1349 430 1455 βόμης
462 1355 735 1436 έπιστηρίξαντος,
763 1352 914 1435 ἀντέσχον
942 1356 1001 1434 μὲν
1024 1350 1054 1417 οἱ
1086 1356 1234 1439 Τοόρκοιρ

132 1452 245 1521 ἔπεσον
268 1457 303 1519 δέ
323 1458 378 1519 καί
398 1454 467 1519 τότε
483 1453 602 1519 τοότων
623 1452 746 1536 συχνοί.
793 1450 1078 1541 περικυκλωσαντες
1105 1458 1139 1522 δὲ
1165 1456 1235 1521 όλί-
1321 1494 1347 1540 ,¹

134 1579 210 1638 γους
234 1547 329 1632 όντας
351 1553 429 1629 τοός
453 1554 543 1639 ἀμφί
561 1552 616 1619 τόν
635 1554 815 1621 Ῥονσὲλιον
847 1558 991 1623 τοσοῦτοι
1015 1555 1071 1623 καί
1090 1560 1240 1641 reterri:
1408 1544 1412 1551 ¹

134 1678 183 1720 τοι
206 1653 241 1720 τό
268 1659 388 1739 πλῆθος
419 1648 504 1730 ὄντες
535 1654 565 1721 οἱ
589 1658 735 1743 Τοόρκοι,
764 1660 870 1737 βέλεσι
891 1654 1095 1741 συχνοτοὶτοις
1116 1654 1236 1745 ου’τοός

133 1760 400 1838 κατετίτρωσκον,
435 1766 500 1831 τοῖς
531 1751 690 1841 ἑκηβόλοις
719 1755 817 1837 τόξοις
845 1759 898 1822 ἀεί
926 1763 1124 1845 κεχρημένοι.
1182 1756 1236 1824 καί

89 1878 124 1931 15
133 1855 207 1931 τοός
228 1859 344 1933 ἵππους
364 1854 398 1920 ἐκ
419 1854 538 1921 τούτων
569 1859 768 1943 ἀσυμφανιός
790 1853 1077 1943 κατασφάττοντες,
1101 1862 1155 1924 καί
1180 1854 1233 1925 tari

135 1960 259 2022 πολλῶν
281 1960 399 2042 χειροῖν
420 1962 475 2021 καί
492 1957 746 2041 βελόντοότους
766 1960 800 2022 ἐν
816 1954 917 2045 uturp
938 1958 1139 2045 περισχόντες
1163 1958 1234 2029 ‹idr-

133 2054 286 2146 εξοόεότηι
316 2063 372 2125 καί
392 2066 563 2139 παναλκεῖ,
593 2054 707 2137 πεζοός
738 2060 777 2145 τῇ
800 2061 863 2123 τοόν
897 2058 1000 2125 ἵππων
1021 2062 1128 2147 σφαγῇ
1147 2082 1235 2127 κατε·

136 2156 305 2241 στήσαντο.
347 2160 403 2223 καί
425 2154 510 2225 οὕτω
543 2157 654 2223 πολλοί
671 2162 732 2239 μὲν
753 2159 814 2223 τῶν
840 2156 999 2242 Φρόγγων
1023 2160 1102 2240 μετά
1130 2158 1235 2239 Τοόρ-

137 2282 199 2321 κων
220 2258 373 2324 πλειόνων
393 2263 564 2344 τηνικαῦτα
589 2258 742 2333 θανόντες
763 2263 948 2339 κατέπεσον,
972 2255 1037 2341 ήλω
1061 2261 1095 2323 δέ
1119 2261 1255 2347 ζωγριρι“

89 2380 126 2435 20
137 2355 156 2421 ό
169 2383 203 2424 τε
216 2362 344 2443 Καῖσαρ
367 2361 423 2425 καί
443 2360 663 2434 όῬουσέλιας.
686 2356 715 2425 οἱ
738 2362 766 2423 d'
782 2358 1027 2444 ὑπολειφθέντες
1050 2365 1111 2428 ταῖν
1124 2360 1237 2445 ‹1³de-

133 2485 199 2543 γων
218 2463 263 2534 εἰς
284 2459 318 2526 τό
341 2465 397 2543 τῆς
420 2464 611 2543 Μεταβολής
634 2461 791 2546 φρούριον
812 2454 1044 2547 συμφυγόντες,
1078 2457 1160 2527 ἔνθα
1176 2484 1234 2547 περ

135 2560 156 2645 ή
181 2559 257 2647 γυνή
281 2564 338 2627 τοῦ
356 2561 536 2627 Ῥουσελίου
558 2561 723 2645 ε’τόγχανε,
747 2564 967 2647 όίάκριβείας
990 2564 1156 2629 έποιοόντο
1177 2561 1235 2645 τήν
1308 2624 1313 2631 .

65 2691 69 2696 ·
132 2661 248 2733 »τούτου
268 2662 417 2749 φυλακήν
439 2662 493 2727 καί
514 2662 721 2749 συντήρησιν.
764 2662 793 2727 οἱ
813 2665 847 2727 δὲ
874 2664 1009 2749 Τοόρκοι
1030 2660 1087 2733 τόν
1102 2656 1235 2735 ‘Peene'-

2 2802 11 2814 -
92 2803 97 2809 -
137 2768 205 2827 λιον
227 2764 261 2828 ἐν
283 2760 440 2852 ποδοκόκη
460 2763 609 2847 βαλόντες
632 2764 827 2855 ἰσχυροτάτη
857 2764 1012 2852 ἀσφαλῶς
1032 2762 1235 2850 συνετήρονν,

137 3064 252 3121 pugnam
280 3052 338 3119 ipse
366 3066 510 3106 conserere
535 3043 639 3104 ‘statuit
684 3050 731 3101 sed
750 3047 856 3113 hostes,
886 3063 944 3101 eum
962 3048 1110 3103 sensissent
1128 3061 1234 3103 suorum
1296 3056 1299 3061 ’

131 3124 249 3189 cladem,
268 3128 365 3176 timore
385 3133 412 3175 et
431 3123 609 3189 trepidatione
627 3119 710 3185 pleni,
729 3133 789 3180 uon,
802 3118 912 3170 multum
926 3118 1077 3183 abfuerunt,
1097 3120 1160 3187 quin
1182 3121 1234 3187 ipsi
1327 3159 1330 3170 s

136 3195 225 3263 fugem
246 3195 388 3265 eligerent,
406 3196 459 3245 uisi
477 3190 601 3242 ucunulli
616 3190 710 3242 Franci
731 3192 806 3257 equis
824 3191 1017 3243 descendentes
1036 3191 1147 3242 animam
1166 3206 1233 3259 age.

133 3275 205 3330 rent,
225 3282 271 3318 eos
290 3268 343 3319 lruc
361 3264 429 3316 illuc
447 3264 525 3329 pigre
544 3262 613 3327 pede
631 3261 777 3313 trahentes.
822 3262 1063 3315 animadvertentes
1082 3263 1165 3331 igitur
1184 3262 1233 3316 boa

135 3353 196 3390 esse
223 3340 361 3390 conlectos
389 3343 513 3400 torpere,
538 3333 693 3384 restiterunt
717 3333 750 3384 ad
773 3334 808 3384 id.
852 3334 963 3387 Ruselio
982 3342 1070 3386 autem
1096 3336 1233 3387 eumenis

135 3409 223 3463 hastas
255 3409 296 3460 bis
327 3405 480 3458 vehementi
506 3420 564 3455 cum
596 3405 695 3470 impetu
721 3404 892 3470 obtrudente,
917 3406 1100 3459 sustinuerunt
1127 3406 1233 3474 quidem

134 3480 235 3532 'lurcae
255 3496 327 3541 eum,
354 3476 401 3531 sed
419 3476 574 3528 ceciderunt
591 3476 670 3527 etiam
688 3484 751 3527 tunc
781 3476 874 3528 horum
892 3476 977 3529 multi.
1016 3478 1155 3542 cingentes
1174 3475 1232 3526 liu.

133 3551 198 3604 celii
220 3552 341 3613 comites,
363 3548 409 3615 qui
429 3550 507 3615 pauci
527 3554 610 3610 eraut,
629 3555 669 3598 tot
687 3546 811 3615 talesque
829 3547 998 3601 multitudiue
1017 3546 1117 3598 Turcae
1136 3545 1233 3597 iaculis

3 3631 6 3640 “
102 3669 105 3676 ,
134 3620 319 3689 frequentibus
348 3634 395 3673 eos
424 3618 614 3681 vulnerabant,
634 3618 746 3671 arcubus
777 3621 878 3673 eminus
902 3632 1007 3683 semper
1026 3618 1082 3681 usi,
1103 3625 1130 3667 et
1148 3630 1233 3684 equos

134 3691 232 3744 deiude
259 3692 356 3758 passim
380 3692 543 3744 trucidantes
568 3698 595 3740 et
622 3689 712 3741 multis
740 3690 860 3741 inanibus
887 3697 913 3740 et
937 3686 1032 3739 iaculis
1057 3686 1106 3741 bos
1121 3686 1232 3759 ¹circulo

134 3763 330 3815 circumdantes
359 3777 496 3830 egressum
524 3777 578 3813 neu
605 3761 683 3813 dante
710 3760 854 3827 validoque
880 3759 984 3825 pedites
1004 3768 1131 3826 equorum
1151 3759 1233 3811 caede

131 3835 323 3887 reddiderunt:
344 3842 423 3901 atque
441 3835 479 3886 ita
498 3832 573 3884 multi
593 3832 687 3883 Franci
712 3848 771 3883 cum
791 3832 880 3885 Tuccia
900 3829 1020 3896 pluribus
1040 3837 1094 3883 tum
1111 3831 1235 3882 morien.

133 3914 175 3959 tes
196 3906 367 3957 ceciderunt:
388 3913 535 3973 captusque
555 3911 596 3954 est
614 3905 693 3956 vivus
712 3911 739 3954 et
750 3902 848 3955 Caesar
869 3908 896 3953 et
915 3900 1055 3967 lluselius,
1073 3902 1162 3955 relicti
1182 3916 1231 3953 au-

132 3986 187 4029 tern
206 3977 301 4029 Franci
321 3978 349 4027 iu
368 3976 507 4028 castellum
517 3974 663 4029 dietabcles
683 3974 880 4041 confugientes,
901 3972 945 4025 ubi
959 3988 1026 4025 uxor
1043 3973 1147 4027 Ruselii
1166 3987 1231 4023 ver.

134 4049 256 4113 saburur,
281 4056 404 4099 accurate
428 4048 589 4100 exercebant
613 4047 670 4098 eius
698 4045 858 4113 praesidium
885 4052 913 4097 ct
931 4046 1085 4101 custodiam.
1132 4042 1231 4093 Tuscae

131 4130 221 4174 autem
238 4120 377 4174 lluselium
400 4121 428 4170 in
454 4118 594 4186 compedes
619 4118 794 4171 coniicientes
819 4116 980 4169 firmissimas
1012 4124 1068 4168 tuto
1095 4114 1231 4167 custodie.
1301 4172 1303 4177 Ι
1352 4175 1355 4185 f

132 4192 205 4265 beat,
223 4194 271 4247 red
289 4192 431 4247 censerem
459 4191 563 4243 bonore
589 4190 740 4245 afficientes
767 4188 885 4244 'vinealis
910 4186 1026 4243 solutum
1053 4184 1186 4241 habebant
1203 4191 1232 4238 et
