2875 4734
449 216 759 339 ⁴¹ssrnronn.
977 244 980 253 ⁴
1106 256 1191 347 'tta

93 433 260 515 μέλλοντα,
295 435 479 518 περιφανῶς
506 429 768 517 τροπωσάμτνος,
803 435 857 499 καί
887 430 943 518 τήν
965 430 1055 501 πόλιν
1075 435 1194 501 ἐκείνου

94 531 147 616 τήν
166 530 378 617 Καρχηδόνα,
405 533 545 616 μεγάλην
574 535 628 595 καί
659 530 916 616 πολύανθρωπον
938 537 993 599 καί
1015 535 1195 619 ἀνθρώποις

93 637 298 719 νομιζομένην
319 635 487 710 άνάλωτον,
507 625 608 718 άρδην
621 634 931 719 καταστρεψάμενος,
953 629 1024 721 ἥτις
1039 638 1094 701 καί
1113 639 1196 721 Ἀφ-

64 755 69 775 '
94 733 162 821 ρική
185 731 437 815 κατωνόμασται.
482 729 516 811 ὃς
538 738 593 818 τής
618 735 768 821 τοιαύτης
790 736 910 813 πόλεως
936 742 1195 822 καταστρεφομέ·

70 844 145 921 ὁνης
165 832 254 920 παρά
286 836 348 900 τάν
379 836 459 921 άμφ’
483 831 585 899 αύτάν
606 836 646 899 ού
667 832 765 916 μόνον
796 834 839 921 μή
864 840 1045 922 ἐπαρθῆναι
1066 838 1105 926 τῇ
1127 838 1195 925 νίκη

93 938 226 1019 λέγεται,
249 933 328 999 άλλά
347 932 402 999 καί
423 935 569 1018 δακρύων
589 938 753 1018 πληροόσαι
777 937 851 1015 τούς
867 938 1076 1024 ὀφθαλμούς,
1100 935 1197 1001 ένθν-

92 1038 247 1120 μηθέντος
266 1032 302 1098 τό
321 1030 488 1117 Ὁμηρικόν
510 1038 609 1099 έκεῖνο
629 1033 703 1111 ἔπος
732 1041 786 1101 καί
804 1036 930 1127 γλοόσση
948 1043 1139 1123 περιλαλείν,
1160 1037 1194 1103 τό

88 1132 237 1201 “iuuaret
262 1128 347 1218 ἦμαρ
372 1127 445 1199 όταν
468 1142 534 1198 ποτ’
556 1134 659 1223 ύλοόλη
677 1130 772 1212 Ἴλιος
795 1137 872 1222 ἱρή”
895 1135 949 1201 καί
972 1136 1012 1203 τόι
1035 1132 1121 1221 έξής·
1142 1134 1198 1201 καί

92 1234 328 1320 διερωτώμενος
351 1235 412 1299 ’τοῦ
443 1232 542 1318 χάριν
574 1236 664 1301 τοῦτο
692 1243 800 1319 λαλεῖ,
829 1237 1018 1321 άπεκρίνατο
1041 1238 1085 1313 σός
1105 1234 1196 1303 ἔσται

55 1333 201 1419 λδκαιρός
222 1358 298 1402 ποτε
324 1331 400 1401 όταν
420 1333 497 1409 ἴσως
519 1339 575 1399 καί
604 1336 760 1420 ή-πατρίς
789 1337 878 1421 ἡμῶν
899 1344 1082 1421 πολιορκίας
1105 1360 1197 1419 περι-

92 1441 171 1525 πέσῃ
196 1440 319 1511 δεινοῖς.
364 1430 466 1511 αύτούς
488 1434 517 1501 οἱ
538 1437 671 1502 παλαιοί
690 1437 861 1523 στρατηγοί
880 1435 936 1514 τάς
953 1441 1010 1502 τού
1030 1442 1196 1520 μέλλοντος

92 1538 285 1619 εὐλαβοῦντο
319 1534 435 1621 τύχας,
466 1540 521 1602 καί
553 1536 709 1624 τοσαύτην
738 1544 893 1623 φροντίδα
921 1537 1003 1621 ύπὲρ
1029 1541 1084 1622 τῆς
1105 1538 1197 1623 σφόν

92 1639 244 1724 πατρίδος
275 1636 428 1704 έτίθεντο.
486 1642 520 1704 ἐκ
547 1637 690 1724 τούτων,
725 1642 787 1705 τοῖν
812 1642 944 1722 Φαβίων
982 1644 1082 1724 φημί,
1104 1631 1196 1703 καίό

88 1737 267 1814 Ἀσιατικός
293 1742 439 1823 Σκηπίων
459 1740 621 1825 άνέθηλεν,
643 1740 713 1805 έπεί
728 1745 782 1805 καί
798 1738 940 1826 άδελφός
959 1742 1016 1804 τοῦ
1036 1738 1196 1824 Ἀφρικα-

54 1844 147 1904 λῡνού
173 1837 291 1924 ε’κλήθη
325 1842 361 1905 δὲ
390 1834 592 1921 Ἀσιατικός,
621 1835 671 1904 ότι
701 1864 766 1923 περΙ
790 1840 835 1915 εἰς
862 1838 918 1922 τήν
943 1840 1054 1905 Ἀσίαν
1085 1843 1119 1902 ἐκ
1141 1828 1213 1923 τῆς

92 1938 248 2026 Εύροάπης
271 1939 520 2024 διαπεραιωθείς
552 1938 633 2021 μετά
667 1938 830 2023 δυνάμεως
854 1943 987 2024 μετρίας
1012 1937 1198 2021 Ῥωμαϊκῆς

89 2040 248 2122 Ἀντιόχόν
271 2039 462 2105 ἐκεῖνοντὸν
484 2037 692 2126 ἐπικληθέντα
714 2043 856 2127 ἐπιφανῆ
874 2036 1083 2124 μοριάνδροις
1097 2062 1197 2119 στρα-

91 2131 174 2218 τιαῖς
194 2145 459 2227 γεγανρωμένον,
480 2147 631 2225 γενναίως
654 2149 904 2225 κατηγωνίσατο,
929 2144 985 2205 καί
1012 2143 1067 2223 τῆς
1088 2141 1196 2217 Ἀσίας

91 2241 193 2328 πάσης
212 2242 386 2329 ῥωμαλέος
413 2248 653 2327 κατεκορίεοσε,
682 2245 738 2307 καί
767 2232 966 2309 ὑπόσπονδον
992 2244 1106 2307 τοῦτον
1133 2247 1199 2315 τοῖς

50 2341 266 2425 νοῬωμοίοις
297 2346 465 2428 πεποίηκε,
495 2346 550 2408 καί
577 2346 735 2427 θρίαμβον
756 2346 789 2408 ἐν
821 2348 858 2432 τῇ
878 2343 991 2431 Ῥύμῃ
1014 2342 1197 2424 κατήνεγκεν

8 2508 10 2512 ,
93 2446 254 2508 ἐπινίκιον.
299 2442 333 2508 ἐκ
355 2442 477 2510 τούτων
499 2446 515 2510 ό
537 2447 689 2525 Αἰμίλιος
704 2447 850 2527 Παῦλος,
872 2439 906 2521 ὃς
928 2440 980 2509 τόν
1000 2438 1200 2510 Μακεδόνων

92 2548 229 2623 βασιλέα
251 2548 384 2629 Περσέα
408 2544 610 2630 καλούμενον,
640 2547 792 2629 άπόγονον
814 2550 849 2611 δὲ
870 2548 927 2611 τού
949 2544 1088 2629 μεγάλου
1110 2544 1201 2608 Ἀλε-

94 2641 232 2731 ξάνδρου
252 2644 466 2731 τυγχάνοντα,
497 2651 624 2736 πολέμῳ
648 2646 779 2732 νικήσας
804 2650 845 2711 δι’
869 2647 995 2733 ἦμεράν
1016 2642 1114 2711 εἴκοσι
1135 2652 1201 2723 τοῖς

91 2743 260 2831 Ῥωμαίοις
288 2748 474 2835 άποχείριον
506 2747 568 2835 σύν
595 2750 725 2835 γυναιξί
755 2749 810 2816 καί
828 2753 945 2827 τέκνοις
966 2749 1121 2830 tiridatis,
1142 2744 1199 2815 καί

95 3040 176 3094 nibus
195 3043 279 3094 visam
297 3025 543 3115 inexpugnabilem,
564 3013 682 3097 iunditus
703 3045 811 3108 euertit,
832 3059 900 3112 quae
926 3044 1004 3094 etiam
1028 3042 1121 3096 Africa
1149 3056 1201 3094 vo.

98 3122 158 3166 cata
178 3122 234 3166 est:
255 3118 300 3184 qui
320 3119 426 3187 quidem
445 3117 493 3166 tali
511 3116 612 3165 urbea
638 3116 692 3168 suis
719 3130 815 3166 eversa
842 3127 896 3164 uon
926 3112 1012 3165 solum
1035 3127 1089 3164 noa
1116 3111 1201 3167 elatus

97 3201 159 3239 esse
179 3188 294 3239 victoria
313 3190 419 3250 dicitur,
440 3185 488 3237 sed
508 3185 693 3237 etiam'dendo
713 3184 841 3253 implesse
861 3184 970 3248 oculos,
983 3200 1041 3236 cunr
1052 3184 1139 3237 animo
1154 3202 1201 3237 re.

95 3265 207 3323 putaret
224 3260 333 3311 Homeri
352 3256 427 3308 iilam
445 3268 551 3319 uocem,
572 3266 601 3308 et
616 3257 708 3325 lingua
735 3259 923 3323 pronuntiasse
942 3257 1008 3309 hoc:
1029 3258 1098 3324 „erit
1125 3257 1200 3323 dies,
1279 3270 1281 3277 ⁴

95 3328 202 3396 quaudo
223 3332 366 3401 interitura
386 3330 422 3378 sit
439 3328 516 3379 Troia
535 3336 626 3379 sacra“
651 3337 677 3379 et
698 3344 767 3398 quae
786 3337 943 3397 sequuntur,
964 3336 990 3381 et
1007 3328 1200 3399 iuterrogatus,

96 3416 145 3451 cur
165 3398 217 3450 boc
239 3402 350 3463 diceret,
370 3398 523 3464 respondit:
544 3401 613 3464 „erit
623 3407 727 3468 tempus
741 3400 894 3468 aliquando,
915 3416 973 3452 cum
988 3401 1101 3453 fortasse
1121 3403 1206 3451 etiarn‘

94 3473 183 3538 patria
194 3480 286 3523 nostra
302 3472 330 3520 in
344 3470 552 3537 oppugnationis
570 3470 671 3522 incidat
685 3474 814 3540 pericula.
835 3476 872 3524 ita
891 3480 998 3524 veteres
1018 3473 1099 3523 duces
1118 3469 1200 3522 futuri

95 3543 225 3607 temporis
245 3540 376 3591 cavebant
395 3541 514 3592 fortunas
529 3548 555 3591 ct
571 3549 668 3593 tantam
682 3544 889 3596 sollicitudinem
903 3544 1006 3611 patriae
1020 3558 1084 3595 suae
1107 3543 1200 3591 conci.

94 3612 215 3679 piebant.
255 3612 358 3676 erbis,
378 3612 477 3663 Fabios
496 3613 567 3676 dico,
594 3614 672 3664 etiam
691 3615 782 3681 Scipio
802 3616 936 3667 Asiaticus
956 3612 1083 3675 effloruit,
1103 3613 1201 3679 quippe

94 3685 144 3753 qui
158 3690 231 3734 esset
241 3683 322 3734 irater
331 3683 468 3738 Africani:
487 3691 598 3735 vocatus
612 3693 699 3736 autem
719 3692 761 3737 est
775 3686 919 3748 Asiaticus,
939 3685 1001 3751 quia
1019 3685 1047 3734 iu
1064 3683 1155 3736 Asiam
1169 3701 1203 3735 ex

94 3755 204 3823 Epropa
215 3763 399 3822 transgressus
411 3771 469 3805 cum
483 3771 561 3806 manu
574 3757 677 3807 modico
687 3757 805 3808 Romana
816 3754 976 3808 Antiochum
988 3754 1073 3819 iilum,
1086 3757 1131 3823 qui
1149 3770 1202 3807 vo.

94 3826 206 3877 cubator
225 3825 387 3892 Epiphanes,
409 3827 561 3894 ingentibus
581 3828 743 3879 exercitibus
773 3828 880 3889 elatum,
899 3826 1026 3877 nobiliter
1046 3827 1155 3889 devicit,
1176 3834 1202 3876 et

94 3898 160 3950 Asia
185 3904 241 3947 tota
270 3899 375 3948 fortiter
401 3899 524 3963 superior
543 3899 594 3947 suit
625 3908 651 3948 ot
670 3900 818 3952 subiectum
838 3898 908 3947 hunc
929 3896 1054 3950 Romanis
1074 3898 1155 3959 iecit,
1176 3905 1202 3945 et

94 3969 257 4035 triumphum
271 3970 401 4021 victoriae
410 3969 511 4020 Romae
523 3971 588 4037 egit.
611 3986 645 4019 cx
657 3970 697 4021 his
708 3968 839 4021 Aemilius
851 3967 958 4033 Paulus,
975 3974 1019 4039 qui
1030 3971 1202 4023 Macedonum

93 4055 185 4107 regent
198 4040 336 4103 Perseum,
356 4040 495 4091 oriundum
516 4058 531 4093 a
548 4054 644 4108 magno
660 4041 824 4105 Alexandro,
843 4040 918 4093 bello
941 4044 1088 4095 devincens
1109 4037 1202 4089 diebus

93 4112 194 4176 ripiuti
213 4113 339 4165 Romanis
358 4110 506 4163 subiectum
532 4128 590 4163 curu
609 4112 737 4167 uxoribus
768 4119 795 4164 et
814 4112 908 4166 liberis
927 4114 1040 4165 reddidit
1059 4118 1087 4161 et
1105 4109 1201 4163 Persa.

93 4194 154 4233 rum
174 4184 281 4239 divitias
300 4182 363 4237 iude
382 4183 528 4238 conterens
547 4199 581 4235 ue
592 4183 717 4252 poculum
738 4183 967 4253 quidemaureum
984 4180 1029 4235 vel
1049 4187 1203 4249 argenteum
