2875 4734
233 191 284 268 ιε’
525 193 742 262 urcnnnms
774 188 1033 274 amariores

233 338 491 425 συνανελθόντων
528 356 624 442 τούτῳ
663 357 708 429 είς
738 354 777 419 τό
814 355 972 435 ἀνάκτορα
999 350 1053 416 καί
1082 351 1339 434 συμβασιλεύειν

232 461 453 542 γεγενημένων,
476 449 520 522 ὧν
543 458 578 520 δὲ
599 455 678 537 μετὰ
700 454 758 539 ιη’,ν
779 455 946 536 βασιλείαν
964 456 1178 537 γεννηθέντων
1199 450 1255 515 καί
1273 453 1335 515 αδ.

232 557 379 642 τόχρημα
402 560 558 638 βασιλέων
572 556 836 637 ,α’ναδειχθὲντων
850 557 906 619 καί
924 556 963 643 τῇ
980 556 1157 640 πορφυρίδι
1178 550 1257 617 κατὰ
1280 551 1338 616 τόν

196 725 200 730 ,
232 661 295 723 τεόν
312 653 478 739 Ῥωμαίων
499 653 634 737 έθισμόν
658 658 950 737 συναναδοθὲντων,
972 658 1028 719 καί
1049 656 1105 718 τοῦ
1126 655 1181 737 τῆς
1201 648 1338 735 Artyni-

233 781 306 843 στης
329 761 363 822 έν
387 759 557 844 έαριζοόση
586 759 626 844 τῇ
658 755 762 843 ἡλικίᾳ
791 749 926 838 ἄνθους,
956 757 994 818 οδ
1027 750 1127 827 πολδς
1149 753 1237 834 λόγος
1257 752 1362 817 οόδέο

231 857 411 941 παράθεσις
430 856 511 938 πρός
537 855 595 941 τὴν
617 859 679 920 τεόν
701 855 923 934 ἀντικειμένων
953 853 1088 920 τουτωνί
1106 849 1256 934 ἅμιλλαν.
1298 852 1335 918 τὸ

232 961 268 1023 δέ
289 959 335 1034 εἰς
356 955 460 1022 κοινόν
482 947 555 1040 ἧκον
578 950 690 1041 όφελος
713 958 894 1032 ἐξεταστέον
919 955 961 1030 ὥς
983 955 1234 1045 προδιείληπτπι.
1277 953 1335 1033 τῆς

231 1056 372 1142 μὲνγὰρ
398 1058 510 1132 κακίας
542 1040 643 1139 ταῦτα
674 1044 833 1138 ε’πίχεῖρο.
877 1055 958 1121 κατὰ
985 1058 1043 1135 μὲν
1062 1051 1122 1135 τήν
1141 1049 1225 1117 ἑιόαυ
1247 1054 1337 1134 έληί-

233 1162 322 1239 ζοντο
345 1155 448 1223 πόντοι
469 1161 522 1222 καί
546 1160 775 1242 διεφθείροντο.
808 1160 847 1242 τῇ
870 1157 906 1219 δὲ
926 1159 988 1220 τῶν
1011 1156 1224 1239 Νεφθαλιτιόν
1249 1148 1337 1217 oir-

228 1283 292 1352 νων
313 1253 381 1343 ἦτοι
396 1261 460 1324 τῶν
484 1255 632 1340 Τοόρκων
646 1258 804 1342 ἐπιδρομῇ
821 1259 875 1321 καί
888 1254 1087 1337 κατισχόσει,
1108 1251 1163 1317 καί
1183 1256 1222 1340 τῇ
1241 1256 1336 1339 βιαίᾳ
1346 1266 1381 1318 10

229 1353 435 1442 όποχωρήσει
460 1360 514 1421 καί
535 1359 659 1437 δείματι
684 1360 747 1420 τοῖν
770 1358 976 1439 ἠμελημένων
996 1353 1201 1438 στρατιωτῶν
1221 1354 1256 1416 ἐκ
1273 1355 1335 1416 τοῦ

226 1457 407 1540 Ῥωμαϊκοῦ
423 1455 611 1540 καταλόγου,
632 1455 687 1519 καί
709 1466 854 1538 συνεχεῖς
869 1456 1015 1538 όπῆρχον
1035 1453 1069 1518 αἱ
1092 1453 1256 1536 ε’κδρομαίι
1280 1455 1337 1515 καί

230 1557 435 1642 ηἐδδαίμωυ
462 1558 557 1641 χώρα
584 1560 637 1641 τῆς
663 1557 802 1640 Ἰβηρίας
831 1559 992 1629 παντελῶς
1025 1552 1249 1638 κατηρείπωτο,
1271 1546 1334 1635 ἤδη

230 1663 539 1742 προκατειργασμένη
563 1653 608 1732 αἱς
629 1653 768 1735 εἴπομεν.
819 1654 1059 1737 μετελάμβανον
1089 1657 1124 1720 δὲ
1145 1656 1204 1719 roo
1226 1654 1334 1718 δεινοῦ

231 1756 286 1821 καί
306 1751 380 1820 όσαι
407 1754 508 1844 ταότη
539 1761 745 1839 παρέκειντο,
773 1760 1010 1836 Μεσοποταμία
1039 1778 1074 1819 τε
1108 1757 1165 1819 καί
1192 1752 1336 1833 Χαλδία,
1347 1773 1381 1825 15

232 1857 398 1942 Μελιτηνὴ
419 1861 474 1922 καί
495 1855 663 1922 Kotenna
683 1858 740 1920 καί
758 1855 795 1922 τό
818 1860 862 1942 τῷ
883 1845 1041 1945 Εὐφράτῃ
1065 1853 1251 1938 συγκείμενα
1276 1879 1338 1918 πο-

231 1961 338 2042 ταμῷ·
381 1958 437 2022 καί
464 1958 494 2022 εἰ
524 1956 567 2041 μὴ
592 1955 840 2040 ’στρατεύμασιν
870 1960 987 2037 ε’νίοτε,
1005 1961 1125 2037 μᾶλλον
1153 1958 1188 2020 δέ
1206 1952 1337 2041 φήμαις

232 2053 400 2138 δυνάμεων
422 2057 647 2143 διείργοντοτό
666 2056 935 2142 τῶνβαρβάρων,
957 2060 1069 2132 καίτις
1094 2053 1232 2142 α’ρχηγός
1253 2057 1336 2120 roai-

230 2183 294 2223 των
314 2160 551 2244 Χωρσσοὶλαρις
573 2155 656 2223 οότω
679 2158 853 2241 λεγόμενος,
882 2159 987 2244 ἕτερος
1010 2163 1045 2223 δέ
1065 2160 1253 2240 Ζαμοόχης,
1274 2156 1337 2242 τὴν

230 2253 314 2344 ἥττω
339 2259 556 2342 συμβαλόντες
584 2259 666 2346 τόχη
701 2261 764 2324 τινί
791 2259 907 2346 ἀγαθῇ
918 2259 1162 2345 [integimentum
1191 2247 1249 2322 κόῖν
1277 2264 1337 2324 καί
1346 2279 1384 2334 20

230 2363 328 2444 μέχρι
350 2361 513 2436 Γαλατίας
549 2361 604 2426 καί
625 2355 894 2450 Ὁνωριόδοςρκαί
923 2354 1025 2444 αότῆς
1048 2362 1193 2443 Φρυγίας
1216 2359 1251 2423 τό
1277 2363 1351 2456 (έν-ι

230 2461 361 2527 τίιιαλον
389 2463 592 2546 περιέδραμε.
646 2464 699 2526 καί
733 2457 784 2524 ότι
821 2465 881 2542 μέν
924 2461 1067 2546 α’νόγκης·
1091 2461 1337 2546 κατεπειγούσης

231 2561 391 2626 ε’στέλλετο
413 2559 653 2645 στρατιωτικόν,
680 2563 738 2625 orie
760 2560 822 2624 π’πό
843 2561 982 2646 τρόπου·
1037 2557 1085 2626 ότι
1108 2564 1143 2626 δέ
1162 2559 1258 2644 ψιλόν
1280 2565 1339 2626 καί

302 2727 327 2788 5.
347 2737 527 2810 ἐνεβριζοόση
547 2737 576 2792 G.

231 2886 320 2955 beris,
336 2906 453 2967 puerum
471 2892 519 2944 alii
539 2893 637 2960 privati
657 2893 778 2945 homines
798 2909 857 2944 eum
876 2893 928 2946 hoc
946 2895 974 2945 in
992 2897 1093 2963 regiam
1113 2894 1289 2946 ascenderant
1308 2903 1338 2947 et

232 2963 396 3031 principatus
424 2965 569 3031 participes
597 2965 660 3016 iacti
685 2972 769 3028 erant,
799 2965 846 3015 alii
872 2967 985 3032 imperio
1007 2975 1117 3032 accepto
1135 2968 1192 3017 nati
1210 2975 1238 3018 et
1257 2967 1337 3018 illico

231 3049 310 3102 reges
336 3035 463 3087 declarati
489 3044 515 3088 et
543 3051 660 3103 purpura
685 3053 718 3087 cx
738 3036 898 3088 Graecorum
922 3052 996 3088 more
1015 3040 1104 3089 donati
1125 3046 1208 3101 erant,
1229 3045 1256 3088 et
1274 3037 1336 3090 flori

232 3105 371 3174 Augustae
390 3108 538 3160 iuventutis
557 3124 607 3159 ver
626 3109 759 3176 degentis,
780 3124 834 3159 uon
852 3108 951 3159 multus
971 3117 1027 3160 erat
1045 3124 1132 3160 sermo
1152 3125 1241 3177 neque
1259 3125 1337 3160 corn.

232 3180 335 3243 paratio
347 3194 406 3229 cum
417 3180 598 3245 oppositorum
617 3180 711 3230 horum
725 3182 879 3231 certamine.
917 3181 945 3229 in
964 3195 1128 3232 communem
1142 3188 1230 3231 autern
1241 3182 1336 3232 socie.

230 3255 311 3297 tatem
330 3263 399 3315 quae
420 3250 580 3300 redundaret
597 3250 698 3301 utilitas
717 3251 930 3318 investigandum
949 3260 979 3302 ut
998 3260 1077 3303 antea
1094 3252 1263 3302 diiudicatum
1290 3254 1336 3303 sit.

231 3318 406 3383 improbitatis
427 3320 581 3380 enimhaec
602 3329 642 3372 est
659 3337 762 3388 poena:
784 3311 927 3383 i'noriente
946 3323 1051 3390 quidem
1064 3323 1336 3389 rapiebanturomnta

232 3396 260 3438 ct
282 3388 447 3452 delebantur,
467 3389 676 3444 Neuthalitarum
705 3402 793 3443 antem
812 3393 965 3444 Hunnorum
990 3395 1049 3445 sive
1069 3393 1210 3444 Turearum
1241 3395 1336 3444 incur.

172 3499 178 3514 .
232 3460 307 3511 sione
328 3469 354 3511 ct
372 3461 472 3511 virtute
483 3469 510 3511 et
529 3472 621 3513 coacta
636 3463 699 3531 iuga
719 3473 746 3514 et
759 3465 853 3514 timore
872 3464 1056 3532 neglectorum
1074 3464 1187 3514 militum
1207 3479 1335 3533 egraeco
1431 3500 1432 3507 τ

231 3531 339 3583 delectu
367 3533 445 3592 ctiam
474 3534 595 3594 continui
624 3535 801 3601 suppetebant
827 3538 961 3602 impetus,
993 3545 1021 3587 et
1044 3536 1122 3587 beatu
1139 3543 1211 3586 terra
1229 3536 1335 3587 Iberiae

231 3604 337 3654 omnino
360 3602 460 3655 afflicta
479 3612 528 3668 est,
547 3607 599 3655 iam
619 3614 696 3657 antea
716 3607 840 3657 coniecta
864 3613 894 3657 ut
918 3608 1038 3659 diximus.
1077 3608 1221 3674 participes
1246 3615 1335 3657 autem

230 3675 344 3739 periculi
364 3684 439 3727 eraut
458 3676 536 3726 etiarn
557 3685 688 3745 quotquot
704 3678 768 3728 huie
788 3677 961 3741 adiacebant,
985 3679 1177 3745 Mesopotamia
1204 3686 1232 3729 et
1250 3677 1334 3731 ctat.

231 3743 312 3806 daea,
338 3745 465 3798 Melitene
485 3755 512 3799 ct
531 3747 667 3813 Colonen,
702 3758 729 3800 ct
748 3765 816 3816 quae
835 3749 963 3815 Euphrati
982 3748 1066 3800 fluvio
1087 3751 1231 3801 coniuncta
1247 3758 1333 3800 crant.
1430 3772 1431 3775 ¹

231 3820 317 3887 atque
337 3817 389 3866 nisi
417 3820 578 3872 exercitibus
602 3835 801 3888 nonnunquam,
830 3822 915 3887 magis
943 3828 1031 3870 autem
1050 3821 1119 3872 fama
1138 3823 1234 3872 virium
1254 3836 1334 3870 arce.

231 3892 324 3935 rentur
347 3885 451 3938 barbari
484 3898 510 3939 et
533 3891 585 3942 dux
609 3892 706 3960 aliquis
734 3892 827 3943 horum
847 3891 1032 3946 Chorosalaris
1051 3893 1195 3945 nedictus
1216 3899 1242 3942 et
1264 3891 1333 3942 alius

230 3956 378 4008 Zamucbes
405 3963 546 4027 congressi
570 3963 640 4013 bona
667 3964 773 4014 fortuna
800 3963 955 4014 inferiorem
984 3973 1086 4029 partem
1115 3965 1203 4015 sortiti
1233 3971 1332 4024 esseut,

230 4029 353 4094 proiecto
383 4031 461 4081 etiam
486 4047 571 4099 usque
597 4035 629 4083 ad
653 4034 782 4086 Galatiam
809 4043 835 4086 et
853 4034 1011 4086 Ouariadem
1037 4044 1064 4086 et
1088 4036 1171 4102 ipsam
1191 4034 1333 4103 Phrygiam

230 4099 322 4154 hostes
340 4103 527 4158 accurrissent.
566 4111 645 4174 atque
665 4107 735 4175 quod
753 4107 916 4160 necessitate
934 4115 1048 4174 urgente
1058 4107 1236 4160 instrueretur
1251 4121 1331 4159 exer.
