2875 4734
209 190 284 268 εοο
500 189 719 263 uenture
744 136 1010 275 ‚urreuouee

208 360 266 447 τήν
287 357 490 444 παρεμβολὴν
510 353 722 439 έπανέδραμε.
764 353 979 439 μιμησάμενοι
1002 354 1038 417 δέ
1060 350 1175 415 τούτου
1186 346 1217 415 οἱ
1229 354 1311 433 πλιγ-
1364 364 1372 377 “

208 455 363 544 σιέοτεροι
383 456 473 541 λόχοι
491 451 538 533 εἷς
561 459 634 522 καθ’
657 458 715 521 ἕνα
736 455 792 541 τήν
814 451 920 541 φυγάν
942 449 1087 537 άμαχητί
1109 452 1310 534 διεδέξαντο,

209 562 373 637 κάκείνους
394 561 507 643 ἕτεροι.
551 556 606 622 καί
628 552 732 633 ούτως
754 556 770 619 ό
791 554 942 639 βασιλεύς
964 551 1042 618 έδοόν
1061 555 1096 618 τό
1128 554 1311 637 παράλογον

209 668 266 749 τῆς
285 661 457 746 έξαγωνίου
483 664 610 746 φυγῆς,
634 658 710 744 ἔστη
734 656 814 741 μετά
843 661 905 724 raia
934 658 1007 740 περὶ
1029 648 1139 738 αότόν,
1173 651 1311 739 cdv-raia

209 763 334 830 οἰκείων
355 764 479 850 φυγήν,
509 760 552 837 σός
574 758 659 843 ἔθος,
688 757 954 840 άνακαλούμενος.
977 750 1017 841 ἢν
1040 756 1114 823 δέό
1146 759 1337 823 caenaturi»

206 866 322 940 ου’δείς.
366 867 429 928 τάν
461 866 491 927 δ’
524 861 674 928 έναντίων
695 858 726 925 οἱ
751 859 805 925 έπί
825 856 931 947 λόφων
961 857 1147 941 ἱστάμενοι,
1178 856 1213 923 ιό
1247 862 1310 924 τάν

117 1017 123 1022 -
205 960 372 1047 Ῥωμαίων
395 961 514 1039 ἰδόντες
535 962 686 1050 ἐξαίφνης
708 961 873 1047 άτύχημα,
892 965 934 1050 ιβ
949 959 1111 1047 σουλτάνῳ
1133 966 1309 1043 κατοιγγέλ·

208 1072 301 1131 λουσι
322 1064 358 1131 τό
382 1065 559 1151 γενόμενον,
582 1062 636 1128 καί
658 1062 716 1147 τὴν
737 1061 933 1149 έπιστροφῆν
953 1062 1041 1149 αύτῷ
1062 1067 1309 1144 κατεπείγουσιν.

207 1166 310 1243 εύθύς
332 1159 390 1231 ούν
411 1168 636 1241 ἐπανελθόντος
656 1165 759 1229 αύτού
777 1158 867 1247 μάχη
889 1185 937 1237 τις
963 1160 1084 1244 άθρόον
1116 1163 1158 1249 τῷ
1183 1166 1315 1243 βασιλεί

206 1266 461 1353 προσρήγνυιαι·
506 1267 562 1332 κατ’
592 1264 742 1340 κελεύσας
770 1262 844 1338 τούς
866 1263 949 1349 ἀμφ’
973 1261 1069 1328 αύτόν
1088 1259 1133 1347 μή
1165 1264 1309 1329 ένδούναι
1321 1267 1355 1320 10

93 1428 99 1442 ,
206 1370 290 1453 μηδέ
310 1366 495 1450 μαλακόντι
516 1372 643 1444 παθεῖν,
666 1362 809 1451 ἠμύνατο
829 1368 889 1447 μέν
910 1367 1097 1449 ἐρρωμένως
1111 1370 1211 1449 μέχρι
1232 1371 1309 1429 πολ.

207 1471 277 1532 tot.
321 1470 356 1533 έν
379 1471 414 1533 δέ
435 1474 480 1557 τῷ
502 1472 588 1557 μέσῳ
611 1472 668 1552 τῆς
689 1472 752 1534 τάν
775 1459 879 1531 άλλων
902 1469 1005 1552 φυγῆς
1038 1464 1307 1553 περιαντλησάοης
1353 1476 1365 1503 “

207 1566 270 1658 ἔξω
290 1567 345 1634 τόν
365 1570 503 1654 χάρακα,
527 1570 688 1653 συμμιγής
709 1592 758 1644 τις
778 1562 818 1653 ἦν
840 1570 874 1631 έκ
896 1567 1021 1632 πάντων
1040 1564 1102 1652 βοά
1124 1570 1178 1631 καί
1208 1557 1309 1633 όταν·
1367 1608 1375 1622 ·

207 1688 261 1745 τος
282 1670 410 1754 δρόμος,
436 1675 491 1753 καί
517 1669 608 1754 λόγος
636 1670 742 1744 ούδείς
765 1670 956 1754 άπηγέλλετο
991 1670 1130 1753 καίριος,
1166 1670 1230 1733 τοῖν
1249 1672 1308 1751 μὲν

208 1768 362 1851 λεγόντων
378 1772 522 1855 ἰσχυράς
545 1766 861 1852 ἀντιπαρατάξασθαι
888 1766 939 1833 τόν
971 1772 1108 1850 βασιλέα
1136 1765 1216 1849 μετά
1248 1770 1309 1832 τῶν
1320 1773 1354 1827 15

207 1868 485 1952 ύιιολελειμμένων
508 1871 596 1959 αύτῷ
615 1872 670 1933 καί
689 1867 764 1945 τούς
793 1866 981 1953 βαρβάρους
1012 1872 1216 1952 τρέψασθαι,
1247 1870 1308 1933 τῶν

209 1971 245 2037 δέ
266 1970 396 2058 σφαγὴν
415 1968 436 2055 ἢ
456 1966 575 2037 ἅλωσιν
594 1972 864 2055 καταγγελλόνιων
888 1971 1005 2055 αύτού,
1027 1974 1082 2035 καί
1103 1962 1207 2035 άλλων
1228 1962 1310 2034 itta

142 2126 144 2128 .
207 2071 417 2155 συνειρόντων
439 2073 494 2137 καί
513 2074 726 2156 παλίντροπον
747 2068 896 2157 ἑκατέρου
920 2077 1039 2155 μέρους
1060 2070 1115 2155 τόν
1141 2071 1229 2155 νίκην
1250 2094 1310 2133 κα-

207 2167 417 2255 ταλεγόντων,
453 2171 513 2250 ἕως
540 2165 676 2258 ἤρξαντο
706 2173 761 2238 καί
783 2176 846 2237 τῶν
874 2172 935 2238 σύν
964 2174 1052 2262 αύτῷ
1081 2173 1307 2239 Καππαδοκῶν

208 2273 321 2338 πολλοὶ
341 2271 421 2339 κατά
443 2280 561 2359 μοίρας
582 2274 673 2351 τινάς
701 2277 803 2340 έκείσε
832 2275 1017 2362 άποφοιτᾶν.
1061 2274 1091 2338 εἰ
1124 2276 1160 2339 δέ
1192 2298 1221 2338 τι
1256 2268 1356 2336 auito

190 2363 307 2450 ἀύτός
328 2383 395 2449 τοῖς
417 2375 592 2461 φεύγουσιν
613 2376 762 2453 άντίξους
781 2374 913 2459 γεγονός
945 2374 1080 2449 πολλούς
1113 2370 1308 2458 ἠμυνάμην,

69 2473 265 2559 Ηθθνοτὴν
286 2473 458 2560 άνάκλησιν
481 2478 658 2559 έπιτρέαων
679 2479 735 2558 τῆς
756 2472 870 2561 ἣττης,
905 2478 1005 2560 ἕτερον
1042 2478 1228 2559 λεγέτωσαν.
1269 2470 1307 2569 τό

209 2578 246 2640 δέ
265 2575 466 2660 μετάιτούτο
488 2576 543 2642 καί
558 2577 621 2641 τάν
650 2579 824 2657 βασιλικῶν
856 2564 960 2642 ἵππων
995 2579 1107 2641 νιολλοί
1135 2570 1216 2658 μετά
1247 2576 1310 2639 τοῖν

284 2739 326 2791 18.
346 2739 541 2811 σοναιρόνιων
559 2740 589 2794 (λ.
680 2741 724 2794 23.
743 2699 896 2796 ἱπποτῶνλ
912 2755 946 2793 an
966 2737 1106 2798 δααδάνλ

210 2908 293 2973 atque
309 2901 375 2957 ilice
392 2904 439 2955 aiii
459 2904 545 2957 secuti
565 2910 635 2957 aunt.
672 2912 753 2973 atque
767 2906 805 2957 ita
821 2920 870 2959 τοι
888 2918 948 2957 cum
966 2905 1072 2959 videret
1089 2903 1188 2956 milites
1206 2900 1311 2955 de'im.

210 2976 322 3043 proriae
342 2992 358 3027 e
377 2991 466 3044 pugna
485 2976 634 3043 fugientes,
653 2978 753 3029 restitit
772 2993 831 3028 cum
849 2978 893 3042 iic,
913 2977 959 3045 qui
976 2976 1029 3044 ipsi
1047 2975 1194 3039 adstabant,
1212 2974 1311 3027 militet
1355 3000 1360 3004 ·

211 3063 247 3099 σι
270 3048 465 3099 consuetudine
483 3064 499 3098 a
518 3048 582 3115 iuga
600 3062 746 3103 reuocauez
765 3050 814 3101 sed
833 3058 907 3113 erat,
927 3050 973 3117 qui
992 3063 1050 3099 eum
1067 3048 1205 3099 exaudiret
1221 3059 1309 3099 nemo.

209 3119 329 3172 hortium
354 3135 420 3172 verc
449 3119 495 3187 qui
523 3118 638 3171 collibus
671 3122 842 3185 insisterent,
869 3121 1028 3173 Graecorum
1052 3120 1175 3172 videntes
1198 3118 1311 3171 subitam

211 3191 344 3242 fortunam
363 3191 531 3259 (aduersam)
558 3190 664 3242 sultano
681 3192 780 3244 iactum
806 3193 931 3244 nuntiant
948 3200 975 3242 et
994 3206 1053 3242 eum
1072 3191 1105 3241 ad
1123 3188 1310 3243 revertendum

210 3260 363 3326 impellunt.
410 3276 462 3328 quo
489 3263 576 3312 statim
600 3261 787 3315 vehementem
814 3280 863 3315 rex
888 3263 981 3315 incidit
1003 3265 1031 3315 in
1056 3276 1187 3330 pugnam:
1208 3269 1310 3313 etcum

213 3346 271 3393 ecs,
291 3331 415 3399 quicum
439 3333 499 3397 ipsc
529 3341 634 3397 errent,
662 3336 791 3387 recedere
819 3335 864 3388 vel
890 3335 981 3388 timide
1000 3352 1030 3387 ee
1054 3348 1151 3403 gerere
1170 3333 1309 3393 vetuisset,

213 3411 323 3455 strenue
351 3404 481 3470 pugnavit
504 3418 554 3469 per
579 3418 702 3471 magnum
730 3408 858 3473 temporis
883 3408 1012 3474 spatiarer
1037 3406 1140 3457 interca
1168 3418 1233 3457 vere
1253 3417 1311 3452 cum

211 3471 326 3525 aliorum
344 3474 408 3543 iuga
426 3474 539 3525 ulterius
558 3475 585 3524 in
606 3484 692 3527 castra
710 3493 740 3529 ae
760 3479 917 3542 effunderet,
947 3477 1103 3529 commixtus
1121 3476 1237 3528 amnium
1255 3479 1312 3524 crat

212 3544 313 3597 clamor
340 3560 487 3614 currusque
510 3546 676 3598 inordinatus
705 3563 794 3616 neque
824 3549 909 3603 ullum
940 3548 1060 3611 dextrum
1094 3544 1311 3615 pronuntiabatur

210 3616 346 3670 verbumz'
359 3616 406 3669 alii
426 3619 496 3669 enim
514 3631 606 3684 regem
625 3634 684 3669 cum
702 3620 737 3671 iis
758 3622 803 3687 qui
820 3620 919 3688 reliqui
940 3629 1030 3674 essent
1049 3628 1159 3673 strenae
1180 3616 1311 3669 obsistere

211 3688 392 3757 barbarosque
425 3690 454 3739 ia
488 3689 577 3758 fugam
604 3698 713 3742 vertere
737 3691 915 3755 nuntiabant,
942 3691 988 3743 alii
1021 3707 1080 3743 eum
1105 3691 1235 3757 perditam
1264 3684 1311 3739 vel

213 3766 321 3833 captura
339 3760 471 3823 serebant,
492 3760 540 3812 aiii
559 3760 613 3811 alia
631 3762 787 3814 dictitabant
807 3770 835 3813 et
852 3763 990 3829 utriusque
1008 3763 1090 3828 partie
1109 3762 1250 3815 victoriam
1267 3758 1311 3809 di-

210 3844 318 3881 uersam
339 3832 563 3897 prenuntiabant,
592 3832 678 3883 donec
702 3834 853 3899 inciperent
872 3834 951 3884 etiam
970 3833 1166 3899 Cappadocum,
1189 3832 1312 3901 quicum

212 3916 246 3951 co
270 3908 375 3964 caecat,
409 3900 485 3952 multi
518 3904 787 3956 secundum'turmas
813 3904 879 3955 illuc
903 3904 1025 3961 ,revertit
1050 3920 1111 3967 nam
1144 3918 1211 3957 uera
1232 3902 1312 3969 equi-

212 3972 273 4023 dem
308 3987 415 4040 quoque
442 3972 605 4040 fugientibus·
634 3975 766 4028 obsistens
790 3976 888 4029 multos
917 3976 1064 4042 arcuerim,
1093 3975 1195 4029 cladem
1222 3988 1313 4027 εοεαε-

212 4044 304 4107 cieaa,
334 4043 382 4096 alii
411 4043 527 4096 dicante.
574 4053 668 4111 pcrtca
703 4063 770 4099 veru
804 4047 880 4100 multi
916 4046 1034 4115 equitum
1065 4049 1218 4116 regiorum,
1254 4059 1313 4096 curu

105 4111 112 4121 “
212 4116 289 4182 equis
306 4122 490 4182 revertenter,
509 4115 573 4186 quid
589 4117 682 4184 fleret,
706 4119 883 4187 interrogati,
911 4134 942 4173 ae
962 4133 1055 4189 regem
1073 4134 1127 4173 non
1146 4118 1248 4175 vidisse
1265 4131 1314 4169 re-
