2875 4734
267 251 344 327 ΜΩ
457 286 464 306 r
564 254 785 367 urendum
816 254 1121 329 dirutum„
1205 334 1212 339 ,

269 413 496 505 προσῆγγισον,
517 424 572 487 καί
592 419 706 506 ταύτην
727 425 994 509 περικαθισαντες
1021 423 1075 490 τόν
1097 422 1184 509 παρά
1207 428 1272 490 τὀόν
1292 427 1375 491 Μα-

269 520 407 586 κεδόνων
421 512 697 605 προχειρισθέντα
713 524 849 607 βασιλέα
868 526 1019 605 πατάξειν
1035 525 1185 612 ἠπείλουν
1206 521 1289 607 μετά
1309 527 1371 589 τοῖν

267 626 496 706 συναραμένων
520 626 576 687 καί
595 622 842 708 συνδραμόντων
864 629 959 714 ου’τῷ.
1004 620 1124 703 ἄλλους
1154 629 1189 692 όέ
1208 651 1296 703 τινας
1319 652 1375 690 τα-

265 725 443 806 χυόρομεῖν
466 725 662 810 ἠσκημένους
677 724 758 789 κατά
782 732 836 811 τῆς
858 725 968 811 χάρας
993 731 1196 814 ἐξέπεμψαν,
1217 730 1251 793 οἳ
1267 730 1374 795 πᾶσαν

267 818 350 903 όμοό
374 824 633 910 κατελωβὴσανευ
651 828 707 889 καί
722 824 915 913 διήρπασαν,
937 824 1034 914 φόνον
1055 832 1114 907 μὲν
1137 826 1236 893 πολόν
1256 832 1319 893 τεόν
1341 832 1395 897 ε’ν5

267 921 377 1007 άγροῖς
405 927 630 1010 ποιησάμενοι,
652 929 772 1011 κτηνιόν
799 930 835 993 dd
858 926 1035 1012 άμυθητων
1058 929 1173 1013 α’γέλας
1194 930 1373 1012 ἐλάσαντες,

267 1026 323 1088 καί
343 1027 420 1091 ouidi
440 1028 473 1089 ἓν
491 1021 575 1103 εἶδος
596 1023 763 1103 κακώσεως
785 1029 1020 1114 παραλιπόντες
1040 1038 1104 1105 τοῖς
1127 1028 1312 1111 κάμνουσιν.
1356 1029 1372 1095 o‘

268 1126 304 1188 dt
323 1128 498 1208 Βρυέννιος
529 1128 564 1191 έν
584 1122 702 1212 πλήθει
722 1132 777 1192 καί
798 1132 992 1214 α’γερωχίαις
1021 1133 1054 1194 τό
1078 1128 1220 1217 πρόσθεν
1242 1132 1373 1215 καυχά-

266 1243 373 1309 μενος,
394 1224 505 1309 άμενης
526 1224 628 1312 ἐφάνη
652 1227 728 1314 πρὸς
748 1217 823 1306 νοός
843 1229 1029 1315 βαρβάρους
1050 1231 1105 1296 καί
1115 1224 1238 1317 άτονος,
1258 1236 1314 1297 καί
1336 1232 1371 1297 τό

190 1385 196 1391 .
267 1333 373 1407 τεῖχος
396 1329 454 1409 τῆς
474 1330 533 1391 τοῦ
553 1330 727 1413 Ἀδριανοῦ
749 1327 939 1417 καταφυγὴν
958 1327 1025 1415 εἶχε
1046 1332 1158 1418 μόνην,
1176 1332 1213 1396 οὗ
1234 1330 1290 1416 την
1311 1335 1373 1399 τῶν
1383 1341 1412 1394 10

269 1418 376 1490 όπλων
400 1426 584 1512 ἀντίθεσιν,
622 1429 681 1507 ἕως
714 1420 807 1513 λίμός
838 1434 1019 1517 βαρύτατος
1048 1434 1136 1512 ἐντός
1169 1432 1374 1520 κατατρύχων

267 1524 367 1590 αιίτόν
385 1524 441 1590 καί
459 1527 535 1603 τούς
566 1527 626 1593 σόν
647 1530 749 1615 αὐτῷ,
780 1530 862 1613 μετά
889 1534 993 1617 πάσης
1024 1540 1080 1621 τῆς
1109 1537 1206 1600 ἵππου
1236 1532 1293 1599 καί
1307 1539 1373 1599 ’τάν

267 1617 449 1707 όπυζυγίων
467 1627 595 1716 αὐτῶν,
624 1628 783 1712 ἠνάγκασε
817 1641 882 1707 τοϊς
914 1632 1091 1719 βαρβάροις
1119 1638 1298 1701 συνθέσθαι
1320 1637 1375 1699 καί

268 1720 369 1788 πάντα
400 1727 520 1809 πρᾶξαι
547 1726 586 1791 τά
611 1731 688 1812 παρ’
709 1731 814 1796 ου’τοόν
843 1732 1110 1819 προσταττόμενα.
1158 1738 1373 1822 συναθροίσας
1425 1774 1426 1779 1

269 1815 328 1886 σόν
348 1829 484 1908 χρυσιόν
516 1823 615 1909 άόρὸν
646 1832 679 1907 ἐξ
707 1826 824 1897 ἑαυτοῦ
859 1832 914 1898 καί
939 1838 999 1899 τῶν
1027 1836 1373 1921 συναποστυτησάντων
1384 1847 1412 1900 15

269 1923 377 2015 αὐτῷ,
413 1932 479 1999 τοίς
506 1929 730 2007 Πατζινάκαις
762 1936 950 2018 άντιλυτρον
974 1938 1110 2003 δέδωκεν
1141 1936 1181 2001 od
1200 1946 1289 2021 μεῖον
1309 1941 1374 2003 τεόν
1425 1970 1426 1983 1

270 2025 371 2090 εἴκοσι
391 2028 554 2093 ταλάντων
579 2021 647 2113 ἦτοι
676 2034 887 2117 κεντηναρίων
908 2036 1175 2121 περιιστάμενον,
1200 2037 1259 2105 σόν
1285 2039 1374 2129 adsui

268 2119 304 2191 δέ
325 2123 381 2189 καί
399 2124 602 2211 ὑφασμάτων
612 2134 669 2195 καί
688 2131 837 2217 α’ργυριόν
856 2141 979 2201 σκευῶν
999 2133 1055 2204 oda
1069 2142 1237 2224 ἐλάχιστον
1246 2145 1371 2226 χρῆμα.

233 2248 237 2253 ’
267 2226 324 2290 καί
338 2229 449 2291 τοῦτον
471 2225 526 2293 τόν
550 2230 667 2314 τρόπον
684 2235 908 2320 α’παναστῆναι
927 2238 1000 2314 τοός
1014 2241 1236 2319 Πατζινάκυυς
1257 2246 1292 2308 ἐκ
1315 2244 1374 2325 τῆς

268 2330 452 2411 πολιορκίας
475 2331 612 2397 διέθετο.
655 2338 758 2414 μένων
782 2338 817 2401 dd
839 2337 920 2403 κατά
942 2339 1054 2424 χάραν
1067 2341 1275 2427 ἠργυρολόγει
1297 2344 1411 2421 rosisti

226 2438 234 2445 '
268 2426 480 2507 πειθομένους
503 2432 601 2519 adrui,
622 2433 703 2516 πρός
724 2438 783 2514 μὲν
802 2425 882 2512 τοός
908 2440 1071 2516 ’ἐναντίους
1093 2438 1148 2505 καί
1169 2440 1373 2529 α’λλοφάλους

267 2526 361 2590 οόδέν
381 2534 528 2609 γενναίου
559 2531 813 2617 ἐπιδειξάμενος,
846 2538 915 2602 ἀλλ’
944 2534 1050 2625 οἵσπερ
1069 2565 1119 2629 τις
1146 2539 1233 2621 πτοόξ
1254 2540 1288 2608 έν
1311 2537 1371 2635 όλη

270 2619 372 2701 οότως
387 2628 422 2691 έν
442 2637 507 2704 τοῖς
519 2631 640 2713 τείχεσι
653 2634 709 2717 τῆς
729 2635 1023 2720 Ἀόριανουπόλεως
1044 2641 1268 2725 κρυπτόμενος,
1291 2635 1372 2729 πρός

301 2772 311 2778 ’
341 2785 367 2839 1.
384 2789 441 2844 τῶν
458 2792 527 2860 περὶ
544 2793 664 2846 correxit
680 2794 824 2851 Brnnetus.

268 2931 422 2985 obsidentes
439 2949 532 3004 regem
552 2954 568 2990 a
586 2939 776 2997 Macedonibus
802 2955 919 2999 creatum
944 2964 975 3001 se
1002 2964 1177 3016 percussuras
1202 2954 1372 3010 minabantur

268 3020 328 3056 cum
345 3005 390 3069 iis,
408 3008 454 3073 qui
473 3009 575 3061 auxilio
592 3023 724 3066 venerant
745 3026 772 3069 et
788 3034 848 3069 eum
868 3034 900 3071 eo
926 3020 1063 3074 coierant:
1090 3023 1159 3076 alios
1188 3032 1296 3091 autem,
1324 3030 1370 3096 qni

267 3076 395 3128 celeriter
413 3086 586 3133 antecurrere
606 3088 747 3139 exercitati
767 3098 850 3154 eraut,
872 3091 1015 3144 interram
1033 3094 1179 3161 miserunt,
1198 3098 1243 3167 qui
1263 3100 1370 3166 quidem

267 3162 372 3199 omnem
385 3148 469 3218 simul
489 3152 659 3206 devastarunt
680 3165 707 3207 et
734 3160 919 3227 diripuerunt,
947 3166 1056 3217 caedem
1082 3166 1191 3219 multam
1223 3172 1369 3237 agrestium

266 3218 409 3281 iacientes,
430 3222 561 3285 pecudum
579 3226 727 3293 ingentium
745 3247 843 3299 greges
863 3240 985 3301 agentes,
1002 3252 1091 3307 neque
1110 3254 1192 3289 unum
1211 3256 1296 3308 genus
1317 3258 1369 3295 ve-

267 3288 384 3340 xationis
409 3290 593 3362 relinquentes
612 3297 729 3351 afflictis.
767 3302 919 3369 Bryennius
937 3314 1024 3358 autem
1044 3310 1072 3358 iu
1091 3309 1261 3364 multitudine
1276 3321 1304 3364 et
1323 3329 1368 3365 nr-

266 3358 359 3410 tiiieiis
378 3366 456 3411 antea
476 3362 571 3428 elatus,
593 3368 722 3434 ignobilis
741 3376 865 3440 apparuit
882 3376 1009 3431 adversus
1030 3378 1156 3431 barbaros
1176 3389 1203 3431 et
1220 3384 1368 3449 remissus,

267 3436 295 3480 et
311 3444 414 3481 murum
433 3432 625 3501 Adrianopolis
645 3442 800 3511 coniugium
821 3444 936 3499 habebat
953 3448 1053 3515 solum,
1083 3466 1138 3502 uon
1164 3466 1297 3505 armorum
1316 3471 1369 3522 op-

266 3502 447 3567 positionem,
473 3505 559 3556 donee
580 3508 663 3562 fames
683 3516 842 3580 gravissima
866 3518 936 3571 intus
956 3520 1101 3574 conficiens
1121 3537 1180 3575 euru
1200 3532 1302 3590 eteos,
1323 3527 1369 3594 qui

267 3588 328 3625 eum
347 3590 380 3625 eo
400 3583 561 3639 eraut‚rcum
580 3583 652 3632 omni
671 3586 790 3651 equitatu
805 3590 836 3637 'et
854 3589 978 3643 iumentis
998 3606 1105 3659 eorum,
1117 3596 1208 3662 coegit
1226 3611 1285 3646 oum
1303 3596 1368 3647 bar-

266 3644 338 3697 baris
358 3648 457 3711 pacisci
477 3656 504 3700 et
522 3650 610 3701 omnia
628 3652 807 3725 facerequae
824 3658 857 3709 ab
875 3661 909 3711 iis
926 3656 1131 3727 imperabantur.
1169 3680 1269 3733 cogens
1285 3668 1368 3734 igitur

266 3717 407 3779 pecuniam
424 3717 532 3770 multam
553 3736 634 3773 exse
658 3733 685 3775 et
703 3727 746 3793 iis,
766 3731 811 3796 qui
831 3746 890 3781 cum
909 3734 1119 3799 eodefeeerant,
1133 3735 1282 3789 Petrinaeis
1301 3752 1367 3804 pre-

265 3784 332 3835 tium
349 3788 519 3842 redemtionis
538 3791 612 3844 dedit
631 3809 684 3846 nou
703 3800 790 3851 minus
822 3804 919 3869 viginti
938 3803 1046 3857 talentis
1067 3808 1141 3875 (sive
1160 3816 1267 3859 centurn
1291 3808 1367 3859 miii-

264 3853 331 3924 bns)
351 3866 485 3924 constans,
504 3862 636 3933 simulque
657 3876 683 3917 et
702 3871 817 3923 restium
836 3873 1013 3942 stragularum
1044 3886 1070 3929 et
1097 3886 1243 3946 argenteae
1270 3878 1366 3947 supel-

264 3923 366 3978 lectilis
386 3942 439 3979 nou
457 3933 590 4006 minimam
609 3940 729 4004 copiam:
748 3950 828 4011 atque
847 3945 884 3996 ita
903 3953 931 3996 ut
949 3946 1109 4001 desisterent
1132 3949 1270 4002 Petrinaci
1289 3950 1367 4003 obsi-

265 3996 347 4049 dione
365 4003 506 4064 permovit.
543 4020 653 4062 maneus
671 4020 760 4063 autem
778 4015 806 4065 in
825 4014 887 4068 loeo
907 4018 1034 4083 exigebat
1052 4022 1181 4087 pecunias
1200 4037 1216 4074 a
1235 4021 1366 4075 subiectis

264 4069 293 4118 in
311 4069 479 4122 aduersarios
499 4080 525 4123 et
543 4082 701 4147 peregrinos
719 4084 812 4136 nobile
827 4087 896 4139 nibil
914 4090 1057 4144 ostendens
1065 4098 1075 4143 τ’
1092 4092 1139 4146 sed
1149 4101 1275 4162 tauquam
1287 4091 1367 4161 lepus

253 4137 296 4193 rin
315 4140 385 4196 siira
403 4142 440 4198 ita
459 4142 488 4196 in
505 4147 587 4230 muris
600 4151 798 4231 ⁴adrianopolis
818 4157 932 4229 abditus,
951 4161 1079 4221 aduersus
1099 4163 1367 4229 uentribuiusuntem
