<?xml version="1.0" encoding="UTF-8"?>
<!DOCTYPE html PUBLIC "-//W3C//DTD XHTML 1.0 Transitional//EN"
    "http://www.w3.org/TR/xhtml1/DTD/xhtml1-transitional.dtd">
<html xmlns="http://www.w3.org/1999/xhtml" xml:lang="en" lang="en">
 <head>
  <title>
</title>
<meta http-equiv="Content-Type" content="text/html;charset=utf-8" />
  <meta name='ocr-system' content='tesseract 3.04.00' />
  <meta name='ocr-capabilities' content='ocr_page ocr_carea ocr_par ocr_line ocrx_word'/>
</head>
<body>
  <div class='ocr_page' id='page_1' title='image "./corpusscriptoru05theogoog/corpusscriptoru05theogoog_0255.png"; bbox 0 0 2875 4734; ppageno 0'>
   <div class='ocr_carea' id='block_1_1' title="bbox 560 294 1222 365">
    <p class='ocr_par' dir='ltr' id='par_1_1' title="bbox 560 294 1222 365">
     <span class='ocr_line' id='line_1_1' title="bbox 560 294 1222 365; baseline 0.005 -3"><span class='ocrx_word' id='word_1_1' title='bbox 560 294 771 365; x_wconf 63' lang='lat' dir='ltr'><strong>maronia.</strong></span> <span class='ocrx_word' id='word_1_2' title='bbox 1150 294 1222 365; x_wconf 74' lang='lat'><strong><em>217</em></strong></span> 
     </span>
    </p>
   </div>
   <div class='ocr_carea' id='block_1_2' title="bbox 79 450 1230 2355">
    <p class='ocr_par' dir='ltr' id='par_1_2' title="bbox 118 450 1226 844">
     <span class='ocr_line' id='line_1_2' title="bbox 123 450 1226 545; baseline 0.004 -24"><span class='ocrx_word' id='word_1_3' title='bbox 123 458 299 540; x_wconf 74' lang='grc' dir='ltr'><strong><em>δραγαθιλις</em></strong></span> <span class='ocrx_word' id='word_1_4' title='bbox 315 458 372 521; x_wconf 88' lang='grc' dir='ltr'><strong><em>κοί</em></strong></span> <span class='ocrx_word' id='word_1_5' title='bbox 390 454 479 541; x_wconf 83' lang='grc' dir='ltr'><strong><em>δόξης</em></strong></span> <span class='ocrx_word' id='word_1_6' title='bbox 500 450 571 523; x_wconf 82' lang='grc' dir='ltr'><strong><em>όοον</em></strong></span> <span class='ocrx_word' id='word_1_7' title='bbox 593 450 685 533; x_wconf 74' lang='grc' dir='ltr'><strong><em>οὗτος</em></strong></span> <span class='ocrx_word' id='word_1_8' title='bbox 706 457 963 545; x_wconf 64' lang='grc' dir='ltr'><strong><em>ὑπερηκόντισεν,</em></strong></span> <span class='ocrx_word' id='word_1_9' title='bbox 986 458 1028 535; x_wconf 80' lang='grc' dir='ltr'><strong><em>τός</em></strong></span> <span class='ocrx_word' id='word_1_10' title='bbox 1045 457 1126 545; x_wconf 88' lang='grc' dir='ltr'><strong><em>μήτε</em></strong></span> <span class='ocrx_word' id='word_1_11' title='bbox 1147 464 1226 527; x_wconf 80' lang='grc' dir='ltr'><strong><em>τοῦ-</em></strong></span> 
     </span>
     <span class='ocr_line' id='line_1_3' title="bbox 119 550 1224 646; baseline 0.006 -26"><span class='ocrx_word' id='word_1_12' title='bbox 119 578 171 621; x_wconf 85' lang='grc' dir='ltr'><strong><em>τυν</em></strong></span> <span class='ocrx_word' id='word_1_13' title='bbox 191 550 280 635; x_wconf 75' lang='grc' dir='ltr'><strong><em>ἄξιον</em></strong></span> <span class='ocrx_word' id='word_1_14' title='bbox 311 550 393 621; x_wconf 84' lang='grc' dir='ltr'><strong><em>εἶναι</em></strong></span> <span class='ocrx_word' id='word_1_15' title='bbox 424 559 596 640; x_wconf 77' lang='grc' dir='ltr'><strong><em>προγόνους</em></strong></span> <span class='ocrx_word' id='word_1_16' title='bbox 628 554 759 639; x_wconf 76' lang='grc' dir='ltr'><strong><em>ἑτέρους</em></strong></span> <span class='ocrx_word' id='word_1_17' title='bbox 778 557 863 643; x_wconf 76' lang='grc' dir='ltr'><strong><em>ἔχειν</em></strong></span> <span class='ocrx_word' id='word_1_18' title='bbox 895 553 916 644; x_wconf 84' lang='grc' dir='ltr'><strong><em>ή</em></strong></span> <span class='ocrx_word' id='word_1_19' title='bbox 943 562 1080 637; x_wconf 76' lang='grc' dir='ltr'><strong><em>ἐκείνους</em></strong></span> <span class='ocrx_word' id='word_1_20' title='bbox 1098 560 1224 646; x_wconf 80' lang='grc' dir='ltr'><strong><em>μόνους,</em></strong></span> 
     </span>
     <span class='ocr_line' id='line_1_4' title="bbox 118 655 1223 747; baseline 0.004 -26"><span class='ocrx_word' id='word_1_21' title='bbox 118 655 192 740; x_wconf 63' lang='grc' dir='ltr'><strong><em>μήτ’</em></strong></span> <span class='ocrx_word' id='word_1_22' title='bbox 214 657 354 731; x_wconf 78' lang='grc' dir='ltr'><strong><em>ἐκείνους</em></strong></span> <span class='ocrx_word' id='word_1_23' title='bbox 372 656 529 739; x_wconf 82' lang='grc' dir='ltr'><strong><em>σίπόγονον</em></strong></span> <span class='ocrx_word' id='word_1_24' title='bbox 546 660 653 743; x_wconf 76' lang='grc' dir='ltr'><strong><em>ἕτερον</em></strong></span> <span class='ocrx_word' id='word_1_25' title='bbox 674 658 697 744; x_wconf 81' lang='grc' dir='ltr'><strong><em>ή</em></strong></span> <span class='ocrx_word' id='word_1_26' title='bbox 718 657 781 725; x_wconf 86' lang='grc' dir='ltr'><strong><em>τόν</em></strong></span> <span class='ocrx_word' id='word_1_27' title='bbox 795 663 851 739; x_wconf 85' lang='grc' dir='ltr'><strong><em>νόν</em></strong></span> <span class='ocrx_word' id='word_1_28' title='bbox 871 659 1122 745; x_wconf 80' lang='grc' dir='ltr'><strong><em>ου’φημοόμενον.</em></strong></span> <span class='ocrx_word' id='word_1_29' title='bbox 1146 658 1223 747; x_wconf 87' lang='grc' dir='ltr'><strong><em>όπερ</em></strong></span> 
     </span>
     <span class='ocr_line' id='line_1_5' title="bbox 120 754 724 844; baseline 0.003 -23"><span class='ocrx_word' id='word_1_30' title='bbox 120 754 158 842; x_wconf 84' lang='grc' dir='ltr'><strong><em>δή</em></strong></span> <span class='ocrx_word' id='word_1_31' title='bbox 182 761 287 832; x_wconf 89' lang='grc' dir='ltr'><strong><em>καλῶς</em></strong></span> <span class='ocrx_word' id='word_1_32' title='bbox 310 760 421 821; x_wconf 82' lang='grc' dir='ltr'><strong><em>ποιοῦν</em></strong></span> <span class='ocrx_word' id='word_1_33' title='bbox 443 783 496 822; x_wconf 88' lang='grc' dir='ltr'><strong><em>και</em></strong></span> <span class='ocrx_word' id='word_1_34' title='bbox 492 761 724 844; x_wconf 82' lang='grc' dir='ltr'><strong><em>συνέδραμεν.</em></strong></span> 
     </span>
    </p>

    <p class='ocr_par' dir='ltr' id='par_1_3' title="bbox 92 854 1230 1353">
     <span class='ocr_line' id='line_1_6' title="bbox 92 854 1225 971; baseline 0.004 -49"><span class='ocrx_word' id='word_1_35' title='bbox 92 869 109 922; x_wconf 79' lang='grc'>5</span> <span class='ocrx_word' id='word_1_36' title='bbox 213 854 260 924; x_wconf 91' lang='grc' dir='ltr'><strong>Ἡ</strong></span> <span class='ocrx_word' id='word_1_37' title='bbox 276 863 335 942; x_wconf 87' lang='grc' dir='ltr'><strong><em>μὲν</em></strong></span> <span class='ocrx_word' id='word_1_38' title='bbox 357 884 413 923; x_wconf 90' lang='grc' dir='ltr'><strong><em>ουν</em></strong></span> <span class='ocrx_word' id='word_1_39' title='bbox 433 882 489 924; x_wconf 92' lang='grc' dir='ltr'><strong><em>του</em></strong></span> <span class='ocrx_word' id='word_1_40' title='bbox 509 862 619 943; x_wconf 89' lang='grc' dir='ltr'><strong><em>γε’νους</em></strong></span> <span class='ocrx_word' id='word_1_41' title='bbox 640 861 738 927; x_wconf 83' lang='grc' dir='ltr'><strong><em>αοτου</em></strong></span> <span class='ocrx_word' id='word_1_42' title='bbox 763 859 985 929; x_wconf 81' lang='grc' dir='ltr'><strong><em>α’νουτιότοοκαί</em></strong></span> <span class='ocrx_word' id='word_1_43' title='bbox 1004 861 1112 948; x_wconf 84' lang='grc' dir='ltr'><strong><em>πρῶτη</em></strong></span> <span class='ocrx_word' id='word_1_44' title='bbox 1134 856 1225 971; x_wconf 83' lang='grc' dir='ltr'><strong><em>σειρό</em></strong></span> 
     </span>
     <span class='ocr_line' id='line_1_7' title="bbox 118 950 1225 1049; baseline 0.003 -23"><span class='ocrx_word' id='word_1_45' title='bbox 118 963 155 1026; x_wconf 77' lang='grc' dir='ltr'><strong><em>ἔκ</em></strong></span> <span class='ocrx_word' id='word_1_46' title='bbox 174 963 238 1025; x_wconf 85' lang='grc' dir='ltr'><strong><em>τῶν</em></strong></span> <span class='ocrx_word' id='word_1_47' title='bbox 265 959 463 1025; x_wconf 80' lang='grc' dir='ltr'><strong><em>Φακόδοον’</em></strong></span> <span class='ocrx_word' id='word_1_48' title='bbox 448 985 574 1026; x_wconf 87' lang='grc' dir='ltr'><strong><em>εκεινων</em></strong></span> <span class='ocrx_word' id='word_1_49' title='bbox 598 957 764 1049; x_wconf 81' lang='grc' dir='ltr'><strong><em>ῶρμηται,</em></strong></span> <span class='ocrx_word' id='word_1_50' title='bbox 788 956 999 1030; x_wconf 81' lang='grc' dir='ltr'><strong><em>Φωκόδοιν</em></strong></span> <span class='ocrx_word' id='word_1_51' title='bbox 972 989 1017 1031; x_wconf 87' lang='grc' dir='ltr'><strong><em>ιον</em></strong></span> <span class='ocrx_word' id='word_1_52' title='bbox 1037 964 1125 1039; x_wconf 84' lang='grc' dir='ltr'><strong><em>κλέος</em></strong></span> <span class='ocrx_word' id='word_1_53' title='bbox 1146 950 1225 1049; x_wconf 79' lang='grc' dir='ltr'><strong><em>ον’ρυ</em></strong></span> 
     </span>
     <span class='ocr_line' id='line_1_8' title="bbox 118 1057 1229 1152; baseline 0.005 -28"><span class='ocrx_word' id='word_1_54' title='bbox 118 1057 202 1126; x_wconf 77' lang='grc' dir='ltr'><strong><em>κατὰ</em></strong></span> <span class='ocrx_word' id='word_1_55' title='bbox 225 1064 333 1125; x_wconf 77' lang='grc' dir='ltr'><strong><em>πᾶσαν</em></strong></span> <span class='ocrx_word' id='word_1_56' title='bbox 349 1062 407 1144; x_wconf 86' lang='grc' dir='ltr'><strong><em>γήν</em></strong></span> <span class='ocrx_word' id='word_1_57' title='bbox 428 1080 464 1127; x_wconf 83' lang='grc' dir='ltr'><strong><em>’τε</em></strong></span> <span class='ocrx_word' id='word_1_58' title='bbox 486 1065 541 1127; x_wconf 89' lang='grc' dir='ltr'><strong><em>καί</em></strong></span> <span class='ocrx_word' id='word_1_59' title='bbox 563 1063 741 1139; x_wconf 75' lang='grc' dir='ltr'><strong><em>θάλασσαν.</em></strong></span> <span class='ocrx_word' id='word_1_60' title='bbox 785 1057 871 1129; x_wconf 82' lang='grc' dir='ltr'><strong><em>οὗτοι</em></strong></span> <span class='ocrx_word' id='word_1_61' title='bbox 890 1063 951 1149; x_wconf 84' lang='grc' dir='ltr'><strong><em>γόρ</em></strong></span> <span class='ocrx_word' id='word_1_62' title='bbox 973 1065 1148 1152; x_wconf 86' lang='grc' dir='ltr'><strong><em>υπερφυῶς</em></strong></span> <span class='ocrx_word' id='word_1_63' title='bbox 1167 1070 1229 1129; x_wconf 87' lang='grc' dir='ltr'><strong><em>τῶν</em></strong></span> 
     </span>
     <span class='ocr_line' id='line_1_9' title="bbox 119 1153 1230 1253; baseline 0.006 -26"><span class='ocrx_word' id='word_1_64' title='bbox 119 1153 226 1227; x_wconf 83' lang='grc' dir='ltr'><strong><em>όιλλοιν</em></strong></span> <span class='ocrx_word' id='word_1_65' title='bbox 245 1160 281 1225; x_wconf 87' lang='grc' dir='ltr'><strong><em>τό</em></strong></span> <span class='ocrx_word' id='word_1_66' title='bbox 304 1158 421 1246; x_wconf 82' lang='grc' dir='ltr'><strong><em>κρότος</em></strong></span> <span class='ocrx_word' id='word_1_67' title='bbox 445 1165 675 1244; x_wconf 79' lang='grc' dir='ltr'><strong><em>ε’νβασιλείοις</em></strong></span> <span class='ocrx_word' id='word_1_68' title='bbox 696 1168 868 1252; x_wconf 75' lang='grc' dir='ltr'><strong><em>ἐκέκτηντο,</em></strong></span> <span class='ocrx_word' id='word_1_69' title='bbox 889 1172 1094 1253; x_wconf 77' lang='grc' dir='ltr'><strong><em>στρατηγίαις</em></strong></span> <span class='ocrx_word' id='word_1_70' title='bbox 1117 1190 1151 1232; x_wconf 92' lang='grc' dir='ltr'><strong><em>τε</em></strong></span> <span class='ocrx_word' id='word_1_71' title='bbox 1175 1169 1230 1233; x_wconf 87' lang='grc' dir='ltr'><strong><em>καί</em></strong></span> 
     </span>
     <span class='ocr_line' id='line_1_10' title="bbox 119 1265 1228 1353; baseline 0.003 -25"><span class='ocrx_word' id='word_1_72' title='bbox 119 1266 338 1347; x_wconf 65' lang='grc' dir='ltr'><strong><em>δημαγωγιλιις</em></strong></span> <span class='ocrx_word' id='word_1_73' title='bbox 370 1265 424 1329; x_wconf 88' lang='grc' dir='ltr'><strong><em>καί</em></strong></span> <span class='ocrx_word' id='word_1_74' title='bbox 450 1265 586 1353; x_wconf 80' lang='grc' dir='ltr'><strong><em>α’νδρείιρ</em></strong></span> <span class='ocrx_word' id='word_1_75' title='bbox 616 1271 766 1349; x_wconf 77' lang='grc' dir='ltr'><strong><em>βραχίονι</em></strong></span> <span class='ocrx_word' id='word_1_76' title='bbox 794 1270 849 1331; x_wconf 88' lang='grc' dir='ltr'><strong><em>καί</em></strong></span> <span class='ocrx_word' id='word_1_77' title='bbox 873 1274 982 1350; x_wconf 81' lang='grc' dir='ltr'><strong><em>γένους</em></strong></span> <span class='ocrx_word' id='word_1_78' title='bbox 1017 1267 1228 1352; x_wconf 88' lang='grc' dir='ltr'><strong><em>ε’πισημότητι</em></strong></span> 
     </span>
    </p>

    <p class='ocr_par' dir='ltr' id='par_1_4' title="bbox 79 1362 1230 1857">
     <span class='ocr_line' id='line_1_11' title="bbox 79 1362 1228 1455; baseline 0.002 -26"><span class='ocrx_word' id='word_1_79' title='bbox 79 1362 240 1441; x_wconf 84' lang='grc' dir='ltr'><strong><em>1οποόντας</em></strong></span> <span class='ocrx_word' id='word_1_80' title='bbox 262 1367 408 1442; x_wconf 72' lang='grc' dir='ltr'><strong><em>ἐπιεικοῦς</em></strong></span> <span class='ocrx_word' id='word_1_81' title='bbox 437 1366 684 1451; x_wconf 79' lang='grc' dir='ltr'><strong><em>όπεραίρσντες·</em></strong></span> <span class='ocrx_word' id='word_1_82' title='bbox 729 1364 911 1455; x_wconf 76' lang='grc' dir='ltr'><strong><em>ἐνενήκοντα</em></strong></span> <span class='ocrx_word' id='word_1_83' title='bbox 931 1365 991 1451; x_wconf 80' lang='grc' dir='ltr'><strong><em>γὰρ</em></strong></span> <span class='ocrx_word' id='word_1_84' title='bbox 1025 1367 1081 1432; x_wconf 84' lang='grc' dir='ltr'><strong><em>καί</em></strong></span> <span class='ocrx_word' id='word_1_85' title='bbox 1098 1367 1156 1432; x_wconf 90' lang='grc' dir='ltr'><strong><em>δόσ</em></strong></span> <span class='ocrx_word' id='word_1_86' title='bbox 1178 1391 1228 1451; x_wconf 89' lang='grc' dir='ltr'><strong><em>γε-</em></strong></span> 
     </span>
     <span class='ocr_line' id='line_1_12' title="bbox 121 1462 1227 1553; baseline 0.002 -23"><span class='ocrx_word' id='word_1_87' title='bbox 121 1463 193 1541; x_wconf 81' lang='grc' dir='ltr'><strong><em>νεὰς</em></strong></span> <span class='ocrx_word' id='word_1_88' title='bbox 222 1467 454 1551; x_wconf 80' lang='grc' dir='ltr'><strong><em>ειίημεροόντις</em></strong></span> <span class='ocrx_word' id='word_1_89' title='bbox 484 1464 563 1531; x_wconf 76' lang='lat' dir='ltr'><strong>antei</strong></span> <span class='ocrx_word' id='word_1_90' title='bbox 594 1466 628 1531; x_wconf 93' lang='grc' dir='ltr'><strong><em>τό</em></strong></span> <span class='ocrx_word' id='word_1_91' title='bbox 650 1474 790 1553; x_wconf 83' lang='grc' dir='ltr'><strong><em>συνεχὲς</em></strong></span> <span class='ocrx_word' id='word_1_92' title='bbox 826 1467 905 1535; x_wconf 73' lang='grc' dir='ltr'><strong><em>κατὰ</em></strong></span> <span class='ocrx_word' id='word_1_93' title='bbox 935 1466 1061 1535; x_wconf 79' lang='grc' dir='ltr'><strong><em>πάντων</em></strong></span> <span class='ocrx_word' id='word_1_94' title='bbox 1084 1462 1170 1551; x_wconf 83' lang='grc' dir='ltr'><strong><em>εἶχον</em></strong></span> <span class='ocrx_word' id='word_1_95' title='bbox 1190 1466 1227 1533; x_wconf 84' lang='grc' dir='ltr'><strong><em>τό</em></strong></span> 
     </span>
     <span class='ocr_line' id='line_1_13' title="bbox 119 1564 1229 1655; baseline 0.004 -25"><span class='ocrx_word' id='word_1_96' title='bbox 119 1564 295 1651; x_wconf 83' lang='grc' dir='ltr'><strong><em>νικητήρια,</em></strong></span> <span class='ocrx_word' id='word_1_97' title='bbox 314 1566 451 1651; x_wconf 90' lang='grc' dir='ltr'><strong><em>μηδενός</em></strong></span> <span class='ocrx_word' id='word_1_98' title='bbox 473 1569 753 1655; x_wconf 75' lang='grc' dir='ltr'><strong><em>α’νθαμιλληθήναι</em></strong></span> <span class='ocrx_word' id='word_1_99' title='bbox 774 1569 953 1653; x_wconf 74' lang='grc' dir='ltr'><strong><em>δυναμένου</em></strong></span> <span class='ocrx_word' id='word_1_100' title='bbox 973 1572 1029 1635; x_wconf 79' lang='grc' dir='ltr'><strong><em>κατ’</em></strong></span> <span class='ocrx_word' id='word_1_101' title='bbox 1052 1573 1229 1655; x_wconf 74' lang='grc' dir='ltr'><strong><em>συγκριθῆ-</em></strong></span> 
     </span>
     <span class='ocr_line' id='line_1_14' title="bbox 120 1663 1228 1754; baseline 0.004 -24"><span class='ocrx_word' id='word_1_102' title='bbox 120 1690 172 1731; x_wconf 89' lang='grc' dir='ltr'><strong><em>ναι</em></strong></span> <span class='ocrx_word' id='word_1_103' title='bbox 193 1668 235 1753; x_wconf 77' lang='grc' dir='ltr'><strong><em>τῷ</em></strong></span> <span class='ocrx_word' id='word_1_104' title='bbox 257 1669 338 1749; x_wconf 76' lang='grc' dir='ltr'><strong><em>γένει</em></strong></span> <span class='ocrx_word' id='word_1_105' title='bbox 360 1670 422 1731; x_wconf 89' lang='grc' dir='ltr'><strong><em>τῶν</em></strong></span> <span class='ocrx_word' id='word_1_106' title='bbox 447 1664 610 1733; x_wconf 81' lang='grc' dir='ltr'><strong><em>Φωκόδοιν</em></strong></span> <span class='ocrx_word' id='word_1_107' title='bbox 630 1670 712 1753; x_wconf 74' lang='grc' dir='ltr'><strong><em>ὑπὲρ</em></strong></span> <span class='ocrx_word' id='word_1_108' title='bbox 737 1671 871 1752; x_wconf 84' lang='grc' dir='ltr'><strong><em>α’νδρίας</em></strong></span> <span class='ocrx_word' id='word_1_109' title='bbox 894 1663 915 1754; x_wconf 82' lang='grc' dir='ltr'><strong><em>ή</em></strong></span> <span class='ocrx_word' id='word_1_110' title='bbox 938 1672 1159 1754; x_wconf 68' lang='grc' dir='ltr'><strong><em>ἀνδραγαθίας</em></strong></span> <span class='ocrx_word' id='word_1_111' title='bbox 1181 1692 1228 1737; x_wconf 87' lang='grc' dir='ltr'><strong><em>τι-</em></strong></span> 
     </span>
     <span class='ocr_line' id='line_1_15' title="bbox 121 1762 1230 1857; baseline 0.004 -25"><span class='ocrx_word' id='word_1_112' title='bbox 121 1766 176 1843; x_wconf 88' lang='grc' dir='ltr'><strong><em>νός</em></strong></span> <span class='ocrx_word' id='word_1_113' title='bbox 205 1762 225 1852; x_wconf 83' lang='grc' dir='ltr'><em>ἢ</em></span> <span class='ocrx_word' id='word_1_114' title='bbox 250 1768 405 1843; x_wconf 83' lang='grc' dir='ltr'><strong><em>όπατειάς</em></strong></span> <span class='ocrx_word' id='word_1_115' title='bbox 434 1773 584 1854; x_wconf 90' lang='grc' dir='ltr'><strong><em>μεγίστης</em></strong></span> <span class='ocrx_word' id='word_1_116' title='bbox 618 1774 674 1835; x_wconf 86' lang='grc' dir='ltr'><strong><em>καί</em></strong></span> <span class='ocrx_word' id='word_1_117' title='bbox 694 1774 887 1856; x_wconf 89' lang='grc' dir='ltr'><strong><em>στρατηγίας</em></strong></span> <span class='ocrx_word' id='word_1_118' title='bbox 915 1770 1098 1857; x_wconf 77' lang='grc' dir='ltr'><strong><em>ἐπιφανοῦς.</em></strong></span> <span class='ocrx_word' id='word_1_119' title='bbox 1142 1772 1173 1836; x_wconf 83' lang='grc' dir='ltr'><strong><em>εἰ</em></strong></span> <span class='ocrx_word' id='word_1_120' title='bbox 1193 1774 1230 1836; x_wconf 88' lang='grc' dir='ltr'><strong><em>δί</em></strong></span> 
     </span>
    </p>

    <p class='ocr_par' dir='ltr' id='par_1_5' title="bbox 81 1868 1230 2355">
     <span class='ocr_line' id='line_1_16' title="bbox 81 1868 1229 1959; baseline 0.003 -25"><span class='ocrx_word' id='word_1_121' title='bbox 81 1881 113 1934; x_wconf 82' lang='lat'><strong><em>15</em></strong></span> <span class='ocrx_word' id='word_1_122' title='bbox 122 1890 171 1943; x_wconf 87' lang='grc' dir='ltr'><strong><em>τις</em></strong></span> <span class='ocrx_word' id='word_1_123' title='bbox 196 1869 376 1952; x_wconf 82' lang='grc' dir='ltr'><strong><em>α’ναδριόμυι</em></strong></span> <span class='ocrx_word' id='word_1_124' title='bbox 397 1868 476 1954; x_wconf 89' lang='grc' dir='ltr'><strong><em>πρός</em></strong></span> <span class='ocrx_word' id='word_1_125' title='bbox 499 1869 557 1954; x_wconf 86' lang='grc' dir='ltr'><strong><em>τήν</em></strong></span> <span class='ocrx_word' id='word_1_126' title='bbox 578 1873 639 1934; x_wconf 92' lang='grc' dir='ltr'><strong><em>τῶν</em></strong></span> <span class='ocrx_word' id='word_1_127' title='bbox 661 1871 844 1955; x_wconf 80' lang='grc' dir='ltr'><strong><em>ἐνενήκοντα</em></strong></span> <span class='ocrx_word' id='word_1_128' title='bbox 875 1876 930 1938; x_wconf 85' lang='grc' dir='ltr'><strong><em>καί</em></strong></span> <span class='ocrx_word' id='word_1_129' title='bbox 950 1870 1009 1938; x_wconf 71' lang='lat' dir='ltr'><strong>otio</strong></span> <span class='ocrx_word' id='word_1_130' title='bbox 1032 1873 1144 1955; x_wconf 80' lang='grc' dir='ltr'><strong><em>γενεῶν</em></strong></span> <span class='ocrx_word' id='word_1_131' title='bbox 1166 1874 1229 1959; x_wconf 88' lang='grc' dir='ltr'><strong><em>α’ρ-</em></strong></span> 
     </span>
     <span class='ocr_line' id='line_1_17' title="bbox 121 1966 1230 2057; baseline 0.005 -23"><span class='ocrx_word' id='word_1_132' title='bbox 121 1969 184 2054; x_wconf 83' lang='grc' dir='ltr'><strong><em>χήν</em></strong></span> <span class='ocrx_word' id='word_1_133' title='bbox 207 1968 261 2032; x_wconf 82' lang='grc' dir='ltr'><strong><em>κατ’</em></strong></span> <span class='ocrx_word' id='word_1_134' title='bbox 283 1966 443 2055; x_wconf 83' lang='grc' dir='ltr'><strong><em>α’κρότητα</em></strong></span> <span class='ocrx_word' id='word_1_135' title='bbox 478 1975 589 2054; x_wconf 76' lang='grc' dir='ltr'><strong><em>(μέχρι</em></strong></span> <span class='ocrx_word' id='word_1_136' title='bbox 612 1971 672 2055; x_wconf 81' lang='grc' dir='ltr'><strong><em>γὰρ</em></strong></span> <span class='ocrx_word' id='word_1_137' title='bbox 696 1976 756 2035; x_wconf 76' lang='grc' dir='ltr'><strong><em>τοῦ</em></strong></span> <span class='ocrx_word' id='word_1_138' title='bbox 774 1977 828 2055; x_wconf 79' lang='grc' dir='ltr'><strong><em>τῆς</em></strong></span> <span class='ocrx_word' id='word_1_139' title='bbox 860 1974 1012 2055; x_wconf 83' lang='grc' dir='ltr'><strong><em>αόιδίμσυ</em></strong></span> <span class='ocrx_word' id='word_1_140' title='bbox 1033 1972 1150 2057; x_wconf 80' lang='grc' dir='ltr'><strong><em>λήξεως</em></strong></span> <span class='ocrx_word' id='word_1_141' title='bbox 1166 1980 1230 2056; x_wconf 78' lang='grc' dir='ltr'><strong><em>βα-</em></strong></span> 
     </span>
     <span class='ocr_line' id='line_1_18' title="bbox 123 2071 1228 2158; baseline 0.003 -21"><span class='ocrx_word' id='word_1_142' title='bbox 123 2074 237 2145; x_wconf 83' lang='grc' dir='ltr'><strong><em>σιλέως</em></strong></span> <span class='ocrx_word' id='word_1_143' title='bbox 258 2071 371 2153; x_wconf 88' lang='grc' dir='ltr'><strong><em>κυρίου</em></strong></span> <span class='ocrx_word' id='word_1_144' title='bbox 393 2072 584 2158; x_wconf 88' lang='grc' dir='ltr'><strong><em>Νικηφόρου</em></strong></span> <span class='ocrx_word' id='word_1_145' title='bbox 608 2078 665 2137; x_wconf 78' lang='grc' dir='ltr'><strong><em>τοῦ</em></strong></span> <span class='ocrx_word' id='word_1_146' title='bbox 689 2076 791 2138; x_wconf 66' lang='lat' dir='ltr'><strong>werno</strong></span> <span class='ocrx_word' id='word_1_147' title='bbox 817 2071 852 2139; x_wconf 73' lang='lat' dir='ltr'><strong><em>io</em></strong></span> <span class='ocrx_word' id='word_1_148' title='bbox 877 2072 974 2139; x_wconf 89' lang='grc' dir='ltr'><strong><em>ποσόν</em></strong></span> <span class='ocrx_word' id='word_1_149' title='bbox 994 2079 1057 2140; x_wconf 89' lang='grc' dir='ltr'><strong><em>τῶν</em></strong></span> <span class='ocrx_word' id='word_1_150' title='bbox 1077 2074 1228 2141; x_wconf 79' lang='grc' dir='ltr'><strong><em>τοιούτων</em></strong></span> 
     </span>
     <span class='ocr_line' id='line_1_19' title="bbox 125 2167 1230 2257; baseline 0.001 -19"><span class='ocrx_word' id='word_1_151' title='bbox 125 2174 362 2257; x_wconf 79' lang='grc' dir='ltr'><strong><em>συνεψηφίζετο</em></strong></span> <span class='ocrx_word' id='word_1_152' title='bbox 383 2176 533 2257; x_wconf 87' lang='grc' dir='ltr'><strong><em>γενεῶν),</em></strong></span> <span class='ocrx_word' id='word_1_153' title='bbox 558 2172 688 2257; x_wconf 81' lang='grc' dir='ltr'><strong><em>εόρήσει</em></strong></span> <span class='ocrx_word' id='word_1_154' title='bbox 712 2179 924 2257; x_wconf 83' lang='grc' dir='ltr'><strong><em>κατηγμὲνους</em></strong></span> <span class='ocrx_word' id='word_1_155' title='bbox 946 2175 1064 2249; x_wconf 80' lang='grc' dir='ltr'><strong><em>αιίιοός</em></strong></span> <span class='ocrx_word' id='word_1_156' title='bbox 1086 2167 1148 2237; x_wconf 81' lang='grc' dir='ltr'><strong><em>υἷπό</em></strong></span> <span class='ocrx_word' id='word_1_157' title='bbox 1172 2178 1230 2239; x_wconf 80' lang='grc' dir='ltr'><strong><em>τοῦ</em></strong></span> 
     </span>
     <span class='ocr_line' id='line_1_20' title="bbox 124 2269 1230 2355; baseline -0.002 -18"><span class='ocrx_word' id='word_1_158' title='bbox 124 2273 342 2355; x_wconf 81' lang='grc' dir='ltr'><strong><em>τρισμάκαρσς</em></strong></span> <span class='ocrx_word' id='word_1_159' title='bbox 377 2270 432 2335; x_wconf 86' lang='grc' dir='ltr'><strong><em>καί</em></strong></span> <span class='ocrx_word' id='word_1_160' title='bbox 450 2269 592 2355; x_wconf 78' lang='grc' dir='ltr'><strong><em>μεγάλου</em></strong></span> <span class='ocrx_word' id='word_1_161' title='bbox 615 2277 878 2355; x_wconf 72' lang='grc' dir='ltr'><strong><em>Κωνσταντινου,</em></strong></span> <span class='ocrx_word' id='word_1_162' title='bbox 909 2278 966 2338; x_wconf 72' lang='lat' dir='ltr'><strong>rosi</strong></span> <span class='ocrx_word' id='word_1_163' title='bbox 988 2270 1113 2338; x_wconf 86' lang='grc' dir='ltr'><strong><em>πόντων</em></strong></span> <span class='ocrx_word' id='word_1_164' title='bbox 1133 2278 1230 2354; x_wconf 77' lang='grc' dir='ltr'><strong><em>βασι-</em></strong></span> 
     </span>
    </p>
   </div>
   <div class='ocr_carea' id='block_1_3' title="bbox 82 2370 1231 2764">
    <p class='ocr_par' dir='ltr' id='par_1_6' title="bbox 82 2370 1231 2764">
     <span class='ocr_line' id='line_1_21' title="bbox 82 2370 1231 2458; baseline -0.001 -18"><span class='ocrx_word' id='word_1_165' title='bbox 82 2376 206 2442; x_wconf 76' lang='grc' dir='ltr'><strong><em>λθλόοιν</em></strong></span> <span class='ocrx_word' id='word_1_166' title='bbox 224 2373 395 2457; x_wconf 73' lang='grc' dir='ltr'><strong><em>ὑπέρτερον</em></strong></span> <span class='ocrx_word' id='word_1_167' title='bbox 415 2375 584 2458; x_wconf 78' lang='grc' dir='ltr'><strong><em>ἐσχηκότος</em></strong></span> <span class='ocrx_word' id='word_1_168' title='bbox 604 2375 717 2457; x_wconf 84' lang='grc' dir='ltr'><strong><em>κρότος</em></strong></span> <span class='ocrx_word' id='word_1_169' title='bbox 740 2374 773 2438; x_wconf 82' lang='grc' dir='ltr'><strong><em>ἐν</em></strong></span> <span class='ocrx_word' id='word_1_170' title='bbox 803 2373 978 2457; x_wconf 81' lang='grc' dir='ltr'><strong><em>όπεροχαῖς</em></strong></span> <span class='ocrx_word' id='word_1_171' title='bbox 1001 2370 1231 2457; x_wconf 87' lang='grc' dir='ltr'><strong><em>ιίγωνισμοότοιν</em></strong></span> 
     </span>
     <span class='ocr_line' id='line_1_22' title="bbox 123 2469 1230 2559; baseline -0.002 -22"><span class='ocrx_word' id='word_1_172' title='bbox 123 2477 302 2556; x_wconf 78' lang='grc' dir='ltr'><strong><em>πολεμικῶν</em></strong></span> <span class='ocrx_word' id='word_1_173' title='bbox 325 2476 381 2537; x_wconf 83' lang='grc' dir='ltr'><strong><em>καί</em></strong></span> <span class='ocrx_word' id='word_1_174' title='bbox 399 2474 456 2539; x_wconf 80' lang='grc' dir='ltr'><strong><em>τοῦ</em></strong></span> <span class='ocrx_word' id='word_1_175' title='bbox 477 2469 557 2557; x_wconf 75' lang='grc' dir='ltr'><strong><em>ὑπὲρ</em></strong></span> <span class='ocrx_word' id='word_1_176' title='bbox 580 2477 635 2559; x_wconf 80' lang='grc' dir='ltr'><strong><em>τῆς</em></strong></span> <span class='ocrx_word' id='word_1_177' title='bbox 658 2476 824 2556; x_wconf 78' lang='grc' dir='ltr'><strong><em>εόσεβειάς</em></strong></span> <span class='ocrx_word' id='word_1_178' title='bbox 845 2475 953 2558; x_wconf 83' lang='grc' dir='ltr'><strong><em>ζήλου,</em></strong></span> <span class='ocrx_word' id='word_1_179' title='bbox 975 2472 1018 2551; x_wconf 84' lang='grc' dir='ltr'><strong><em>ῶς</em></strong></span> <span class='ocrx_word' id='word_1_180' title='bbox 1040 2477 1095 2539; x_wconf 82' lang='grc' dir='ltr'><strong><em>καί</em></strong></span> <span class='ocrx_word' id='word_1_181' title='bbox 1115 2470 1230 2539; x_wconf 83' lang='grc' dir='ltr'><strong><em>ι’σαπό-</em></strong></span> 
     </span>
     <span class='ocr_line' id='line_1_23' title="bbox 123 2573 1228 2660; baseline 0.001 -20"><span class='ocrx_word' id='word_1_182' title='bbox 123 2583 236 2641; x_wconf 88' lang='grc' dir='ltr'><strong><em>στολου</em></strong></span> <span class='ocrx_word' id='word_1_183' title='bbox 266 2578 455 2659; x_wconf 68' lang='grc' dir='ltr'><strong><em>λογισθῆναι</em></strong></span> <span class='ocrx_word' id='word_1_184' title='bbox 483 2575 539 2640; x_wconf 85' lang='grc' dir='ltr'><strong><em>καί</em></strong></span> <span class='ocrx_word' id='word_1_185' title='bbox 564 2580 620 2660; x_wconf 88' lang='grc' dir='ltr'><strong><em>τής</em></strong></span> <span class='ocrx_word' id='word_1_186' title='bbox 650 2577 853 2660; x_wconf 87' lang='grc' dir='ltr'><strong><em>Χριστιανῶν</em></strong></span> <span class='ocrx_word' id='word_1_187' title='bbox 880 2573 1055 2659; x_wconf 83' lang='grc' dir='ltr'><strong><em>α’μοιμήτου</em></strong></span> <span class='ocrx_word' id='word_1_188' title='bbox 1095 2574 1228 2651; x_wconf 83' lang='grc' dir='ltr'><strong><em>πίστεως</em></strong></span> 
     </span>
     <span class='ocr_line' id='line_1_24' title="bbox 123 2667 1227 2764; baseline 0.002 -24"><span class='ocrx_word' id='word_1_189' title='bbox 123 2678 263 2763; x_wconf 84' lang='grc' dir='ltr'><strong><em>κρηπῖδα</em></strong></span> <span class='ocrx_word' id='word_1_190' title='bbox 284 2681 472 2763; x_wconf 76' lang='grc' dir='ltr'><strong><em>τελεσδήναι</em></strong></span> <span class='ocrx_word' id='word_1_191' title='bbox 494 2682 549 2743; x_wconf 84' lang='grc' dir='ltr'><strong><em>καί</em></strong></span> <span class='ocrx_word' id='word_1_192' title='bbox 569 2677 732 2764; x_wconf 79' lang='grc' dir='ltr'><strong><em>πρόβολον.</em></strong></span> <span class='ocrx_word' id='word_1_193' title='bbox 776 2667 865 2755; x_wconf 77' lang='grc' dir='ltr'><strong><em>οὗτος</em></strong></span> <span class='ocrx_word' id='word_1_194' title='bbox 884 2675 945 2763; x_wconf 83' lang='grc' dir='ltr'><strong><em>γόρ</em></strong></span> <span class='ocrx_word' id='word_1_195' title='bbox 968 2672 1031 2741; x_wconf 86' lang='grc' dir='ltr'><strong><em>α’πό</em></strong></span> <span class='ocrx_word' id='word_1_196' title='bbox 1053 2679 1108 2762; x_wconf 86' lang='grc' dir='ltr'><strong><em>τής</em></strong></span> <span class='ocrx_word' id='word_1_197' title='bbox 1128 2700 1227 2762; x_wconf 85' lang='grc' dir='ltr'><strong><em>πρεσ-</em></strong></span> 
     </span>
    </p>
   </div>
   <div class='ocr_carea' id='block_1_4' title="bbox 124 2968 1227 3137">
    <p class='ocr_par' dir='ltr' id='par_1_7' title="bbox 124 2968 1227 3125">
     <span class='ocr_line' id='line_1_25' title="bbox 125 2968 1227 3053; baseline 0.001 -18"><span class='ocrx_word' id='word_1_198' title='bbox 125 2985 164 3035; x_wconf 85' lang='lat' dir='ltr'><strong>ita</strong></span> <span class='ocrx_word' id='word_1_199' title='bbox 181 2988 211 3033; x_wconf 90' lang='lat' dir='ltr'><strong>ut</strong></span> <span class='ocrx_word' id='word_1_200' title='bbox 229 2996 317 3051; x_wconf 87' lang='lat' dir='ltr'><strong>neque</strong></span> <span class='ocrx_word' id='word_1_201' title='bbox 343 2982 388 3035; x_wconf 87' lang='lat' dir='ltr'><strong><em>hie</em></strong></span> <span class='ocrx_word' id='word_1_202' title='bbox 406 2968 501 3053; x_wconf 85' lang='lat' dir='ltr'><strong>dignus</strong></span> <span class='ocrx_word' id='word_1_203' title='bbox 520 2985 618 3048; x_wconf 81' lang='lat' dir='ltr'><strong>tuerit,</strong></span> <span class='ocrx_word' id='word_1_204' title='bbox 638 2986 684 3052; x_wconf 87' lang='lat' dir='ltr'><strong><em>qui</em></strong></span> <span class='ocrx_word' id='word_1_205' title='bbox 702 2984 817 3035; x_wconf 87' lang='lat' dir='ltr'><strong>maiores</strong></span> <span class='ocrx_word' id='word_1_206' title='bbox 842 2980 910 3034; x_wconf 88' lang='lat' dir='ltr'><strong>alios</strong></span> <span class='ocrx_word' id='word_1_207' title='bbox 935 2981 1047 3034; x_wconf 88' lang='lat' dir='ltr'><strong>haberet</strong></span> <span class='ocrx_word' id='word_1_208' title='bbox 1064 2988 1144 3050; x_wconf 88' lang='lat' dir='ltr'><strong>atque</strong></span> <span class='ocrx_word' id='word_1_209' title='bbox 1161 2980 1227 3036; x_wconf 89' lang='lat' dir='ltr'><strong>illos</strong></span> 
     </span>
     <span class='ocr_line' id='line_1_26' title="bbox 124 3052 1226 3137; baseline -0.003 -30"><span class='ocrx_word' id='word_1_210' title='bbox 124 3052 216 3118; x_wconf 86' lang='lat' dir='ltr'><strong>solos,</strong></span> <span class='ocrx_word' id='word_1_211' title='bbox 236 3070 325 3123; x_wconf 86' lang='lat' dir='ltr'><strong>neque</strong></span> <span class='ocrx_word' id='word_1_212' title='bbox 343 3055 403 3119; x_wconf 90' lang='lat' dir='ltr'><strong>iili,</strong></span> <span class='ocrx_word' id='word_1_213' title='bbox 423 3058 468 3125; x_wconf 86' lang='lat' dir='ltr'><strong><em>qui</em></strong></span> <span class='ocrx_word' id='word_1_214' title='bbox 488 3064 646 3137; x_wconf 76' lang='lat' dir='ltr'><strong>prognatum</strong></span> <span class='ocrx_word' id='word_1_215' title='bbox 665 3054 746 3104; x_wconf 89' lang='lat' dir='ltr'><strong>alium</strong></span> <span class='ocrx_word' id='word_1_216' title='bbox 764 3052 894 3104; x_wconf 84' lang='lat' dir='ltr'><strong>habereut</strong></span> <span class='ocrx_word' id='word_1_217' title='bbox 913 3067 944 3103; x_wconf 88' lang='lat' dir='ltr'><strong><em>ae</em></strong></span> <span class='ocrx_word' id='word_1_218' title='bbox 963 3068 1040 3119; x_wconf 89' lang='lat' dir='ltr'><strong>quem</strong></span> <span class='ocrx_word' id='word_1_219' title='bbox 1059 3068 1131 3103; x_wconf 90' lang='lat' dir='ltr'><strong>nune</strong></span> <span class='ocrx_word' id='word_1_220' title='bbox 1149 3052 1226 3104; x_wconf 81' lang='lat' dir='ltr'><strong>cele</strong></span> 
     </span>
    </p>
   </div>
   <div class='ocr_carea' id='block_1_5' title="bbox 124 3124 639 3195">
    <p class='ocr_par' dir='ltr' id='par_1_8' title="bbox 124 3124 639 3195">
     <span class='ocr_line' id='line_1_27' title="bbox 124 3124 639 3195; baseline -0.002 -19"><span class='ocrx_word' id='word_1_221' title='bbox 124 3124 252 3178; x_wconf 88' lang='lat' dir='ltr'><strong>bramus.</strong></span> <span class='ocrx_word' id='word_1_222' title='bbox 272 3127 299 3178; x_wconf 85' lang='lat' dir='ltr'><strong><em>id</em></strong></span> <span class='ocrx_word' id='word_1_223' title='bbox 318 3129 388 3195; x_wconf 89' lang='lat' dir='ltr'><strong>quod</strong></span> <span class='ocrx_word' id='word_1_224' title='bbox 406 3128 476 3178; x_wconf 86' lang='lat' dir='ltr'><strong>bene</strong></span> <span class='ocrx_word' id='word_1_225' title='bbox 504 3126 639 3177; x_wconf 84' lang='lat' dir='ltr'><strong>convenit.</strong></span> 
     </span>
    </p>
   </div>
   <div class='ocr_carea' id='block_1_6' title="bbox 21 3212 1225 4283">
    <p class='ocr_par' dir='ltr' id='par_1_9' title="bbox 21 3212 1225 3854">
     <span class='ocr_line' id='line_1_28' title="bbox 226 3212 1225 3281; baseline -0.002 -14"><span class='ocrx_word' id='word_1_226' title='bbox 226 3212 337 3267; x_wconf 84' lang='lat' dir='ltr'><strong>Generis</strong></span> <span class='ocrx_word' id='word_1_227' title='bbox 357 3215 440 3281; x_wconf 89' lang='lat' dir='ltr'><strong>igitur</strong></span> <span class='ocrx_word' id='word_1_228' title='bbox 459 3214 517 3263; x_wconf 87' lang='lat' dir='ltr'><strong>eius</strong></span> <span class='ocrx_word' id='word_1_229' title='bbox 537 3226 659 3279; x_wconf 82' lang='lat' dir='ltr'><strong>suprema</strong></span> <span class='ocrx_word' id='word_1_230' title='bbox 679 3219 705 3263; x_wconf 85' lang='lat' dir='ltr'><strong>et</strong></span> <span class='ocrx_word' id='word_1_231' title='bbox 721 3212 806 3279; x_wconf 89' lang='lat' dir='ltr'><strong>prima</strong></span> <span class='ocrx_word' id='word_1_232' title='bbox 826 3219 920 3264; x_wconf 87' lang='lat' dir='ltr'><strong>catena</strong></span> <span class='ocrx_word' id='word_1_233' title='bbox 940 3227 973 3265; x_wconf 87' lang='lat' dir='ltr'><strong><em>ex</em></strong></span> <span class='ocrx_word' id='word_1_234' title='bbox 990 3212 1157 3265; x_wconf 86' lang='lat' dir='ltr'><strong>Phocadibus</strong></span> <span class='ocrx_word' id='word_1_235' title='bbox 1170 3212 1225 3265; x_wconf 85' lang='lat' dir='ltr'><strong>iltis</strong></span> 
     </span>
     <span class='ocr_line' id='line_1_29' title="bbox 124 3282 1224 3354; baseline -0.001 -18"><span class='ocrx_word' id='word_1_236' title='bbox 124 3286 196 3349; x_wconf 86' lang='lat' dir='ltr'><strong>exit,</strong></span> <span class='ocrx_word' id='word_1_237' title='bbox 216 3300 335 3354; x_wconf 84' lang='lat' dir='ltr'><strong>quorum·</strong></span> <span class='ocrx_word' id='word_1_238' title='bbox 347 3283 434 3353; x_wconf 84' lang='lat' dir='ltr'><strong>gioria</strong></span> <span class='ocrx_word' id='word_1_239' title='bbox 453 3282 532 3333; x_wconf 89' lang='lat' dir='ltr'><strong>iata</strong></span> <span class='ocrx_word' id='word_1_240' title='bbox 525 3299 552 3333; x_wconf 89' lang='grc' dir='ltr'><strong><em>ιιι</em></strong></span> <span class='ocrx_word' id='word_1_241' title='bbox 572 3283 642 3333; x_wconf 86' lang='lat' dir='ltr'><strong>omui</strong></span> <span class='ocrx_word' id='word_1_242' title='bbox 670 3291 741 3335; x_wconf 90' lang='lat' dir='ltr'><strong>terra</strong></span> <span class='ocrx_word' id='word_1_243' title='bbox 759 3292 838 3351; x_wconf 88' lang='lat' dir='ltr'><strong>atque</strong></span> <span class='ocrx_word' id='word_1_244' title='bbox 858 3286 923 3335; x_wconf 84' lang='lat' dir='ltr'><strong>mari</strong></span> <span class='ocrx_word' id='word_1_245' title='bbox 944 3292 984 3337; x_wconf 81' lang='lat' dir='ltr'><strong>ert</strong></span> <span class='ocrx_word' id='word_1_246' title='bbox 1004 3284 1176 3353; x_wconf 82' lang='lat' dir='ltr'><strong>pervulgata:</strong></span> <span class='ocrx_word' id='word_1_247' title='bbox 1197 3284 1224 3336; x_wconf 92' lang='lat' dir='ltr'><strong><em>hi</em></strong></span> 
     </span>
     <span class='ocr_line' id='line_1_30' title="bbox 123 3354 1225 3425; baseline 0 -17"><span class='ocrx_word' id='word_1_248' title='bbox 123 3358 194 3408; x_wconf 88' lang='lat' dir='ltr'><strong>enim</strong></span> <span class='ocrx_word' id='word_1_249' title='bbox 211 3358 296 3425; x_wconf 86' lang='lat' dir='ltr'><strong>magis</strong></span> <span class='ocrx_word' id='word_1_250' title='bbox 313 3354 411 3406; x_wconf 82' lang='lat' dir='ltr'><strong>ceteris</strong></span> <span class='ocrx_word' id='word_1_251' title='bbox 431 3356 576 3421; x_wconf 88' lang='lat' dir='ltr'><strong>potentiam</strong></span> <span class='ocrx_word' id='word_1_252' title='bbox 595 3355 623 3406; x_wconf 88' lang='lat' dir='ltr'><strong><em>in</em></strong></span> <span class='ocrx_word' id='word_1_253' title='bbox 635 3357 728 3423; x_wconf 86' lang='lat' dir='ltr'><strong>regnis</strong></span> <span class='ocrx_word' id='word_1_254' title='bbox 747 3355 798 3408; x_wconf 86' lang='lat' dir='ltr'><strong>sibi</strong></span> <span class='ocrx_word' id='word_1_255' title='bbox 818 3366 1049 3422; x_wconf 86' lang='lat' dir='ltr'><strong>comparaverunt,</strong></span> <span class='ocrx_word' id='word_1_256' title='bbox 1059 3357 1177 3425; x_wconf 87' lang='lat' dir='ltr'><strong>imperiis</strong></span> <span class='ocrx_word' id='word_1_257' title='bbox 1198 3365 1225 3409; x_wconf 87' lang='lat' dir='ltr'><strong>et</strong></span> 
     </span>
     <span class='ocr_line' id='line_1_31' title="bbox 123 3425 1224 3497; baseline -0.002 -18"><span class='ocrx_word' id='word_1_258' title='bbox 123 3426 219 3495; x_wconf 89' lang='lat' dir='ltr'><strong>populi</strong></span> <span class='ocrx_word' id='word_1_259' title='bbox 237 3426 433 3497; x_wconf 75' lang='lat' dir='ltr'>gubernatione</span> <span class='ocrx_word' id='word_1_260' title='bbox 447 3433 480 3476; x_wconf 85' lang='lat' dir='ltr'><strong>et</strong></span> <span class='ocrx_word' id='word_1_261' title='bbox 498 3425 572 3479; x_wconf 89' lang='lat' dir='ltr'><strong>virili</strong></span> <span class='ocrx_word' id='word_1_262' title='bbox 591 3442 669 3477; x_wconf 86' lang='lat' dir='ltr'><strong>mauu</strong></span> <span class='ocrx_word' id='word_1_263' title='bbox 690 3436 716 3478; x_wconf 90' lang='lat' dir='ltr'><strong>et</strong></span> <span class='ocrx_word' id='word_1_264' title='bbox 735 3429 843 3495; x_wconf 82' lang='lat' dir='ltr'><strong>generis</strong></span> <span class='ocrx_word' id='word_1_265' title='bbox 876 3426 1020 3494; x_wconf 77' lang='lat' dir='ltr'>splendore</span> <span class='ocrx_word' id='word_1_266' title='bbox 1045 3444 1137 3479; x_wconf 88' lang='lat' dir='ltr'><strong>omnes</strong></span> <span class='ocrx_word' id='word_1_267' title='bbox 1167 3427 1224 3477; x_wconf 88' lang='lat' dir='ltr'><strong>iere</strong></span> 
     </span>
     <span class='ocr_line' id='line_1_32' title="bbox 122 3497 1224 3567; baseline -0.004 -16"><span class='ocrx_word' id='word_1_268' title='bbox 122 3506 295 3564; x_wconf 75' lang='lat' dir='ltr'><strong>superantes:</strong></span> <span class='ocrx_word' id='word_1_269' title='bbox 321 3512 371 3563; x_wconf 92' lang='lat' dir='ltr'><strong><em>per</em></strong></span> <span class='ocrx_word' id='word_1_270' title='bbox 396 3499 542 3567; x_wconf 73' lang='lat' dir='ltr'><strong>nonaginta</strong></span> <span class='ocrx_word' id='word_1_271' title='bbox 561 3499 631 3549; x_wconf 88' lang='lat' dir='ltr'><strong>enim</strong></span> <span class='ocrx_word' id='word_1_272' title='bbox 651 3506 677 3551; x_wconf 86' lang='lat' dir='ltr'><strong>et</strong></span> <span class='ocrx_word' id='word_1_273' title='bbox 695 3499 760 3551; x_wconf 86' lang='lat' dir='ltr'><strong>duas</strong></span> <span class='ocrx_word' id='word_1_274' title='bbox 779 3507 880 3565; x_wconf 73' lang='lat' dir='ltr'><strong>aetates</strong></span> <span class='ocrx_word' id='word_1_275' title='bbox 910 3500 1006 3551; x_wconf 82' lang='lat' dir='ltr'><strong>felices</strong></span> <span class='ocrx_word' id='word_1_276' title='bbox 1024 3507 1172 3567; x_wconf 85' lang='lat' dir='ltr'><strong>perpetuo,</strong></span> <span class='ocrx_word' id='word_1_277' title='bbox 1191 3497 1224 3547; x_wconf 91' lang='lat' dir='ltr'><strong><em>de</em></strong></span> 
     </span>
     <span class='ocr_line' id='line_1_33' title="bbox 123 3567 1225 3637; baseline -0.005 -17"><span class='ocrx_word' id='word_1_278' title='bbox 123 3568 246 3620; x_wconf 89' lang='lat' dir='ltr'><strong>omnibns</strong></span> <span class='ocrx_word' id='word_1_279' title='bbox 266 3567 438 3634; x_wconf 73' lang='lat' dir='ltr'><strong>reportabant</strong></span> <span class='ocrx_word' id='word_1_280' title='bbox 455 3577 575 3637; x_wconf 82' lang='lat' dir='ltr'><strong>tropaea,</strong></span> <span class='ocrx_word' id='word_1_281' title='bbox 606 3586 665 3621; x_wconf 86' lang='lat' dir='ltr'><strong><em>cum</em></strong></span> <span class='ocrx_word' id='word_1_282' title='bbox 692 3586 771 3622; x_wconf 87' lang='lat' dir='ltr'><strong>uerno</strong></span> <span class='ocrx_word' id='word_1_283' title='bbox 793 3573 921 3623; x_wconf 84' lang='lat' dir='ltr'><strong>resistere</strong></span> <span class='ocrx_word' id='word_1_284' title='bbox 940 3579 1032 3637; x_wconf 85' lang='lat' dir='ltr'><strong>posset</strong></span> <span class='ocrx_word' id='word_1_285' title='bbox 1062 3576 1088 3618; x_wconf 89' lang='lat' dir='ltr'><strong>et</strong></span> <span class='ocrx_word' id='word_1_286' title='bbox 1114 3581 1225 3634; x_wconf 87' lang='lat' dir='ltr'><strong>compa.</strong></span> 
     </span>
     <span class='ocr_line' id='line_1_34' title="bbox 122 3638 1225 3707; baseline -0.003 -15"><span class='ocrx_word' id='word_1_287' title='bbox 122 3638 176 3692; x_wconf 90' lang='lat' dir='ltr'><strong>rari</strong></span> <span class='ocrx_word' id='word_1_288' title='bbox 196 3639 290 3705; x_wconf 84' lang='lat' dir='ltr'><strong>generi</strong></span> <span class='ocrx_word' id='word_1_289' title='bbox 311 3638 462 3691; x_wconf 88' lang='lat' dir='ltr'><strong>Phocadum</strong></span> <span class='ocrx_word' id='word_1_290' title='bbox 481 3642 514 3692; x_wconf 90' lang='lat' dir='ltr'><strong><em>de</em></strong></span> <span class='ocrx_word' id='word_1_291' title='bbox 532 3642 632 3694; x_wconf 84' lang='lat' dir='ltr'><strong>virtute</strong></span> <span class='ocrx_word' id='word_1_292' title='bbox 651 3642 696 3694; x_wconf 82' lang='lat' dir='ltr'><strong><em>vel</em></strong></span> <span class='ocrx_word' id='word_1_293' title='bbox 715 3642 872 3695; x_wconf 83' lang='lat' dir='ltr'><strong>fortitudine</strong></span> <span class='ocrx_word' id='word_1_294' title='bbox 892 3641 937 3692; x_wconf 86' lang='lat' dir='ltr'><strong><em>vel</em></strong></span> <span class='ocrx_word' id='word_1_295' title='bbox 964 3640 1093 3707; x_wconf 76' lang='lat' dir='ltr'><strong>dignitate</strong></span> <span class='ocrx_word' id='word_1_296' title='bbox 1112 3639 1225 3689; x_wconf 84' lang='lat' dir='ltr'><strong>maxima</strong></span> 
     </span>
     <span class='ocr_line' id='line_1_35' title="bbox 123 3710 1224 3781; baseline -0.002 -18"><span class='ocrx_word' id='word_1_297' title='bbox 123 3718 150 3763; x_wconf 92' lang='lat' dir='ltr'><strong>et</strong></span> <span class='ocrx_word' id='word_1_298' title='bbox 171 3710 284 3776; x_wconf 87' lang='lat' dir='ltr'><strong>imperio</strong></span> <span class='ocrx_word' id='word_1_299' title='bbox 304 3711 411 3778; x_wconf 78' lang='lat' dir='ltr'><strong>amplo:</strong></span> <span class='ocrx_word' id='word_1_300' title='bbox 430 3713 453 3764; x_wconf 85' lang='lat' dir='ltr'><strong><em>si</em></strong></span> <span class='ocrx_word' id='word_1_301' title='bbox 472 3715 531 3781; x_wconf 88' lang='lat' dir='ltr'><strong>quis</strong></span> <span class='ocrx_word' id='word_1_302' title='bbox 550 3720 638 3765; x_wconf 82' lang='lat' dir='ltr'><strong>autem</strong></span> <span class='ocrx_word' id='word_1_303' title='bbox 656 3715 782 3766; x_wconf 84' lang='lat' dir='ltr'><strong>ascendat</strong></span> <span class='ocrx_word' id='word_1_304' title='bbox 801 3715 833 3766; x_wconf 87' lang='lat' dir='ltr'><strong><em>ad</em></strong></span> <span class='ocrx_word' id='word_1_305' title='bbox 851 3712 1010 3779; x_wconf 88' lang='lat' dir='ltr'><strong>principium</strong></span> <span class='ocrx_word' id='word_1_306' title='bbox 1036 3717 1063 3761; x_wconf 89' lang='lat' dir='ltr'><strong>et</strong></span> <span class='ocrx_word' id='word_1_307' title='bbox 1090 3710 1224 3779; x_wconf 83' lang='lat' dir='ltr'><strong>fastigium</strong></span> 
     </span>
     <span class='ocr_line' id='line_1_36' title="bbox 21 3783 1222 3854; baseline -0.001 -21"><span class='ocrx_word' id='word_1_308' title='bbox 21 3846 24 3854; x_wconf 27' lang='grc' dir='ltr'><strong><em>Ι</em></strong></span> <span class='ocrx_word' id='word_1_309' title='bbox 122 3788 241 3833; x_wconf 88' lang='lat' dir='ltr'><strong>aetatum</strong></span> <span class='ocrx_word' id='word_1_310' title='bbox 259 3784 406 3851; x_wconf 84' lang='lat' dir='ltr'><strong>nonaginta</strong></span> <span class='ocrx_word' id='word_1_311' title='bbox 424 3784 534 3835; x_wconf 88' lang='lat' dir='ltr'><strong>duarum</strong></span> <span class='ocrx_word' id='word_1_312' title='bbox 552 3789 652 3854; x_wconf 85' lang='lat' dir='ltr'><strong>(usque</strong></span> <span class='ocrx_word' id='word_1_313' title='bbox 685 3786 755 3836; x_wconf 89' lang='lat' dir='ltr'><strong>enim</strong></span> <span class='ocrx_word' id='word_1_314' title='bbox 783 3784 815 3835; x_wconf 93' lang='lat' dir='ltr'><strong><em>ad</em></strong></span> <span class='ocrx_word' id='word_1_315' title='bbox 843 3796 934 3851; x_wconf 86' lang='lat' dir='ltr'><strong>regem</strong></span> <span class='ocrx_word' id='word_1_316' title='bbox 962 3783 1115 3835; x_wconf 82' lang='lat' dir='ltr'><strong>venerando</strong></span> <span class='ocrx_word' id='word_1_317' title='bbox 1145 3783 1222 3835; x_wconf 81' lang='lat' dir='ltr'><strong>modo</strong></span> 
     </span>
    </p>

    <p class='ocr_par' dir='ltr' id='par_1_10' title="bbox 36 3852 1223 4283">
     <span class='ocr_line' id='line_1_37' title="bbox 122 3852 1223 3924; baseline -0.001 -18"><span class='ocrx_word' id='word_1_318' title='bbox 122 3852 286 3916; x_wconf 80' lang='lat' dir='ltr'><strong>defunctum,</strong></span> <span class='ocrx_word' id='word_1_319' title='bbox 305 3855 438 3906; x_wconf 86' lang='lat' dir='ltr'><strong>dominum</strong></span> <span class='ocrx_word' id='word_1_320' title='bbox 456 3855 646 3924; x_wconf 84' lang='lat' dir='ltr'><strong>Nicephorum,</strong></span> <span class='ocrx_word' id='word_1_321' title='bbox 665 3856 748 3909; x_wconf 87' lang='lat' dir='ltr'><strong>filium</strong></span> <span class='ocrx_word' id='word_1_322' title='bbox 770 3855 876 3907; x_wconf 84' lang='lat' dir='ltr'><strong>Phoeae</strong></span> <span class='ocrx_word' id='word_1_323' title='bbox 902 3862 941 3905; x_wconf 94' lang='lat' dir='ltr'><strong><em>tot</em></strong></span> <span class='ocrx_word' id='word_1_324' title='bbox 971 3862 1071 3906; x_wconf 88' lang='lat' dir='ltr'><strong>aetates</strong></span> <span class='ocrx_word' id='word_1_325' title='bbox 1096 3870 1223 3909; x_wconf 87' lang='lat' dir='ltr'><strong>numera.</strong></span> 
     </span>
     <span class='ocr_line' id='line_1_38' title="bbox 121 3925 1222 4010; baseline 0.001 -36"><span class='ocrx_word' id='word_1_326' title='bbox 121 3925 244 3993; x_wconf 79' lang='lat' dir='ltr'><strong>huntur),</strong></span> <span class='ocrx_word' id='word_1_327' title='bbox 263 3926 386 3976; x_wconf 85' lang='lat' dir='ltr'><strong>inveniet</strong></span> <span class='ocrx_word' id='word_1_328' title='bbox 405 3941 451 3980; x_wconf 88' lang='lat' dir='ltr'><strong><em>eos</em></strong></span> <span class='ocrx_word' id='word_1_329' title='bbox 471 3928 599 3980; x_wconf 84' lang='lat' dir='ltr'><strong>deductos</strong></span> <span class='ocrx_word' id='word_1_330' title='bbox 619 3938 694 3981; x_wconf 90' lang='lat' dir='ltr'><strong>ater</strong></span> <span class='ocrx_word' id='word_1_331' title='bbox 713 3928 792 3979; x_wconf 89' lang='lat' dir='ltr'><strong>beato</strong></span> <span class='ocrx_word' id='word_1_332' title='bbox 813 3934 840 3977; x_wconf 88' lang='lat' dir='ltr'><strong>et</strong></span> <span class='ocrx_word' id='word_1_333' title='bbox 859 3940 954 4010; x_wconf 76' lang='lat' dir='ltr'><strong>magno</strong></span> <span class='ocrx_word' id='word_1_334' title='bbox 975 3926 1159 3988; x_wconf 79' lang='lat' dir='ltr'><strong>Constantino,</strong></span> <span class='ocrx_word' id='word_1_335' title='bbox 1177 3927 1222 4008; x_wconf 78' lang='lat' dir='ltr'><strong><em>qui</em></strong></span> 
     </span>
     <span class='ocr_line' id='line_1_39' title="bbox 36 3994 1222 4083; baseline -0.003 -35"><span class='ocrx_word' id='word_1_336' title='bbox 36 4011 39 4024; x_wconf 66' lang='lat'><em>¹</em></span> <span class='ocrx_word' id='word_1_337' title='bbox 71 4028 74 4033; x_wconf 97' lang='lat'>-</span> <span class='ocrx_word' id='word_1_338' title='bbox 118 3996 290 4063; x_wconf 85' lang='lat' dir='ltr'><strong>superiorem</strong></span> <span class='ocrx_word' id='word_1_339' title='bbox 310 4012 387 4063; x_wconf 86' lang='lat' dir='ltr'><strong>quam</strong></span> <span class='ocrx_word' id='word_1_340' title='bbox 406 4013 496 4050; x_wconf 88' lang='lat' dir='ltr'><strong>omnes</strong></span> <span class='ocrx_word' id='word_1_341' title='bbox 518 4015 597 4083; x_wconf 83' lang='lat' dir='ltr'><strong>reges</strong></span> <span class='ocrx_word' id='word_1_342' title='bbox 616 4000 709 4051; x_wconf 80' lang='lat' dir='ltr'><strong>habuit</strong></span> <span class='ocrx_word' id='word_1_343' title='bbox 727 3999 911 4066; x_wconf 86' lang='lat' dir='ltr'><strong>potentiamin</strong></span> <span class='ocrx_word' id='word_1_344' title='bbox 927 3994 1077 4066; x_wconf 78' lang='lat' dir='ltr'><strong>principatu</strong></span> <span class='ocrx_word' id='word_1_345' title='bbox 1095 3996 1222 4047; x_wconf 76' lang='lat' dir='ltr'><strong>centenu-</strong></span> 
     </span>
     <span class='ocr_line' id='line_1_40' title="bbox 122 4066 1221 4139; baseline 0 -22"><span class='ocrx_word' id='word_1_346' title='bbox 122 4082 184 4118; x_wconf 87' lang='lat' dir='ltr'><strong>nuur</strong></span> <span class='ocrx_word' id='word_1_347' title='bbox 206 4067 366 4119; x_wconf 88' lang='lat' dir='ltr'><strong>bellicorum</strong></span> <span class='ocrx_word' id='word_1_348' title='bbox 387 4077 413 4119; x_wconf 84' lang='lat' dir='ltr'><strong>et</strong></span> <span class='ocrx_word' id='word_1_349' title='bbox 431 4071 510 4123; x_wconf 86' lang='lat' dir='ltr'><strong>studii</strong></span> <span class='ocrx_word' id='word_1_350' title='bbox 529 4073 647 4139; x_wconf 81' lang='lat' dir='ltr'><strong>pietatis,</strong></span> <span class='ocrx_word' id='word_1_351' title='bbox 668 4072 752 4121; x_wconf 88' lang='lat' dir='ltr'><strong>itaut</strong></span> <span class='ocrx_word' id='word_1_352' title='bbox 772 4070 849 4121; x_wconf 88' lang='lat' dir='ltr'><strong>etiam</strong></span> <span class='ocrx_word' id='word_1_353' title='bbox 869 4070 984 4139; x_wconf 88' lang='lat' dir='ltr'><strong>apostoli</strong></span> <span class='ocrx_word' id='word_1_354' title='bbox 1004 4072 1087 4123; x_wconf 88' lang='lat' dir='ltr'><strong>instar</strong></span> <span class='ocrx_word' id='word_1_355' title='bbox 1105 4066 1221 4118; x_wconf 84' lang='lat' dir='ltr'><strong>habere-</strong></span> 
     </span>
     <span class='ocr_line' id='line_1_41' title="bbox 124 4138 1221 4195; baseline 0 -7"><span class='ocrx_word' id='word_1_356' title='bbox 124 4145 167 4188; x_wconf 85' lang='lat' dir='ltr'><strong>tur</strong></span> <span class='ocrx_word' id='word_1_357' title='bbox 185 4147 212 4191; x_wconf 91' lang='lat' dir='ltr'><strong>et</strong></span> <span class='ocrx_word' id='word_1_358' title='bbox 230 4141 353 4193; x_wconf 85' lang='lat' dir='ltr'><strong>sincerae</strong></span> <span class='ocrx_word' id='word_1_359' title='bbox 373 4140 568 4195; x_wconf 81' lang='lat' dir='ltr'><strong>Ghistiunorum</strong></span> <span class='ocrx_word' id='word_1_360' title='bbox 586 4144 649 4195; x_wconf 85' lang='lat' dir='ltr'><strong>fidei</strong></span> <span class='ocrx_word' id='word_1_361' title='bbox 670 4143 867 4195; x_wconf 85' lang='lat' dir='ltr'><strong>fundamentum</strong></span> <span class='ocrx_word' id='word_1_362' title='bbox 887 4144 964 4195; x_wconf 82' lang='lat' dir='ltr'><strong>tieret</strong></span> <span class='ocrx_word' id='word_1_363' title='bbox 990 4149 1016 4192; x_wconf 90' lang='lat' dir='ltr'><strong>et</strong></span> <span class='ocrx_word' id='word_1_364' title='bbox 1033 4153 1131 4192; x_wconf 86' lang='lat' dir='ltr'><strong>murus</strong></span> <span class='ocrx_word' id='word_1_365' title='bbox 1177 4138 1221 4189; x_wconf 89' lang='lat' dir='ltr'><strong><em>hie</em></strong></span> 
     </span>
     <span class='ocr_line' id='line_1_42' title="bbox 125 4209 1220 4283; baseline 0.005 -23"><span class='ocrx_word' id='word_1_366' title='bbox 125 4209 195 4263; x_wconf 85' lang='lat' dir='ltr'><strong>enim</strong></span> <span class='ocrx_word' id='word_1_367' title='bbox 214 4227 247 4267; x_wconf 84' lang='lat' dir='ltr'><strong><em>ex</em></strong></span> <span class='ocrx_word' id='word_1_368' title='bbox 266 4222 360 4268; x_wconf 81' lang='lat' dir='ltr'><strong>vetere</strong></span> <span class='ocrx_word' id='word_1_369' title='bbox 379 4211 462 4268; x_wconf 79' lang='lat' dir='ltr'><strong>Roma</strong></span> <span class='ocrx_word' id='word_1_370' title='bbox 479 4214 643 4271; x_wconf 79' lang='lat' dir='ltr'><strong>transferens</strong></span> <span class='ocrx_word' id='word_1_371' title='bbox 662 4230 773 4283; x_wconf 76' lang='lat' dir='ltr'><strong>regnunt</strong></span> <span class='ocrx_word' id='word_1_372' title='bbox 792 4214 959 4283; x_wconf 75' lang='lat' dir='ltr'><strong>Byzantium,</strong></span> <span class='ocrx_word' id='word_1_373' title='bbox 981 4228 1013 4267; x_wconf 84' lang='lat' dir='ltr'><strong><em>ex</em></strong></span> <span class='ocrx_word' id='word_1_374' title='bbox 1031 4225 1084 4283; x_wconf 88' lang='lat' dir='ltr'><strong><em>quo</em></strong></span> <span class='ocrx_word' id='word_1_375' title='bbox 1109 4209 1220 4266; x_wconf 79' lang='lat' dir='ltr'><strong>Maxen-</strong></span> 
     </span>
    </p>
   </div>
   <div class='ocr_carea' id='block_1_7' title="bbox 0 0 1442 4734">
    <p class='ocr_par' dir='ltr' id='par_1_11' title="bbox 0 0 1442 4734">
     <span class='ocr_line' id='line_1_43' title="bbox 0 0 1442 4734; baseline 0 3"><span class='ocrx_word' id='word_1_376' title='bbox 0 0 1442 4734; x_wconf 95' lang='lat' dir='ltr'><strong><em> </em></strong></span> 
     </span>
    </p>
   </div>
  </div>
 </body>
</html>
