2875 4734
217 250 289 357 ειν
523 285 742 356 ιιιοιτλσοιε
772 285 1030 357 λττλιιοτλο

213 453 284 538 γῆν.
324 449 405 518 ’έπεέ
440 453 475 541 oe
502 449 588 536 παρό
621 455 679 518 rori
705 449 762 537 την
790 448 952 531 Βόζαντος
979 450 1201 534 βασιλεύοντος
1223 474 1319 533 μετε-

214 555 348 639 πέμφθη
384 548 401 614 e‘
423 553 478 638 τῆς
502 551 642 638 μεγάλης
666 554 862 636 Ἀντιοχείας
891 549 1074 632 κατεπόνω,
1097 553 1320 637 Χατοτοόριος

215 652 498 738 ἐπονομαζόμενος,
520 656 554 732 ἐξ
569 653 748 738 Ἀρμενίων
772 657 799 718 δ’
821 654 919 719 ἕλκων
945 651 978 717 τό
1005 656 1103 738 γένος,
1125 652 1179 718 καί
1200 676 1320 734 προσε-

216 749 296 837 τόγη
317 752 455 835 πόλεμον
474 756 517 839 τῷ
538 756 672 843 Διογένη
693 756 880 838 ἐπενεγκεῖν,
903 755 1035 839 α’φέιιετο
1064 758 1122 834 μὲν
1144 756 1188 827 εἰς
1214 757 1319 837 Τυρο-

213 850 306 918 ποιόν
326 851 407 935 μετέ
430 857 546 937 πολλῆς
578 856 633 936 τῆς
655 854 819 937 δυνάμεως
845 852 965 919 ἱππέων
986 877 1020 917 τε
1053 852 1107 919 κατ’
1124 856 1237 935 πεζτόν,
1258 871 1344 924 ιτα-5
1434 868 1435 885 ’

213 952 450 1035 τοιιιτισόμενος
483 956 517 1019 δὲ
548 951 600 1019 τὸν
623 958 776 1040 Διογένην
795 957 990 1040 τῆςτόχης,
1015 952 1070 1019 καί
1089 948 1157 1036 ἅμα
1179 952 1318 1037 χάριτας

214 1052 315 1143 εοότιρ
344 1061 586 1136 προσομολογεῖν
615 1052 697 1136 ἔχων
727 1053 770 1130 τός
799 1058 872 1138 παρ’
905 1052 1025 1120 ἐκείνου
1058 1052 1112 1137 την
1135 1053 1236 1137 ἀρχὴν
1261 1056 1317 1136 τῆς

212 1151 401 1238 Ἀντιοχειλιις
429 1152 558 1238 λαβών,
591 1159 744 1221 συνέθετο
765 1155 867 1244 τούτῳ
899 1158 954 1220 κατ’
983 1158 1039 1238 τῆς
1061 1157 1179 1221 ἐκείνου
1200 1157 1318 1239 μοι’ρας

133 1268 137 1273 ’
213 1260 344 1340 ἐγένετο,
364 1257 418 1321 ιιαέ
438 1279 525 1331 τινας
544 1260 607 1322 τῶν
627 1260 845 1339 στρατιωτῶν,
867 1250 914 1332 οἷς
933 1260 968 1319 έκ
987 1258 1143 1338 βασιλέως
1165 1252 1314 1337 όιιόριστο

212 1356 415 1442 συνάρασθαι
446 1356 543 1443 τοότηι
574 1363 638 1423 τῶν
659 1356 737 1423 nerei
757 1361 927 1441 Διογένους
944 1357 1079 1438 μόθων,
1114 1358 1176 1421 τῶν
1211 1356 1316 1421 ἵππων
1325 1377 1359 1429 10

212 1455 434 1544 α’ποστερησας
454 1461 583 1540 κοίτης
603 1452 700 1542 ἄλλης
722 1459 900 1543 ἀποσκευῆς
923 1454 1063 1543 γνμνοός
1086 1454 1207 1521 ἐκεῖθεν
1229 1453 1314 1538 α’πη’-

186 1564 317 1622 «λασεν.
367 1552 435 1624 εἶτα
469 1556 584 1641 μικρόν
603 1582 633 1621 τι
666 1558 822 1623 διαλιπών
850 1559 911 1623 σόν
939 1560 983 1647 τῷ
1015 1562 1144 1640 βασιλεῖ
1168 1557 1221 1621 καί
1252 1552 1326 1648 τοῖς-

170 1724 178 1731 ,
212 1656 297 1744 ’ἄμφ’
319 1657 417 1724 αὐτόν
439 1657 651 1744 στρατιώταις
671 1662 716 1732 εἰς
738 1658 793 1742 τὴν
814 1660 877 1725 τοῖν
894 1658 1037 1724 Κιλιίτων
1058 1654 1169 1741 χώραν
1190 1658 1316 1736 όιέζευ-
1414 1736 1418 1743 ,

179 1768 182 1771 ’
212 1762 285 1838 ξεν,
311 1753 393 1839 ὁμοῦ
421 1759 480 1840 μέν
507 1760 769 1843 παραχειμασίαν
801 1762 833 1823 έν
862 1750 1174 1847 ου’τῇποιηοόμενος
1198 1759 1316 1843 (παρη.

209 1880 323 1940 μειπτο
343 1855 404 1945 γὰρ
440 1857 474 1923 τό
497 1856 737 1946 φθινόπωρον),
769 1856 852 1940 όμοῖι
876 1862 911 1923 δέ
933 1860 1069 1941 δόναμιν
1090 1852 1200 1942 ἑτέραν
1220 1858 1254 1921 ἐν
1272 1859 1314 1946 τῷ
1325 1874 1358 1927 15

153 1968 163 1988 ’
211 1958 354 2045 α’σφαλεῖ
368 1957 594 2042 σνλλεξόμενος
614 1962 670 2027 κατ’
698 1960 773 2037 τοός
802 1958 862 2025 α’πὸ
883 1964 942 2025 τοῦ
964 1958 1138 2025 σουλτόνου
1161 1962 1314 2044 πεμφθη-

215 2060 368 2139 σομένους
390 2060 619 2142 μετόιόιορόαν
640 2058 787 2147 τοιαότην
809 2066 1009 2143 καταλαβεῖν.

247 2150 255 2155 “
300 2148 505 2243 ”meteret
532 2163 566 2226 τὸ
598 2153 690 2247 ἧττον
717 2158 954 2246 αἱρετισόμενοι
984 2163 1038 2227 κατ’
1059 2158 1097 2226 τοὶ
1120 2163 1220 2244 χείρω
1242 2162 1330 2235 καθ’,

213 2256 334 2325 ἓαυτιόν
365 2263 626 2344 βουλευσόμενοι.
661 2266 718 2350 τοῦ
735 2261 805 2348 Γγοὶρ
837 2267 1083 2345 εροπωσαμένου
1106 2259 1164 2343 τὴν
1185 2258 1313 2345 πρώτην

208 2360 266 2427 τόν
287 2365 439 2447 Διογένην
454 2364 496 2428 έν
512 2367 552 2449 τῇ
574 2363 666 2429 nerei
689 2364 743 2431 τόν
765 2363 923 2449 Ἀλνότην
943 2367 1089 2449 συμβολῇ
1110 2362 1149 2449 τῇ
1170 2360 1356 2443 βασιλέδιηη

208 2463 519 2547 έπαναστρέψαντος,
541 2463 769 2549 όιεσκορπέσθη
789 2460 876 2529 όπαν
897 2462 934 2527 τό
958 2458 1130 2551 σύνάότρῖ
1151 2485 1310 2547 στρατιω-

208 2560 293 2653 τιιιόν
313 2558 357 2637 σός
379 2566 437 2627 roo*
455 2566 614 2655 χειμῶνος
636 2566 827 2648 ἐγγίσαντος,
852 2564 906 2629 καὶ
926 2556 964 2648 ἦν
986 2565 1117 2648 εὐχερές
1138 2569 1203 2637 τοῖς
1218 2563 1313 2645 cippo*

208 2659 264 2727 τόν
284 2666 437 2749 Διογένην
457 2663 539 2744 μετὰ
561 2667 713 2733 τοσοότον
727 2669 869 2751 πλήθους
887 2666 933 2739 εἰς
953 2662 1010 2749 την
1021 2663 1187 2747 Ῥωμαίων
1210 2666 1311 2746 έμβα-

284 2824 326 2877 16.
346 2824 549 2898 συλλεξόμενος
568 2826 598 2881 0.
633 2904 638 2913 .

206 2972 234 3023 in
259 2969 331 3022 colle
357 2972 435 3023 sitnm
465 2974 582 3038 munito,
616 2974 787 3042 exspectabat
811 2973 928 3026 futurum
955 2976 1073 3044 undique
1096 2976 1228 3027 advocans
1256 2976 1309 3025 mi.

206 3041 269 3094 lites
294 3042 405 3095 auxilio.
444 3059 503 3096 eum
526 3054 614 3096 autem
638 3062 654 3096 α
680 3062 747 3115 rege
775 3045 908 3112 Byzantio
935 3048 1078 3100 arcessitus
1108 3055 1180 3099 esset
1197 3062 1310 3115 magnae

206 3113 367 3169 Antioohiae
392 3115 572 3184 capitaneus,
601 3116 771 3170 Chatnturius
797 3120 967 3183 nominatus,
989 3127 1062 3170 etex
1079 3119 1204 3172 Armenia
1223 3132 1308 3185 genus

207 3186 317 3249 ducens,
338 3194 365 3237 et
383 3188 471 3245 iussus
501 3196 572 3239 esset
591 3188 690 3239 bellum
718 3190 840 3258 Augusto
866 3192 987 3254 inferre,
1016 3189 1124 3242 aduenit
1142 3190 1310 3256 Tyropoeum

124 3270 135 3281 '
206 3256 290 3309 mutto
310 3272 369 3308 eum
397 3258 518 3310 exercitu
538 3261 655 3326 equiturn
679 3269 706 3312 et
733 3262 868 3328 peditumr
894 3264 1034 3313 miseratus
1054 3270 1141 3313 autem
1159 3262 1309 3329 Augustum

207 3334 318 3395 propter
335 3327 467 3381 fortunam
487 3330 620 3398 simulque
647 3334 747 3400 gratias
767 3333 829 3385 huic
842 3334 952 3385 'referre
971 3331 1067 3384 uolens
1087 3340 1181 3398 utpote
1210 3332 1256 3400 qui
1276 3330 1308 3381 ah

205 3398 255 3450 ttto
274 3399 415 3465 imperium
433 3400 594 3455 Antiochiae
619 3406 786 3470 accepisset,
815 3404 877 3456 hnic
903 3405 1019 3456 accessit
1044 3410 1070 3453 et
1095 3403 1127 3454 ab
1156 3405 1212 3455 eius
1231 3410 1307 3467 parte

174 3487 179 3493 ⁴
206 3469 308 3534 stabat,
337 3478 364 3522 et
393 3470 538 3524 nonnullos
557 3473 675 3539 milites,
697 3476 792 3543 quibus
820 3490 919 3542 aroge
938 3476 1094 3541 imperatum
1114 3481 1178 3538 erat,
1200 3481 1229 3525 ut
1250 3488 1308 3523 cum

208 3542 261 3593 hoc
281 3551 374 3595 contra
392 3545 542 3612 Augustum
560 3545 662 3600 bellum
681 3548 853 3610 sustinerent,
881 3547 957 3614 equis
977 3547 1084 3612 privans
1104 3554 1131 3597 et
1149 3554 1239 3597 cetero
1257 3557 1309 3609 ap-

206 3622 300 3681 paratu
318 3615 403 3667 nudos
422 3615 485 3668 inde
505 3616 619 3683 expulit.
655 3618 751 3687 deinde
769 3617 907 3684 paululum
926 3618 1105 3669 intermittens
1121 3632 1179 3667 cum
1197 3630 1263 3683 rege
1283 3622 1310 3664 et

207 3686 265 3735 cius
292 3686 421 3739 militibus
440 3688 472 3739 ad
495 3688 609 3740 Cilicum
637 3697 734 3740 terram
759 3688 895 3755 proiectus
927 3697 985 3753 est,
1014 3697 1068 3739 tum
1093 3690 1121 3739 in
1148 3703 1179 3738 ea
1199 3686 1309 3737 hiberna

206 3754 308 3805 iaciens
327 3758 472 3825 (vergebat
496 3762 566 3811 enirn
585 3764 772 3829 auctumnus),
797 3768 851 3811 tum
872 3760 953 3829 alium
983 3760 1130 3811 exereitum
1151 3766 1207 3808 tuto
1226 3756 1309 3808 oolli-

208 3840 274 3947 ηραν
299 3839 399 3893 eosque
424 3831 471 3897 qui
495 3847 510 3882 a
536 3830 643 3885 sultarm
662 3832 840 3896 mitterentur,
868 3840 928 3898 post
954 3830 1034 3883 talem
1054 3829 1206 3881 dilationem
1227 3844 1309 3881 exce.

207 3911 309 3965 purus.

308 3988 468 4057 Ignororunt
486 3998 584 4053 autem,
606 4006 636 4042 se
655 3992 811 4043 inferiorem
829 3999 931 4058 partem
952 3988 1069 4058 elegisse
1095 3998 1122 4041 et
1147 3990 1240 4055 peiora
1258 3988 1310 4041 sibi
1345 4014 1354 4027 s

208 4058 385 4113 consuluisse.
436 4075 495 4110 cum
523 4062 592 4112 enim
618 4063 664 4130 qui
682 4064 793 4130 primum
813 4064 840 4113 in
869 4063 958 4130 iugem
978 4069 1097 4113 verterat
1114 4060 1264 4129 Augustum
1283 4063 1310 4110 in

209 4131 317 4196 proelio
336 4139 429 4183 cenna
446 4130 563 4197 Alyaten
582 4134 669 4197 inito,
694 4136 728 4187 ad
746 4136 848 4203 regiam
868 4134 985 4197 rediret,
1007 4140 1078 4187 totus
1098 4134 1156 4186 eius
1176 4133 1311 4183 exercitus

120 4217 129 4222 ·
211 4200 348 4267 dispersus
367 4212 422 4267 est,
455 4218 514 4254 enm
532 4203 617 4257 hiems
635 4207 891 4275 appropinquasset,
914 4213 992 4275 atque
1021 4204 1102 4257 facile
1121 4204 1172 4259 tue
1189 4204 1311 4273 Augusto
