2875 4734
489 225 761 350 '‘msroatn.
913 288 921 296 ·
1034 325 1036 330 .
1152 273 1197 348 es

98 437 205 504 αύτού
217 438 273 504 καί
293 443 351 506 τού
365 443 634 520 seoncurtem
645 449 815 526 βασιλικοῦ
829 437 1027 526 δνδρόποδος
1042 435 1089 517 είς
1109 441 1203 506 otidis

101 541 173 604 δίον
198 536 279 606 κατό
304 545 360 626 τῆς
382 544 528 628 τοιαύτης
551 547 809 625 ε’κπεπολίμωται
830 543 960 620 πόλεως.
1004 538 1119 609 τούτου
1138 538 1203 625 γόρ
1276 567 1280 574 ’

102 640 201 724 α’διγῆ
219 638 276 724 την
302 641 364 707 dni
382 643 559 725 Ῥωμαίους
581 646 837 729 παρερχομένου,
857 634 946 709 ούτοι
969 647 1024 728 τῆς
1048 643 1203 727 ούραγίοις

103 741 159 804 καί
179 743 242 805 τοῖν
263 740 482 827 όστερούντων
503 747 547 833 τῷ
567 743 653 834 κόπηι
676 746 870 831 φιλοκερδιός
900 742 1105 826 ἐξαπτόμενοι
1124 748 1205 806 πολ-

75 836 179 917 5λούς
200 835 342 929 α’νῄρουν
361 844 417 907 καί
434 841 564 921 τούτους
591 842 780 925 ἐσκύλευον,
802 845 861 920 ἓως
886 844 906 928 ἦ
929 842 1020 931 φήμη
1040 839 1205 926 ταχύτατα

104 937 185 1025 πρός
205 939 261 1006 τόν
282 939 455 1010 σὀυλτύνον
478 947 660 1030 διέδραμεν.
715 942 732 1009 ό
758 946 793 1010 δὲ
815 941 872 1030 την
893 937 988 1028 ύβριν
1004 942 1048 1029 μὴ
1072 940 1206 1027 ἕνεγκιύν

107 1041 241 1127 (ἀνῆπτε
262 1043 323 1128 γὰρ
345 1043 404 1128 την
425 1043 521 1132 δργην
544 1049 600 1111 καί
618 1044 653 1111 τό
675 1049 739 1111 τοῖν
761 1042 921 1111 συνόντων
940 1044 1027 1134 αύτῷ
1050 1067 1207 1131 στρατιω-

104 1145 167 1208 τιδν
187 1144 317 1231 πλῆθος,
340 1144 385 1230 μη
412 1148 611 1230 ἀνεχομένων
622 1144 680 1231 τὴν
697 1145 868 1231 παροινίαν
883 1152 1066 1212 καταλιπεῖν
1083 1143 1208 1228 ἄτιμοί-

107 1246 216 1331 ρητον)
239 1248 350 1328 θυμού
370 1251 472 1312 πνέων
495 1246 550 1311 καί
569 1246 757 1332 ἰταμότητος
778 1248 824 1322 εἷς
851 1244 887 1311 τό
906 1232 1031 1313 Ἀννίον
1052 1243 1207 1328 ἐντείνεται,

61 1358 96 1412 10
109 1342 164 1408 καί
184 1346 503 1432 καταστρατοπεδεύει
532 1344 593 1433 πρό
617 1346 751 1435 τούτου,
773 1345 830 1412 καί
846 1351 901 1432 τῆς
923 1346 1106 1434 πολιορκίας
1125 1345 1205 1431 μιτό

105 1449 222 1534 πολλῆς
254 1441 438 1533 ύπόρχεται
468 1450 522 1533 τῆς
551 1452 764 1533 παρασκευῆς.
815 1447 845 1512 οἱ
864 1451 905 1526 Ιδ’
935 1445 1025 1515 ἔνδον
1057 1447 1207 1535 φρουρὰν

104 1543 218 1631 ίκανὴν
243 1543 287 1633 μη
324 1547 448 1633 ἔχοντες
478 1555 630 1636 (περιεῖλε
660 1549 722 1634 γὰρ
752 1552 809 1615 καί
834 1546 955 1635 ταύτην
985 1545 1208 1635 χρηματισμός

105 1649 165 1710 ούκ
186 1649 355 1725 ἀκίνδυνος
378 1649 598 1734 ὑποσχομένου
628 1654 687 1715 τού
709 1650 851 1732 δμιλτθου
883 1649 1014 1716 τουτουί
1029 1652 1206 1734 στρατηγοῦ

105 1754 161 1817 καί
183 1748 300 1838 ταύτης
318 1751 420 1834 χωρίς
449 1750 590 1836 φυλάξαι
620 1755 685 1817 καί
704 1755 814 1836 κέρδος
843 1754 887 1842 τῷ
916 1754 1058 1841 δημοσίῳ
1080 1751 1209 1833 ποιῆσαι

60 1866 96 1918 15
107 1850 148 1918 τό
171 1854 204 1920 ἐν
227 1852 306 1940 αύτῇ
325 1849 554 1940 δαπανώμενα)
588 1854 741 1936 α’ντὲσχον
773 1856 833 1936 μὲν
854 1851 935 1940 πρός
957 1849 1085 1938 καιρόν,
1107 1843 1159 1916 οἷα
1180 1850 1208 1914 δ’

109 1952 243 2040 ἔμποροι
266 1956 321 2018 καί
338 1956 514 2034 πολεμικῶν
532 1952 771 2040 μηχανημάτων
784 1957 839 2020 καί
859 1953 1093 2039 προβλημάτων
1115 1953 1237 2017 cinei-i.
1259 1956 1310 2013 183
1322 1972 1345 2013 r.

109 2079 213 2140 ρατοι,
235 2053 288 2119 καί
308 2045 463 2138 ἄρχοντος
481 2047 672 2138 χηρεύοντες
693 2057 852 2139 εύγενοῦς,
876 2057 998 2137 μᾶλλον
1019 2056 1055 2120 δὲ
1067 2050 1126 2138 την
1146 2052 1210 2140 δρ-

108 2155 172 2240 χῆν
196 2155 328 2238 δρῶντες
350 2157 635 2240 διχοστατουμένην
655 2155 710 2221 καί
735 2159 926 2242 τεμνομένην
946 2159 990 2241 τῷ
1011 2152 1047 2219 τό
1070 2158 1131 2236 μδν
1147 2158 1211 2235 βα-

110 2254 233 2324 σιλικόν
253 2255 453 2338 α’νδρότιοδον
473 2255 508 2320 τό
530 2258 594 2322 πᾶν
606 2261 774 2338 μεθίλκειν
794 2261 840 2332 τίς
861 2250 969 2338 ἑαυτό,
990 2253 1044 2322 τόν
1066 2257 1211 2340 δδΠαγ-

62 2356 255 2444 λθκρότειον
278 2360 323 2433 εἰς
347 2352 459 2425 ἑαυτὸν
481 2356 516 2425 τό
537 2357 653 2442 κρότος
674 2357 942 2444 δυτισραιρίςειν,
974 2361 1030 2422 καί
1042 2355 1212 2435 στασιάζον

110 2461 247 2546 όριδντες
266 2456 302 2526 τό
322 2462 471 2542 κρατοῦν,
499 2452 600 2534 ἄλλως
631 2482 665 2525 τε
693 2463 749 2524 καί
766 2463 933 2546 πληγέντες
957 2461 1053 2547 ζημίη
1073 2459 1109 2522 τό
1127 2451 1212 2537 πρό-

109 2585 200 2652 τερον
224 2565 274 2648 ἒφ’
296 2551 321 2649 ᾧ
344 2559 459 2646 δώροις
493 2557 732 2643 δκμειλίξασδαι
753 2562 810 2647 τήν
837 2563 895 2628 τού
918 2559 1130 2643 πολεμὴτορος
1149 2558 1240 2642 α’γ-,
1288 2597 1291 2604 ·
1347 2589 1356 2606 ·

109 2665 239 2749 ριότητα
251 2714 260 2747 ,
289 2668 359 2736 ταῖς
380 2667 514 2744 συχναῖς
545 2661 750 2749 α’πειρηκότες
778 2654 968 2749 πρόσβολυῖς
990 2658 1046 2726 καί
1061 2681 1240 2726 κατασειυ,

150 2834 192 2888 15.
211 2830 246 2889 τό
266 2834 292 2890 δ’
311 2836 342 2893 ἐν
361 2832 391 2888 0.

110 2986 168 3039 lum
201 2985 329 3038 excitatus
361 2992 410 3037 est.
458 2983 502 3036 hic
527 2983 595 3036 enim
624 2998 683 3034 cum
707 2981 868 3050 praeteriret
894 2978 1020 3032 Graecam
1043 2986 1141 3031 terram
1165 2979 1211 3030 in.

110 3066 224 3123 tactam,
248 3058 277 3108 hi
300 3055 405 3109 ultimos
439 3061 466 3108 et
489 3062 599 3122 propter
627 3054 811 3120 fatigationem
841 3048 951 3102 relictos
976 3057 1057 3101 avare
1090 3044 1212 3118 aggressi
1260 3103 1268 3128 e

110 3129 210 3181 multos
228 3129 425 3182 interficiebant
444 3135 471 3176 et
490 3127 539 3176 hos
559 3123 719 3190 spoliabant,
739 3123 825 3174 donec
844 3121 914 3171 iama
943 3120 1083 3172 celerrime
1102 3121 1134 3171 ad
1153 3118 1211 3170 sul.

111 3209 202 3254 tanum
221 3209 380 3253 accurreret.
402 3199 446 3247 hic
462 3203 549 3245 autem
568 3193 719 3259 superbiam
737 3208 791 3245 non
806 3192 896 3244 icreus
913 3223 948 3234 -
960 3190 1123 3243 accendebat
1142 3191 1212 3242 eninr

111 3273 178 3324 iram
197 3274 275 3323 etiam
294 3267 522 3339 congredientium
545 3267 568 3316 ci
589 3265 701 3316 militum
719 3264 880 3329 multitudo,
908 3264 954 3332 qui
972 3278 1026 3315 non
1043 3261 1213 3317 sustinebant

110 3345 234 3398 iniuriam
243 3344 399 3411 relinquere
408 3352 464 3389 uon
477 3336 609 3389 multatam
618 3338 740 3389 -animi
758 3338 862 3405 spirans
874 3344 901 3387 et
914 3336 1039 3388 audaciae
1053 3334 1212 3388 contradu-

111 3419 186 3472 nium
203 3417 353 3485 ingreditur
373 3419 399 3462 ct
414 3417 500 3462 castra
520 3410 596 3477 pouit
609 3415 670 3460 ante
689 3407 741 3460 hoe
761 3417 788 3460 et
805 3410 1030 3477 oppugnationem
1051 3424 1110 3459 cum
1127 3406 1211 3458 multo

112 3489 229 3542 instituit
253 3489 391 3552 apparatu.
434 3481 475 3534 illi
501 3490 587 3533 autem
611 3481 682 3533 intus
703 3482 873 3548 praesidium
892 3479 1016 3532 idoneum
1034 3493 1089 3530 uon
1107 3476 1212 3528 haben-

112 3572 155 3617 tes
174 3592 208 3604 -
227 3556 337 3608 abstulit
356 3555 425 3606 enim
450 3555 529 3604 etiarn
555 3553 606 3603 hoo
625 3553 816 3606 administratio
840 3566 892 3603 non
912 3558 968 3616 tuta
998 3549 1114 3615 polliciti
1132 3547 1213 3597 huius

113 3631 223 3704 gratuiti
248 3628 322 3678 ducis
342 3642 371 3680 se
391 3625 467 3676 etiam
486 3627 545 3676 sine
562 3624 615 3675 hoc
643 3639 700 3676 eam
719 3633 885 3677 servaturum
914 3653 949 3664 -
969 3629 996 3672 et
1012 3620 1115 3671 lucrum
1133 3631 1212 3669 aera-

113 3707 155 3757 rio
176 3702 305 3753 iacturum
330 3730 363 3742 -
385 3705 485 3750 sumtus
515 3704 601 3747 autern
626 3695 653 3747 in
679 3711 710 3746 ea
729 3695 896 3748 sustinebant
918 3706 967 3758 per
986 3699 1099 3757 ternpus,
1118 3689 1166 3742 sed
1183 3693 1214 3738 ut

113 3779 278 3828 mercatores
298 3778 324 3822 et
341 3768 499 3823 bellicarum
512 3767 734 3819 machinationum
755 3776 782 3818 et
799 3762 982 3817 difficultatum
996 3762 1082 3830 ignari
1101 3768 1128 3814 et
1145 3760 1213 3813 duce

116 3845 204 3898 orbati
222 3841 317 3905 nobili,
338 3840 422 3909 magis
441 3847 528 3892 autem
551 3838 689 3906 imperium
713 3837 836 3887 videntes
860 3831 990 3884 dissidens
1017 3841 1044 3884 et
1058 3833 1212 3895 dissectum,

117 3933 175 3970 cum
194 3916 285 3984 regius
304 3926 399 3964 servus
428 3927 506 3962 omne
532 3910 564 3961 ad
582 3925 612 3961 se
629 3906 763 3969 traheret,
785 3905 938 3958 Pancratius
958 3911 1044 3955 autem
1062 3905 1094 3956 ad
1112 3920 1142 3957 se
1160 3916 1212 3968 po-

116 3990 227 4040 tentiam
247 3984 355 4036 eludere
375 3983 501 4044 studeret,
523 3988 549 4030 ct
567 3979 737 4031 dissidentem
756 3976 879 4029 videntes
897 3975 1111 4037 dominationem,
1131 3985 1212 4040 prae.
1265 4001 1272 4011 -

117 4061 196 4127 cipue
216 4059 294 4109 etiam
320 4057 366 4105 icti
392 4068 479 4119 poena
498 4059 584 4115 antea,
605 4051 667 4118 quia
693 4049 770 4100 donis
792 4048 910 4099 mulcere
930 4046 1057 4098 volebant
1073 4042 1213 4096 bellatoris

117 4132 257 4185 saevitiam
276 4125 460 4195 lrcqucntibus
479 4122 618 4191 defatigati
638 4120 835 4172 incursionibus
863 4127 889 4170 et
907 4119 1030 4171 concussi
1049 4114 1213 4167 destructio.

116 4202 194 4256 nibus
212 4214 355 4262 murorum,
375 4198 402 4247 in
422 4196 510 4264 lugam
529 4209 558 4248 se
576 4189 716 4257 dederunt,
736 4200 763 4243 et
787 4198 980 4261 cognoscentes
999 4189 1094 4239 luorum
1111 4199 1212 4257 propo-

175 4297 256 4354 ittet.
279 4295 363 4352 Attal.
381 4292 448 4348 ittet.
1008 4283 1026 4338 ὂ
