2875 4734
138 297 142 302 ,
205 230 278 308 roo
380 335 381 340 Ν
496 239 712 308 nrcnaunrs
743 235 1002 338 nmmrornu

205 403 306 492 ἐκείνῃ
328 399 384 485 ἔτι,
405 397 480 478 ἴσως
500 409 566 478 τοῖς
603 408 738 483 πολλοῖς,
763 402 816 464 ἐπί
843 403 900 484 γῆς
922 399 1043 480 α’τίμως
1063 393 1118 461 καί
1133 394 1302 478 περιωδά-

203 529 264 580 νως
280 507 465 589 tantopere,
484 507 613 587 μυρίοις
625 495 829 586 πανταχόθεν
848 498 903 563 καί
922 496 1094 585 άφοράτοις
1112 495 1302 592 περικλυζό-
1323 526 1326 531 ·

203 629 296 687 μενος
316 615 381 681 τοῖς
405 608 439 669 ὲκ
460 609 522 670 τοῖν
544 607 703 686 λογισμῶν
723 600 783 667 καί.
797 607 858 666 τοῖν
882 604 953 665 κατ’
977 592 1052 681 Ιὅροιν
1077 599 1219 683 α’νιαρῶν
1240 596 1300 660 κά-

202 731 300 786 μασι·
343 713 384 793 τῇ
400 708 606 790 δ’..ίπαάριον
629 703 833 788 άγχελθειλτης
853 690 897 788 τῷ
911 700 1071 788 σουλτάνρι
1093 698 1148 763 καί
1167 701 1223 782 τῆς
1244 701 1301 764 τοῦ

201 808 360 890 βασιλέως
382 801 540 889 άλοίσιως,
560 807 648 890 χαρά
671 829 718 880 τις
746 799 879 880 ἄπλετος
908 803 990 883 ὁμοῦ
1010 805 1066 865 καί
1088 803 1220 867 άπιστία
1243 813 1329 864 aot-5

143 965 144 972 ,
202 910 314 990 τίσχεν
337 909 444 992 ariade
465 908 606 988 οἰόμενον
638 902 679 982 ὡς
701 906 831 988 άληθῶς
858 909 939 985 μέγα
957 927 987 967 τι
1010 904 1064 966 καί
1084 900 1300 986 άπερμὲχεθες
1331 977 1336 985 ¹

202 1001 285 1072 εἶναι
304 1005 339 1071 τὸ
362 1006 441 1091 μετὰ
462 1011 518 1091 τῆς
539 1002 631 1091 ἥττης
648 1011 703 1070 τοῦ
724 1008 880 1088 βασιλέως
913 1007 968 1068 καί
988 1003 1086 1068 ου’τόν
1106 1005 1223 1068 ἐκεῖνον
1245 1003 1302 1062 do-

203 1107 368 1190 ρυάλωτον
390 1113 444 1175 καί
465 1113 588 1194 οἰκέτην
603 1114 722 1191 λαβεῖν.
745 1101 867 1182 οὕτως
890 1105 1099 1188 ἀνθρωπίνως
1123 1107 1177 1168 καί
1192 1125 1301 1167 νουνε-

200 1209 268 1291 χῶς
290 1208 325 1292 τό
350 1211 534 1294 προτέρημα
556 1212 612 1292 τῆς
635 1210 721 1292 νίκης
748 1205 778 1272 οἷ
804 1209 938 1289 Τοάρκοι
969 1209 1122 1286 εἰλέξαντο,
1142 1195 1221 1287 μήτε
1241 1227 1302 1285 με-

202 1309 461 1396 γαλουχάσαντες
492 1305 543 1376 οἷα
524 1319 661 1397 αφιλεῖ
686 1314 761 1394 περί
780 1309 838 1384 τάς
861 1311 1013 1391 ου’τυχίοις
1044 1332 1087 1382 ως
1107 1311 1223 1372 ἐπίπαν
1245 1331 1302 1370 πε-
1313 1315 1346 1368 10

204 1419 365 1530 praetem
393 1414 472 1497 μήτε
501 1417 538 1502 τῇ
559 1417 657 1500 οίκείρ
688 1410 823 1492 δυνάμει
859 1408 894 1476 τίι
916 1407 1043 1492 γεγονός
1065 1414 1302 1493 ἐπιτρίψαντες,

204 1513 285 1576 άλλά
311 1512 344 1576 τὸ
361 1513 441 1579 πᾶν
469 1517 513 1601 πάι
542 1506 651 1600 θεῷ’
629 1518 856 1597 ανοφὲροντες,
890 1511 934 1586 ὥς
961 1501 1122 1590 μείζον’
1101 1507 1222 1592 ηκοιτά
1245 1511 1304 1592 τὴν

142 1618 144 1623 ’
202 1610 328 1678 ἐαυτοὸν
351 1612 445 1696 ισχάν
468 1615 711 1688 άποτελέσαντες
740 1615 903 1696 τρόπαιον.
959 1609 1012 1674 διά
1033 1615 1128 1675 τοῦτο
1148 1613 1204 1674 καί
1223 1633 1304 1692 προ-

203 1717 377 1795 σαχθέντος
410 1719 453 1800 τῷ
482 1709 651 1801 ὀουλτάνῳ
687 1718 745 1778 τοῦ
765 1714 929 1796 ιβασιλίως
962 1717 995 1778 ἒν
1029 1716 1067 1799 τῇ
1100 1711 1227 1775 εάτελεϊ
1251 1714 1306 1775 καί
1345 1703 1349 1710 ’

203 1817 419 1901 στρατιωτικῇ
440 1813 613 1902 ἀμπεχόνῃ,
636 1818 689 1880 καί
705 1807 802 1890 αὖθις
818 1817 978 1898 διαπορρῖν
990 1803 1029 1898 ἦν
1048 1815 1104 1876 καί
1121 1815 1303 1898 μαρτυρίαν
1315 1812 1346 1864 15

127 1954 131 1959 -
204 1919 279 1998 περί
297 1913 411 1979 τούτου
447 1919 557 2000 ζητῶν.
613 1915 655 1990 ὥς
694 1918 724 1980 δ’
753 1913 1000 2002 ἔπληροφορὴθη
1030 1916 1119 1998 παρά
1140 1937 1173 1979 τε
1200 1905 1304 1977 άλλων

204 2021 260 2081 καί
279 2020 341 2081 τοῖν
361 2021 407 2092 είς
429 2017 529 2084 ου’τὸν
552 2020 756 2103 οίφικομίνων
776 2021 849 2082 ποτὲ
873 2021 1047 2102 πρέσβεων,
1074 2017 1127 2080 τὸν
1148 2019 1209 2080 τῶν
1225 2015 1306 2078 Ῥω·

204 2119 310 2199 μαίων
336 2123 472 2199 βασιλέα
502 2117 668 2203 τυγχάνειν
694 2117 746 2183 τὸν
763 2116 1016 2202 παριστάμενον,
1038 2115 1137 2192 ευίλύς
1157 2117 1305 2195 ἐξανίστη

203 2218 259 2282 καί
284 2217 397 2299 αάτός,
433 2216 487 2282 καί
506 2221 776 2302 περιπτυξάμενος
807 2222 917 2284 τοῦτον
934 2217 998 2303 “μη“
1022 2217 1146 2282 δέδιθι”
1165 2214 1239 2300 ἔφη,
1257 2206 1308 2278 “oi

173 2388 176 2396 „
202 2321 352 2402 βασιλεῦ,
375 2311 442 2384 ἄλλ’
475 2312 600 2396 εὔελπις
637 2317 690 2386 ἔσο
713 2320 774 2403 πρὸ
795 2320 936 2402 πάντων,
960 2317 1001 2394 ὥς
1024 2317 1133 2382 odom*
1153 2323 1349 2402 προσομι-λθ

204 2419 311 2502 λήσεις
334 2419 468 2509 κινδύνῳ
489 2423 680 2508 σωματικῷ,
708 2422 868 2508 τιμηθὴσῃ
900 2422 929 2484 δ’
952 2420 1046 2498 άξίως
1067 2421 1124 2500 τῆς
1145 2423 1201 2482 rod
1223 2413 1305 2498 κρά-

205 2542 278 2594 τους
310 2519 480 2604 ὖπεροχῆς.
524 2515 638 2608 άφρων
669 2520 727 2604 γάρ
758 2517 917 2602 ἑκοῖνοςά
948 2518 992 2604 μή
1024 2517 1084 2599 τὰς
1105 2515 1305 2601 άπροόπτους

79 2639 158 2700 f.201
170 2621 306 2703 μάχας
338 2624 370 2698 ἕξ
401 2615 611 2708 άντεπιφοράς
643 2619 906 2704 είλοβοάμονος.”
961 2621 1112 2700 ἐπιτάξας
1138 2610 1196 2684 οὖν
1216 2617 1305 2705 atad

206 2940 264 2998 sine
294 2936 397 2995 bonore
426 2950 452 2994 et
469 2941 631 2995 miserrimus
656 2938 783 3004 insedit,x
796 2939 1032 2993 innumerabilibus
1051 2940 1168 3009 undique
1187 2947 1214 2991 et
1231 2938 1304 2991 into.

118 3071 125 3086 ,
205 3016 363 3069 lerabilibus
383 3015 605 3068 considerationis
631 3021 657 3064 et
677 3013 851 3080 aegritudinis
877 3028 945 3080 quae
964 3019 1026 3064 ante
1045 3012 1139 3063 oculos
1162 3020 1233 3063 esset
1251 3028 1304 3062 un.

204 3090 245 3141 dis
263 3089 425 3142 submersus.
463 3095 572 3154 postero
590 3091 678 3138 dotem
696 3087 740 3137 die
760 3101 818 3136 curn
838 3085 915 3135 etiam
933 3099 1025 3152 regem
1044 3090 1148 3150 captum
1168 3099 1227 3134 esse
1245 3082 1304 3134 sul.

204 3167 268 3211 tono
284 3157 436 3210 nuntiatum
460 3166 546 3223 esset,
566 3158 689 3225 gaudium
717 3158 871 3207 immensum
890 3155 969 3208 simul
989 3163 1016 3206 et
1033 3155 1162 3207 dubitatio
1182 3169 1240 3204 eum
1260 3162 1304 3205 te-

203 3231 295 3293 nebat,
315 3246 374 3280 curn
392 3237 498 3296 putaret
515 3243 635 3294 magnam
654 3244 751 3280 revera
769 3244 824 3279 rem
845 3235 871 3279 et
891 3228 1027 3296 ingentem
1045 3242 1115 3289 esse,
1132 3225 1203 3293 quod
1223 3239 1304 3292 prae-

205 3309 247 3353 ter
267 3298 368 3350 cladem
386 3301 459 3366 regis
490 3301 569 3350 etiam
598 3300 674 3350 illum
704 3301 789 3366 ipsum
816 3306 920 3366 captum
940 3307 966 3349 et
986 3313 1092 3351 servum
1112 3297 1230 3348 haberet.
1267 3295 1305 3346 itu

203 3371 283 3422 modo
310 3370 424 3420 humano
453 3378 479 3421 et
506 3371 650 3453 prudenter
679 3372 842 3422 commodum
861 3371 991 3422 victoriae
1015 3370 1114 3421 'furcae
1133 3374 1304 3434 aeceperunt,

203 3459 294 3528 neque
313 3440 475 3525 gloriantes,
503 3450 532 3492 ut
556 3443 584 3492 in
607 3441 688 3492 rebus
709 3443 832 3495 secundis
858 3441 1015 3508 plerumque
1033 3441 1092 3492 fieri
1110 3439 1196 3503 solet,
1215 3452 1305 3520 neque

203 3517 323 3598 ipsorum
342 3513 427 3580 copiis
440 3513 538 3564 facturn
557 3512 714 3582 tribuentes,
733 3515 780 3565 sed
800 3521 882 3564 totum
896 3513 928 3564 ad
947 3513 1023 3563 deum
1038 3511 1187 3562 reserentes
1206 3509 1305 3576 quippe

204 3588 252 3672 qui
271 3586 371 3637 maiora
397 3599 473 3652 quam
493 3598 541 3652 pro
561 3585 678 3651 ipsorum
708 3586 736 3634 vi
754 3585 884 3652 trophaea
909 3584 1096 3636 confecissent.
1135 3579 1305 3648 quamobrem

207 3661 286 3709 etiarn
305 3665 443 3724 postquam
472 3657 599 3708 adductus
628 3663 669 3708 est
692 3655 725 3706 ad
750 3655 882 3707 sultanum
906 3671 955 3706 rex
977 3654 1027 3706 vili
1057 3663 1083 3704 et
1101 3653 1210 3705 militari
1227 3657 1305 3703 veste

204 3727 322 3790 indutus,
341 3743 433 3780 rursus
452 3728 500 3779 ille
520 3727 668 3779 haesitabat
688 3735 714 3778 et
733 3729 912 3778 testimonium
936 3727 970 3777 de
996 3725 1045 3777 illo
1066 3724 1226 3794 quaerebat:
1246 3737 1305 3774 cum

206 3805 295 3850 autem
325 3800 349 3848 ei
375 3815 530 3864 persuasum
557 3807 628 3852 esset
648 3807 673 3850 et
691 3798 724 3849 ab
743 3798 804 3850 aliis
826 3807 853 3850 et
882 3797 1012 3866 alegatis
1033 3799 1078 3864 qui
1098 3796 1162 3848 olim
1180 3795 1212 3846 ad
1229 3793 1305 3844 illum

204 3868 381 3934 ventitabant,
404 3870 479 3922 ilium
500 3874 544 3939 qui
564 3873 679 3923 adstaret
699 3885 759 3921 esse
771 3869 931 3922 Graecorum
950 3883 1051 3937 regern,
1070 3877 1125 3920 tum
1145 3867 1261 3920 surrexit
1279 3870 1307 3913 et

204 3945 265 4028 ipse
295 3948 321 3992 et
347 3940 484 4007 amplexus
510 3943 589 3993 hunc.
637 3958 672 3993 ne
699 3943 809 4005 timeas,
839 3941 940 4008 inquit,
959 3955 1021 3991 rex:
1040 3941 1087 3992 sed
1105 3936 1250 4006 tranquillo
1268 3935 1315 3986 sis

203 4016 293 4066 auimo
313 4027 401 4064 coram
421 4012 556 4077 omnibus,
583 4030 641 4065 cum
661 4015 688 4064 in
715 4013 817 4064 nullum
848 4014 968 4078 eorporis
992 4010 1140 4078 periculum
1166 4012 1307 4062 incasurus

204 4087 257 4138 sis:
276 4085 324 4140 sed
342 4082 516 4136 honoraberis
536 4085 616 4150 digne
635 4087 772 4150 potentiae
790 4084 972 4150 principatur
988 4084 1140 4151 imprudens
1159 4083 1229 4134 euim
1246 4077 1307 4143 ilie,

205 4157 251 4224 qui
270 4158 430 4224 improvisos
458 4170 535 4211 casus
561 4170 595 4206 ex
626 4154 731 4209 ultione
757 4169 812 4207 uon
835 4155 936 4208 timeat.
980 4155 1113 4223 imperans
1132 4155 1215 4224 igitur
1233 4157 1264 4202 ut
1282 4150 1309 4202 ei
