2875 4734
188 231 260 328 sot
489 239 706 315 urcnsnus
734 238 998 312 amnionis
1084 224 1087 227 ’

187 412 315 498 νημασι,
335 413 390 498 τῆς
412 415 447 479 δὲ
472 412 615 489 νεολαίας
632 416 886 498 α’πειροπολέμοα
906 409 1138 498 καθεστηκότας
1157 413 1213 497 καί
1235 416 1294 475 τοῦ

188 519 325 606 πολέμου
353 515 568 597 μαχιμώτατα
598 514 653 580 καί
682 515 743 580 τῶν
773 518 951 597 πολεμικῶν
986 513 1139 596 κινδύνων
1171 509 1294 588 ἐθάδας
1374 593 1390 604 ·
1435 536 1436 547 ¹

187 613 262 690 τοάς
284 615 563 701 ἀντιτεταγμένους
586 618 639 682 καί
661 614 896 699 άντιβαίνοντας
918 615 1066 699 ἐχούσης.

226 719 227 722 ’
284 715 380 782 Ἀλλά
403 716 454 782 τὸν
469 722 604 800 βασιλέα
620 716 656 783 εδ
680 720 824 782 τοιοῦτον
841 719 1032 799 συγκύρημα
1053 716 1094 776 ου’
1112 706 1293 798 κατέπληξε.

190 820 372 884 τοάναντάον
397 821 432 882 δὲ
453 822 574 899 μάλλον
596 820 668 896 corle
682 823 844 896 ἐναντίους
863 816 881 902 ἦ
907 811 1014 899 άθράα
1036 813 1147 881 τοάτου
1168 811 1248 899 ὁρμή
1261 820 1319 879 τε5

190 921 246 982 κατ’
267 915 391 1004 ἔφοδος,
415 919 589 1002 οἰηθέντας,
613 913 718 1003 ὥσπερ
743 916 876 1009 άστερον
895 918 1136 999 μεμαθήκαμεν,
1158 911 1209 979 δτι
1227 937 1295 977 κιν-

190 1018 294 1084 advos
317 1010 410 1096 οὗτος
432 1019 447 1082 ὁ
467 1013 636 1104 ἅνθρωπος
658 1019 775 1084 οάδδνα
797 1019 886 1101 λόγον
899 1019 1076 1102 πεποιήται,
1100 1008 1296 1096 ἀλλ”Ἀρεός

183 1123 259 1198 Ιἐστι
283 1119 443 1204 φοιτητὴς,
463 1123 518 1184 καί
541 1119 757 1203 καινοποιὴσει
785 1118 823 1185 τά
840 1118 1024 1199 Ῥωμαίων,
1046 1119 1101 1182 κατ’
1121 1111 1296 1199 άντισηκιά-

191 1241 241 1283 σει
263 1227 328 1295 τοῖς
349 1221 478 1304 ἐχθροῖς
498 1218 538 1284 τά
562 1223 722 1305 ἐπίχειρα.
765 1217 819 1284 διά
842 1221 945 1282 ταῦτα
966 1215 1021 1281 κατ’
1042 1216 1059 1280 ά
1079 1217 1139 1298 μὲν
1156 1212 1296 1280 σουλτά-

192 1342 244 1393 νος
268 1317 503 1404 σ’πισθδρμητος
533 1322 660 1404 γε’γονε,
680 1329 797 1405 μοῖραν
829 1319 865 1384 δέ
885 1343 955 1382 τινα
975 1316 1115 1401 μεγάλην
1135 1315 1340 1396 άποτεμά-λθ

190 1443 297 1502 μενος,
320 1422 374 1483 καί
396 1419 510 1505 ταύτην
533 1423 608 1509 διχῇ
640 1417 772 1501 διελιάν,
797 1422 843 1496 εἰς
863 1419 921 1501 τὴν
951 1410 1017 1482 άνω
1035 1411 1148 1483 Ἀσίαν
1165 1439 1297 1498 στρατο-

192 1518 338 1584 πεδεύειν
360 1522 538 1607 πεποίηται,
557 1518 614 1606 τήν
636 1524 696 1604 μὲν
710 1523 912 1605 βορειοτέραν
929 1523 986 1603 την
1008 1520 1043 1582 δὲ
1063 1516 1138 1601 περὶ
1155 1515 1193 1582 τά
1208 1514 1298 1582 νότια

192 1624 334 1700 θέμενος.
386 1616 407 1680 ’ὅ
433 1623 468 1684 δὲ
486 1619 638 1704 βασιλεάς
669 1621 843 1702 κατάλογον
870 1615 1100 1702 στρατιωτικόν
1121 1614 1298 1702 ποιησάμε-
1347 1628 1350 1633 ’

193 1742 268 1799 νος,
303 1721 358 1783 καί
379 1721 412 1782 ἐκ
433 1719 544 1805 πάσης,
556 1721 664 1806 χώρας
687 1723 742 1784 κατ’
775 1720 892 1796 πόλεως
915 1719 1045 1803 νεότητα
1071 1717 1298 1799 συλλεξάμενος

111 1862 112 1866 =
193 1818 249 1882 soi
270 1818 429 1902 α’ξιιάμασι
445 1823 500 1884 καί
517 1823 630 1904 δώροις
648 1821 874 1906 άναθαρρῆσαι
892 1823 1079 1904 πεποιηκώς,
1101 1820 1156 1882 κατ’
1168 1818 1209 1882 δι’
1231 1816 1355 1902 did-15.

194 1945 252 2006 γου
272 1917 326 2009 τὸν
354 1923 492 2004 άριθμόν
527 1923 589 1986 τῶν
610 1920 776 2007 ταγμάτων
797 1920 1050 2006 α’ναπληριάσας,
1071 1923 1125 1984 καί
1145 1917 1300 2002 λοχαγοδς

195 2017 270 2097 τούς
294 2021 444 2102 άρίστους
464 2019 586 2110 ἑκάστῳ
607 2023 728 2088 τούτων
748 2025 904 2103 ἐπιμελῶς
917 2025 1195 2106 προστησάμενος,
1218 2044 1300 2100 συμ-

195 2123 290 2204 μίξας
314 2124 348 2186 δὲ
361 2121 415 2187 κατ’
435 2131 502 2198 τοῖς
525 2122 589 2186 άπὸ
613 2127 669 2206 τῆς
687 2119 823 2208 ἑσπέρας
845 2119 1005 2204 ἐλθοῦσιν,
1028 2123 1062 2186 ἐν
1083 2120 1176 2210 ὀλίγην
1196 2120 1300 2206 χρόνῳ

198 2221 350 2306 στρατιάν
380 2223 557 2307 άξιάμαχον
588 2224 823 2309 κατεπράξατο,
844 2226 898 2287 κατ’
927 2221 1007 2305 μετά
1030 2217 1183 2304 τοσαύτης
1205 2217 1302 2299 δυνά-

157 2400 168 2409 ‚
197 2349 282 2406 μεως
312 2324 366 2388 ε’πί
386 2330 518 2410 Πέρσας
549 2325 834 2407 ἐπιστατικοάτερον,
862 2316 1007 2407 ἤλαυνεν.
1060 2322 1102 2397 ὦς
1132 2323 1167 2385 δὲ
1187 2319 1222 2387 τὸ
1242 2324 1347 2402 {lo-20

198 2423 358 2511 ρειότερον
379 2425 594 2510 στρατόπεδον
615 2429 677 2490 τάν
701 2429 859 2510 Περσῶν,
881 2423 1039 2508 ἐκδρομήν
1059 2447 1130 2488 τινα
1151 2421 1303 2506 πρότερον

199 2525 380 2612 φαντάοαν,
409 2524 504 2604 δόξαν
533 2526 742 2612 ὑποχωρῆσαι
770 2528 805 2591 ἐκ
824 2528 879 2611 τῆς
899 2528 955 2590 τοῦ
975 2527 1131 2606 βασιλέως
1164 2519 1302 2608 προόδου

271 2699 297 2751 2.
316 2711 350 2749 an
364 2695 606 2772 μαγιιιαιτάτουςλ

202 2863 229 2906 et
247 2852 398 2906 artificiosis
418 2868 452 2904 ex
469 2855 545 2922 cquis
570 2833 695 2919 motibus,
721 2854 847 2908 iuventus
863 2861 950 2906 autem
976 2851 1044 2905 belli
1061 2853 1156 2923 ignara
1179 2858 1250 2905 esset
1277 2861 1305 2904 et

199 2923 284 3048 {tells}¹
303 2930 330 3047 εγ
347 2921 454 2977 bellicis
473 2924 603 2991 periculis
628 2933 749 2983 assuetos
769 2935 796 2978 et
822 2925 1034 2994 pugnacissimos
1057 2924 1170 2977 haberet
1192 2924 1304 2990 opposi.

213 3012 243 3048 os
286 3010 315 3050 οι
330 3010 367 3048 es.

302 3082 354 3136 Sed
372 3099 463 3152 regem
482 3083 543 3137 talis
565 3101 640 3139 casus
656 3100 711 3138 non
729 3087 844 3150 terruit,
871 3093 964 3137 contra
988 3085 1073 3152 magis
1097 3083 1189 3138 hostes
1207 3084 1304 3135 terruit

201 3155 323 3206 assiduus
342 3154 421 3207 huius
440 3156 554 3223 impetus
576 3166 604 3209 et
621 3159 758 3222 incursio,
787 3174 845 3209 cum
865 3163 1008 3224 putarent,
1029 3164 1058 3207 ut
1080 3165 1173 3223 postea
1191 3157 1303 3222 accepi-

201 3241 277 3288 mus,
296 3225 477 3290 periculorum
495 3227 567 3278 hunc
586 3228 719 3282 hominem
737 3228 838 3282 nullum
858 3228 958 3279 habere
975 3228 1126 3292 rationem,
1146 3228 1193 3280 sed
1217 3225 1303 3278 belli-

204 3311 294 3348 conum
315 3309 374 3348 esse
392 3297 519 3349 advenam
540 3307 568 3349 et
585 3309 745 3353 novaturum
763 3315 806 3352 res
829 3298 943 3352 Graecas
967 3306 994 3349 et
1013 3305 1186 3366 aequaturum
1216 3297 1303 3348 hosti.

203 3368 252 3419 bus
271 3381 381 3434 poenas.
401 3377 545 3436 propterea
565 3372 643 3422 etium
664 3371 784 3425 sullanus
800 3372 906 3439 quidem
924 3379 996 3420 retro
1024 3370 1177 3434 contendit,
1202 3377 1303 3435 partem

205 3446 292 3490 autem
312 3438 440 3508 quandam
459 3455 580 3508 magnam
599 3442 756 3495 abscindens
767 3450 794 3492 et
812 3443 879 3493 banc
897 3441 1019 3492 bifariam
1039 3441 1161 3492 dividens
1178 3442 1205 3491 iu
1220 3454 1304 3506 supe-

204 3513 303 3562 riorem
321 3510 412 3562 Asiam
430 3512 565 3578 proficisci
584 3513 680 3577 iussit,
696 3513 806 3564 alteram
824 3515 852 3564 in
871 3511 1134 3579 septentrionalibus,
1152 3510 1304 3563 alterum·in

205 3580 364 3633 australibus
391 3583 555 3634 constituens
583 3585 748 3650 regionibus.
786 3600 835 3635 rex
859 3591 947 3634 autem
971 3582 1104 3635 delectum
1122 3583 1234 3634 militum
1260 3582 1304 3631 in-

204 3655 317 3704 stituens
340 3661 368 3703 et
386 3669 420 3706 ex
439 3655 510 3705 omni
529 3661 601 3706 terra
621 3663 648 3706 et
665 3655 731 3707 urbe
749 3657 915 3707 iuventutem
934 3669 1086 3707 convocans
1108 3662 1135 3705 et
1151 3652 1305 3704 muneribus

205 3730 233 3772 et
251 3722 328 3772 donis
350 3723 445 3775 iontem
471 3725 585 3778 reddens
605 3734 632 3777 et
648 3726 726 3779 breui
744 3742 881 3779 numerum
899 3726 1018 3777 ordinum
1034 3725 1146 3792 explens
1164 3732 1191 3775 et
1209 3731 1305 3775 centu-

144 3836 147 3841 .
204 3793 296 3842 rioues
316 3793 430 3862 optimos
448 3797 595 3866 uuicuique
615 3797 708 3849 horum
723 3799 842 3849 studiose
859 3798 1029 3864 praeficiens,
1050 3797 1097 3850 sed
1117 3795 1306 3848 etiamadmis-

206 3876 269 3912 cens
296 3862 528 3917 venientibus-ex
556 3870 694 3920 occidente
722 3869 876 3932 ordinibus,
911 3869 988 3919 brevi
1014 3876 1134 3934 tempore
1160 3867 1306 3918 exercitum
1349 3902 1352 3909 ,

205 3946 352 4000 pugnacem
372 3935 489 3986 confecit
510 3946 614 3990 etcum
637 3947 708 3991 tanta
728 3941 754 3993 vi
783 3947 875 3991 contra
900 3939 994 3990 Persas
1020 3939 1120 3990 firmius
1148 3938 1305 4004 proficisce-

204 4005 289 4055 batur.
339 4018 397 4055 cum
421 4003 508 4056 adtem
536 4013 754 4075 septentrionalis
785 4012 917 4062 exercitus
950 4010 1088 4072 Persarum
1121 4009 1307 4060 excursionem

207 4076 335 4141 quandam
353 4084 433 4128 antea
452 4086 600 4131 monstrans
621 4084 847 4150 exspectationem
872 4080 1016 4133 recedendi
1042 4080 1114 4149 regis
1141 4077 1306 4145 expeditioni

206 4145 358 4212 praeberet,
377 4149 469 4202 statuit
485 4149 536 4200 iam
556 4149 692 4220 Diogenes
711 4157 739 4206 in
759 4153 888 4217 australes
903 4154 1032 4218 incidere,
1050 4153 1095 4220 qui
1119 4159 1217 4203 terram
1237 4149 1309 4200 circa
