2875 4734
576 339 785 410 nrsnontt.
1154 340 1229 414 ’133

128 505 259 568 συνοῦσι
274 499 331 568 τόν
351 505 385 568 ἐκ
408 505 463 589 τῆς
485 505 667 589 δυσχωρίας
686 507 747 589 οόχ
768 497 892 590 ἥττονα.
936 503 1074 571 tratetis
1095 509 1153 592 γάρ
1176 492 1232 574 διό

130 606 255 669 πολλῶν
285 607 444 688 τραχινοόν
473 607 527 669 καί
557 602 727 688 δυσβάτων
751 607 857 694 λόφων
879 610 924 683 είς
951 607 1026 683 τοός
1045 607 1232 691 λεγομένους

129 706 260 780 Ἀνθίας
280 703 360 785 μετά
378 709 436 789 τῆς
456 701 707 792 ὑπολειφθείσης
728 705 817 795 αὐτῷ
839 712 989 791 στρατιαῖς
1002 713 1229 793 κατεκομίσθη.

130 803 199 870 ἔστι
222 808 252 868 δ’
285 804 301 869 ό
329 805 425 882 τόπος
453 808 486 885 ἐξ
507 807 672 891 ὑπωρειῶν
699 806 845 891 μεγάλων
875 811 959 894 όριόν
978 806 1102 884 πεδινός
1123 830 1158 873 τε
1178 810 1235 873 καί

104 899 278 989 5είίυδρυς,
303 905 359 970 καί
375 915 444 982 ταῖς
467 909 664 991 δυσχωρίαις
692 906 913 993 όνειλημμόνος
938 912 1150 993 ψυχαγωγίαν
1170 909 1233 992 οδχ

130 1000 244 1091 ἥκιστα
266 1015 331 1082 τοῖς
362 1011 570 1089 καταίρουσιν
591 1007 624 1073 ἐν
645 1011 744 1099 τοότρι
767 1006 884 1094 ἐνίησι,
907 1003 1067 1096 ποηφόρος
1090 1004 1157 1091 δίμά
1177 1008 1234 1074 καί

131 1101 301 1191 σιτοφόρος
330 1104 496 1190 τυγχάνων
528 1110 582 1172 καί
612 1101 676 1172 οἷον
706 1102 896 1193 όμφαλόςῆ
925 1116 1066 1190 ταμιεῖον
1095 1111 1152 1192 τῆς
1174 1111 1231 1193 γῆς

130 1209 251 1291 ἐκείνης
271 1209 327 1271 καί
348 1209 454 1272 πεδίον
470 1211 606 1293 τρυφῆς.
662 1209 782 1293 ἡμέρας
803 1202 858 1275 οόν
879 1214 980 1276 ἐκεῖσε
1000 1212 1231 1294 στρατοπεδευ-

130 1298 267 1384 σάμενος
289 1306 305 1369 ό
327 1306 486 1388 βασιλεύς,
507 1304 563 1370 καί
594 1307 649 1374 τόν
673 1311 799 1390 Ταῦρον
818 1307 853 1371 τό
880 1302 963 1394 όρος,
983 1305 1037 1372 τόν
1059 1307 1148 1397 παρά
1166 1318 1231 1385 τοῖς

85 1401 295 1490 ςφόγχωρίοις
317 1405 510 1488 κωλυόμενον
533 1407 739 1492 Μοόζουρον,
762 1405 907 1493 όπερβάς
931 1411 1087 1481 ἐπιπόνως
1109 1413 1154 1484 είς
1172 1407 1232 1492 τήν

131 1507 305 1592 Κελεσίνην
325 1505 435 1590 χάραν
456 1505 635 1593 κατήντησε,
659 1501 772 1591 διαβάς
795 1505 830 1572 τό
855 1504 1003 1592 δεύτερον
1023 1505 1079 1571 τόν
1093 1507 1233 1593 Εόφρά-

128 1628 186 1688 την
215 1608 382 1691 ποταμόν,
415 1605 493 1673 κατά
516 1607 589 1686 τοδς
616 1595 782 1694 όίρκταόους
815 1609 980 1692 πρόποδας
1008 1609 1066 1671 τοῦ
1102 1605 1231 1694 Ταόρου

129 1705 217 1792 παρά
240 1709 276 1772 τό
299 1714 396 1792 μέρος
417 1711 517 1774 ἐκεῖνο
537 1715 768 1794 παραρρέοντα,
789 1710 844 1774 καί
860 1711 1047 1794 διαιροῦντα
1067 1710 1136 1774 τότε
1158 1702 1231 1796 όρυς

130 1808 185 1870 καί
213 1808 268 1892 τὴν
292 1812 466 1894 Κελεσίνην
499 1803 604 1894 ιόσπερ
638 1806 800 1892 μεθόριον.
850 1806 887 1873 ἓν
909 1806 1008 1896 ταύτῃ
1031 1803 1089 1873 οόν
1109 1805 1232 1894 ἡμέρας

85 1905 217 1988 ς5τινάς
247 1909 450 1984 αόλισθὲντος
470 1912 529 1974 τοῦ
547 1912 766 1994 στρατοπέδου
775 1959 785 1991 ,
811 1906 908 1995 φήμη
932 1933 980 1984 τις
1008 1910 1158 1994 είσερρόη
1178 1909 1233 1974 τόν

129 2002 365 2094 ’ότιολειφθέντα
388 2009 526 2092 στρατόν
548 2011 594 2086 είς
615 2007 673 2092 τὴν
694 2012 757 2073 τοῖν
774 2011 925 2091 Τοόριιων
946 2009 1127 2073 α’ντίστασιν
1141 2005 1231 2096 μάχη

130 2110 185 2170 καί
198 2112 325 2195 πολέμῳ
348 2113 504 2195 κραταιοός
523 2111 700 2195 ἡττηθῆναι
714 2114 769 2174 καί
789 2109 923 2184 πολλοός
947 2112 1136 2193 α’πολέσθαι,
1156 2106 1232 2182 τοός

130 2208 160 2269 δ’
183 2203 376 2284 ὑπολοίπους
401 2213 475 2294 περί
503 2211 560 2275 τόν
596 2215 723 2294 Ταόρον
746 2213 946 2294 διασωθῆναι
980 2206 1016 2274 τό
1038 2201 1231 2292 όρος,’ἔγγι-

130 2308 190 2372 στά
210 2329 272 2371 που
297 2311 354 2373 τοῦ
375 2315 515 2393 πολέμου
546 2307 772 2396 γεγενημένου,
801 2312 860 2375 καί
875 2309 936 2373 ποό
957 2333 1044 2382 τινας
1065 2306 1231 2392 σποράδας

82 2409 176 2492 20⁶²?
197 2408 255 2493 τόν
277 2411 481 2496 παρεμβολήν
500 2415 643 2493 εἰσιέναι,
666 2411 722 2477 καί
741 2405 857 2486 ἄλλους
879 2411 936 2474 ουίι
956 2411 1080 2495 όλίγους
1104 2409 1230 2486 ε’λπίζι-

128 2513 218 2576 σθαι.
252 2503 291 2594 ἦν
312 2513 347 2576 δὲ
370 2513 409 2576 οδ
429 2509 561 2598 ψευδής,
585 2512 627 2589 σός
648 2499 862 2598 α’ληθίζεσθαι
883 2507 1048 2575 κάνταόθα
1068 2508 1103 2573 τό
1121 2508 1231 2607 ᾙσιό.

129 2611 234 2696 δειον,
253 2605 417 2704 ότιιφήμη
456 2615 487 2676 δ’
508 2610 596 2679 οόπω
619 2614 753 2698 πάμπαν
775 2612 974 2695 άπόλλνται,
995 2607 1102 2698 ἥντινα
1122 2611 1232 2674 πολλοί

202 2805 226 2857 1.
247 2802 347 2864 διελών
368 2805 397 2862 G.
499 2809 531 2860 ιλ.
552 2770 701 2880 τραχηνῶν
719 2808 750 2863 (ί.
826 2811 867 2862 11.
886 2790 1055 2877 ιιελευσίνιιιἰ
1068 2810 1099 2866 0.

126 2973 278 3038 importuno
304 2970 352 3036 fit,
377 2986 431 3024 uon
449 2974 550 3028 minus:
574 2983 756 3043 transgressus
787 2975 856 3024 euim
882 2988 929 3039 per
956 2973 1055 3025 multos
1073 2988 1184 3041 asperos
1202 2985 1229 3028 et

127 3043 216 3095 invios
237 3041 321 3095 eolles
331 3045 362 3096 ed
374 3053 484 3097 vocatos
494 3045 605 3098 Anthios
617 3060 674 3095 cum
687 3043 783 3094 relicto
795 3043 846 3093 sibi
857 3045 977 3094 exercitu
996 3043 1099 3095 delatus
1120 3052 1168 3096 est.
1189 3054 1231 3097 est

128 3121 216 3166 nutem
234 3113 310 3167 locus
330 3117 408 3168 exiis
428 3131 496 3183 quae
515 3115 563 3166 sub
582 3106 685 3181 maguis
703 3112 837 3163 montibus
851 3115 901 3163 situ
914 3121 976 3164 suut
994 3128 1095 3179 aequus
1115 3122 1142 3164 et
1160 3131 1229 3181 aque

126 3185 242 3237 refertus
269 3196 295 3238 et
318 3188 371 3240 viis
396 3186 553 3250 importunis
583 3185 804 3247 circumcinctus,
824 3182 1020 3234 oblectamenta
1047 3199 1101 3236 nou
1118 3187 1228 3236 minime

127 3257 161 3308 iis
180 3258 224 3324 qui
239 3250 266 3308 i'n
277 3258 327 3310 hoo
339 3255 526 3323 degredientur
537 3254 622 3318 affert,
642 3254 732 3306 herbis
753 3253 887 3307 abundans
905 3255 984 3307 simul
1004 3264 1030 3308 et
1051 3255 1184 3309 frumento
1201 3264 1227 3308 et

129 3329 204 3396 quasi
217 3330 294 3380 umbo
303 3332 362 3382 sive
372 3326 511 3376 thesaurus
524 3324 704 3389 iniustorum,
718 3335 745 3376 et
758 3341 863 3393 campus
876 3327 1007 3378 luxuriae.
1021 3329 1078 3381 dies
1091 3333 1230 3398 (uumerus

129 3401 219 3469 deest)
239 3401 321 3468 igitur
339 3399 376 3448 ibi
395 3411 502 3446 manens
522 3413 570 3447 rex
590 3407 616 3449 et
627 3398 738 3449 Taurum
761 3406 886 3462 montem,
905 3399 951 3467 qui
970 3401 1037 3465 apud
1057 3401 1159 3452 incolas
1178 3415 1230 3451 vo-

129 3478 204 3522 catur
232 3473 377 3531 Mutunus,
404 3474 582 3534 transgressus
601 3468 750 3533 laboriose,
777 3472 929 3529 interram
953 3470 1115 3522 lieleusinen
1144 3471 1228 3533 veuit,

129 3550 268 3608 postquam
281 3540 387 3590 transiit
396 3539 491 3590 iterum
498 3539 659 3607 Euphratem
672 3540 781 3594 fluvium
795 3539 962 3608 subpedibus
976 3540 1229 3606 septentrionalibus

114 3613 206 3666 ‚Tauri
233 3618 333 3676 purtem
359 3610 431 3662 iilum
456 3611 702 3677 praeterfluentem,
730 3621 757 3662 et
774 3613 936 3664 dividentem
956 3621 982 3662 et
999 3619 1115 3661 montem
1135 3610 1229 3662 etKe.

128 3684 242 3738 lesinem
262 3683 338 3748 quasi
357 3683 450 3734 finem:
476 3684 503 3734 in
522 3683 573 3733 hue
593 3685 675 3752 igitur
693 3685 751 3735 dies
770 3682 915 3734 nonnullos
941 3698 1000 3732 oum
1018 3683 1160 3735 mansisset
1179 3699 1229 3734 ex.

130 3755 238 3816 orcitus,
258 3753 326 3804 fama
344 3754 471 3822 quaedum
480 3753 602 3818 influxit,
622 3756 744 3806 nimirum
757 3755 880 3805 relictum
893 3753 1038 3804 exereitum
1050 3755 1076 3804 in
1087 3754 1228 3806 ancerum

56 3873 69 3886 ,
130 3825 300 3894 oppositione
310 3840 398 3894 pugna
412 3833 438 3875 ot
449 3824 522 3876 bello
541 3826 675 3877 violenter
688 3825 820 3877 devictum
841 3839 901 3875 esse
921 3831 947 3874 et
963 3825 1061 3877 multos
1081 3827 1228 3879 cecidisse:

129 3897 248 3966 reliquos
267 3904 353 3946 antem
374 3898 445 3946 eirca
461 3895 571 3947 Taurum
591 3907 712 3949 servatos
731 3912 790 3949 esse
808 3905 933 3959 montem,
952 3912 1010 3946 eum
1030 3899 1148 3964 proxime
1166 3896 1229 3955 bel.

129 3969 182 4020 lum
203 3968 299 4018 sactum
320 3975 400 4030 esset,
420 3975 446 4018 et
465 3968 588 4036 quosdam
602 3970 737 4034 dispersos
757 3969 784 4016 iu
804 3976 889 4018 eastra
906 3968 1020 4034 ingredi,
1040 3978 1067 4021 et
1085 3968 1154 4019 alios
1172 3980 1227 4017 nou

129 4054 227 4104 paucos
248 4039 405 4104 exspectari.
445 4046 606 4089 enatantem
626 4047 680 4091 nort
706 4038 789 4102 falso,
815 4039 852 4089 ita
870 4045 899 4088 ut
918 4055 1009 4090 verum
1029 4041 1064 4092 sit
1083 4039 1162 4088 etium
1181 4036 1227 4087 hio

129 4109 289 4161 Hesiodeum
308 4110 401 4161 illud„
423 4109 508 4173 „seme
527 4112 634 4161 omniuo
659 4125 714 4160 nou
734 4111 819 4161 innuis
839 4120 894 4176 est,
914 4126 990 4178 quum
1009 4110 1085 4161 multi
1104 4102 1225 4158 homiues

114 4180 269 4232 rdictitant:
297 4183 346 4233 dos
379 4187 451 4230 certe
471 4181 599 4248 quaedam
627 4191 667 4235 est
692 4190 719 4233 et
738 4183 821 4249 ipsas
851 4214 884 4224 -
903 4182 1020 4233 coniecti
1042 4181 1112 4232 eninr
1131 4180 1227 4231 animis

132 4249 226 4332 Graeci
245 4262 316 4305 metu
339 4251 480 4305 Tuscorum
500 4268 558 4304 cum
577 4269 592 4306 a
613 4254 685 4323 regis
711 4262 739 4306 et
762 4252 866 4322 relique
884 4254 1010 4322 discerpti
1030 4259 1120 4318 essent
1135 4250 1229 4304 multi-
