2875 4734
198 221 275 300 rsa
487 208 726 289 surcularis
756 210 1043 284 amariores*
1120 209 1122 217 ·

337 332 346 356 ο

201 395 293 483 ἡλίου
311 395 391 478 πρός
413 391 802 476 δυσμόςοῖποτρέχοντος.
846 383 1001 472 ἡσθέντος
1018 390 1053 453 δὲ
1068 392 1124 452 τοῦ
1144 394 1304 471 βασιλέως

201 495 420 583 τῷγεγονότι,
446 497 620 575 κατέλαβον
641 490 702 554 όπὸ
719 492 783 554 τοόν
803 491 951 554 ἐναντίων
964 490 1018 552 καί
1038 493 1197 573 πρέσβεις,
1220 518 1307 573 συμ-

202 599 339 673 παθείας
362 605 472 680 τυχεῖν
494 589 710 674 ἐξαιτούμενοι
733 595 788 656 κατ’
815 593 878 656 τεόν
899 592 989 655 ἰδίων
1010 589 1208 678 πραγμύτων
1230 619 1307 678 συγ.

154 700 156 703 ’
201 698 354 784 χιόρησιν,
377 699 433 760 καί
455 691 621 769 τοιαύταις
642 691 823 775 ὁμολογίαις
846 694 1049 776 παραδοῦναι
1068 688 1124 776 τῆν
1145 690 1238 757 πόλιν
1261 697 1306 782 τῷ

84 849 88 870 .
201 805 335 880 βασιλεῖ.
379 800 570 878 συνθέμενος
604 795 639 857 δὲ
661 790 738 876 πρός
757 797 863 873 τούτο,
887 795 941 855 καί
970 790 1046 866 τούς
1067 793 1216 876 πρέσβεις
1239 791 1331 868 διό-5

125 887 128 892 .
202 925 269 985 ραις
289 899 442 985 τιμήσας,
474 899 639 962 α’πέστειλε
669 891 722 958 τόν
744 891 1014 978 παραληψόμενον
1047 884 1218 973 αότίκατό
1245 893 1305 958 ια’-

55 1007 303 1084 tressorpov.
348 997 378 1074 οἱ
406 1003 436 1064 δ’
470 988 560 1062 ἔνδον
581 993 791 1080 ζφροοροὶνέν
810 989 948 1079 1τοιαύτην
980 994 1079 1078 καιρῷ
1100 994 1307 1070 εἰσδέξασθαι

29 1094 33 1109 '
200 1101 243 1185 μὴ
265 1101 523 1183 καταδεξάμενοι,
546 1099 600 1160 ἵνα
618 1093 662 1180 μη
678 1093 775 1158 κακόν
789 1119 819 1158 τι
842 1090 896 1157 διό
920 1096 974 1176 τῆς
994 1091 1104 1168 νυκτός
1126 1103 1192 1172 τοῖς
1213 1099 1306 1160 έναν-

175 1267 176 1272 τ
201 1206 279 1274 τιόις
309 1199 461 1286 έπιτεχθῇ
473 1247 482 1280 ,
510 1195 622 1272 έδσξαν
651 1195 837 1278 η’λογηκέναι
864 1195 919 1256 καί
945 1195 1210 1274 καταψεύσασθαι
1244 1197 1305 1258 τεόν

201 1303 353 1366 σπονδῶν.
398 1297 452 1363 διό
487 1300 581 1386 τούτο
603 1299 658 1360 καί
681 1293 762 1376 ταχύ
785 1298 943 1368 σαλπίσας
974 1293 1166 1380 όῡβασιλεός
1187 1297 1222 1360 τό
1246 1311 1351 1364 rto-10

202 1397 339 1482 λεμικόν,
361 1402 475 1483 ἐξῆλθε
500 1399 697 1482 πανστρατιᾷ
714 1399 771 1478 τῆς
792 1397 1006 1476 παρεμβολῆς,
1025 1392 1081 1457 καί
1101 1405 1166 1471 τοῖς
1187 1402 1305 1479 τείχεσι

203 1506 429 1582 προσεπέλασε.
489 1499 743 1579 καταπλαγέντες
774 1497 808 1558 δὲ
834 1491 863 1556 οἱ
889 1498 1024 1579 Ταύρκοι
1044 1499 1098 1558 καί
1122 1494 1200 1581 πρός
1221 1501 1305 1560 α’πο-

202 1605 309 1682 λογίας
336 1601 547 1682 τραπόμενοι,
584 1599 639 1660 καί
667 1599 797 1661 πλείονα
822 1598 928 1658 πίστιν
957 1598 1013 1679 τῆς
1035 1586 1159 1660 ἑαυτῶν
1182 1599 1305 1662 α’πολο-

201 1699 354 1782 τρώσεωέ
369 1696 577 1782 αἰτησόμενοι
597 1698 653 1760 καί
673 1698 830 1778 λαβόντες,
853 1699 954 1774 έξίασι
971 1699 1030 1776 μὲν
1053 1699 1087 1760 έκ
1109 1701 1172 1781 τῆς,
1184 1698 1304 1776 πόλεως

200 1799 282 1880 μετοὶ
302 1801 356 1884 τῆς
378 1803 494 1875 οἰκείας
517 1802 703 1880 α’ποσκευης,
727 1797 781 1861 καί
796 1800 838 1886 τῷ
851 1802 983 1879 βασιλεῖ
997 1801 1243 1880 γσνυκλινούσιν,
1265 1799 1304 1862 ού
1315 1818 1350 1870 15
1403 1852 1407 1855 .

201 1909 305 1975 κεναῖς
328 1901 362 1964 δέ
385 1902 497 1982 χερσίν
528 1897 608 1976 ἄλλα
643 1900 756 1972 πάντες
777 1897 937 1994 ξιφήρεις,
966 1902 1021 1962 καί
1036 1900 1084 1985 ’τῷ
1102 1903 1233 1979 βασιλεῖ
1249 1922 1304 1981 γυ.

200 2001 269 2086 μνη]
290 2003 464 2073 πανοπλίας
497 1999 527 2063 ολ
556 2002 693 2074 πλείονες
728 2001 997 2080 προσεγγίζοντες·
1053 1991 1105 2062 ότε
1135 1997 1173 2082 δὴ
1209 1997 1304 2072 αύτός

202 2100 381 2185 συμπαρών
401 2103 457 2164 ούκ
481 2097 617 2187 ἐπῄνεσα
632 2097 690 2183 την
706 2102 762 2162 τού
774 2102 931 2179 βασιλέως
952 2095 1112 2182 ἁπλότητα
1132 2101 1228 2178 μέσον
1242 2105 1301 2162 θα-

203 2203 370 2282 νατώντων
401 2201 527 2284 οξυδροόν
555 2203 611 2271 καί
637 2199 737 2286 τόλμη
758 2201 813 2262 καί
843 2194 977 2284 όπονοίρι
999 2197 1168 2276 συζώντων
1189 2195 1305 2263 ἑαυτόν

204 2301 427 2384 α’θωρόκιστον
447 2306 685 2384 καταμίξαντας.
1313 2317 1350 2370 20

296 2395 422 2486 Ἕτερον
443 2404 477 2468 δέ
501 2428 531 2466 τι
561 2405 762 2486 συνηνέχθη,
793 2404 885 2484 ζῆλον
916 2404 976 2480 μέν
998 2402 1054 2464 τού
1075 2405 1232 2483 βασιλέως
1255 2404 1306 2467 δι-

110 2560 113 2564 ,
204 2502 370 2586 καιοσύνης
399 2503 580 2588 φαντόζον,
613 2491 749 2585 όμετρον
779 2504 814 2566 δέ
846 2500 901 2584 την
922 2507 1076 2583 τιμωρίαν
1097 2505 1151 2564 καί
1170 2497 1227 2565 ούκ
1246 2504 1304 2565 εύ-

204 2605 282 2687 σεβῆ
310 2607 545 2686 συντιθέμενον.
602 2602 765 2688 ἐγκληθείς
797 2599 857 2687 γόρ
874 2626 925 2687 τις
955 2603 1017 2664 τῶν
1039 2606 1242 2687 στρατιωτοόν
1261 2603 1304 2678 ὥς
1330 2629 1333 2637 ·

278 2747 319 2840 l'l.
340 2785 394 2854 δ,τι
413 2789 443 2843 G.
518 2791 559 2843 19.
579 2789 783 2847 θανατούντων
809 2790 838 2844 C.
965 2790 1009 2844 20.
1030 2794 1224 2863 καταμίξαντα
1255 2789 1285 2844 G.

205 2965 345 3025 precantes
365 2966 391 3009 et
409 2975 515 3011 suarum
531 2975 620 3011 rerum
639 2961 745 3012 veniam
764 2968 843 3028 atque
862 2967 892 3011 ut
911 2961 1009 3013 talibus
1028 2961 1194 3027 pactionibus
1213 2964 1304 3014 trade.

204 3037 265 3081 rent
284 3030 375 3082 urbem
394 3033 469 3099 regi:
495 3040 587 3099 pactus
612 3039 699 3084 autem
726 3031 777 3083 hoc
798 3040 824 3082 et
849 3032 953 3100 legatos
979 3032 1055 3085 donis
1075 3033 1208 3084 honorans
1227 3034 1304 3084 illico

205 3101 334 3170 quendam
360 3103 431 3154 misit
456 3105 499 3154 cui
528 3103 667 3154 castellum
692 3103 842 3154 traderent:
873 3105 918 3171 qui
942 3112 1029 3155 antem
1055 3105 1082 3154 in
1110 3105 1208 3171 oppido
1229 3113 1304 3156 erant

204 3171 365 3240 praesidium
393 3174 420 3224 in
441 3172 488 3224 tali
507 3182 628 3239 tempore
653 3177 777 3240 accipere
802 3188 856 3224 non
881 3177 1060 3237 sustinentes,
1087 3190 1139 3237 ne,
1161 3176 1225 3242 quid
1242 3175 1304 3247 mali

205 3243 256 3308 ipsi
278 3256 326 3307 per
343 3251 449 3293 noctem
470 3244 502 3294 ab
523 3245 643 3297 host-ibus
664 3247 859 3312 experirentur,
878 3247 983 3295 ratione
1005 3260 1097 3295 carere
1115 3247 1303 3312 sponsionem-

206 3327 258 3380 que
277 3310 410 3364 fefellisse
429 3315 568 3366 visisunt.
589 3317 758 3384 quamobrem
778 3317 864 3367 statim
883 3315 1011 3366 bellicum
1031 3331 1130 3367 canens
1148 3332 1198 3368 rex
1216 3319 1305 3368 omni.

204 3384 254 3434 hus
274 3399 332 3433 cum
352 3385 437 3452 copiis
457 3388 551 3438 castris
572 3403 694 3454 egressus
714 3387 854 3437 moenibus
874 3387 1109 3453 appropinquavit.
1129 3389 1234 3438 attoniti
1254 3404 1305 3438 au.

205 3464 257 3506 tem
276 3454 376 3506 Tuscae
395 3462 421 3506 et
439 3458 470 3508 ad
491 3460 687 3520 excusationem
707 3459 779 3509 versi
798 3456 1119 3524 melioremquejpsornm
1140 3458 1305 3524 redemptio-

204 3527 247 3577 nis
263 3525 342 3578 fidem
362 3535 504 3594 poscentes
525 3536 551 3579 et
570 3529 735 3593 accipientes
753 3528 820 3579 urbe
840 3528 1012 3594 egrediuntur
1033 3542 1091 3577 cum
1110 3537 1236 3594 apparatu
1255 3543 1304 3580 suo

205 3613 350 3665 regemque
379 3615 451 3667 genu
476 3598 545 3653 llcxo
573 3606 752 3662 venerantur,
780 3613 833 3649 non
859 3599 963 3665 quidem
990 3599 1082 3648 vacuis
1115 3599 1234 3650 manibus
1258 3599 1305 3650 scd

207 3684 297 3720 omnes
332 3669 436 3736 gladios
464 3678 600 3738 gestantes
625 3671 738 3737 regique
756 3671 826 3720 nudo
846 3670 915 3718 omni
935 3678 1066 3719 armatura
1084 3669 1176 3735 plures
1195 3685 1304 3721 numero

206 3739 458 3807 appropinquantes.
504 3743 625 3809 equidem
645 3757 721 3804 vero,
742 3741 786 3808 qui
806 3748 859 3790 tum
880 3740 999 3790 adessem
1019 3741 1092 3806 regis
1109 3741 1305 3807 simplicitatem

206 3809 313 3860 minime
332 3810 454 3876 probavi,
474 3829 533 3864 cum
553 3813 703 3864 hominibus
722 3811 837 3862 letiferis
858 3818 884 3860 et
903 3801 1104 3877 audaciamque
1123 3813 1305 3877 intemperan.

170 3925 173 3930 .
206 3880 243 3930 tia
264 3880 431 3932 ferventibus
460 3898 589 3935 armorum
610 3900 705 3950 expers
725 3898 755 3934 se
774 3882 960 3933 immisceret..

306 3969 358 4021 Sed
376 3968 448 4020 aliud
467 3971 529 4036 quid
548 3974 654 4034 accidit,
674 3972 791 4023 iustitiae
810 3968 915 4036 quidem
932 3969 1044 4029 studium
1064 3971 1137 4036 regis
1156 3969 1304 4032 celebrans,

206 4040 371 4090 immodicam
390 4056 455 4092 vero
475 4055 587 4108 poenam
606 4059 693 4110 nequc
711 4044 780 4108 piam
802 4039 938 4090 cxlribcn's.
977 4050 1116 4092 accusatus
1137 4043 1207 4091 onim
1225 4039 1304 4092 miles

208 4109 278 4174 quod
307 4110 418 4184 asellum
444 4112 581 4163 Turcicum
602 4113 701 4164 iuratus
723 4119 795 4164 esset
822 4111 853 4161 ad
877 4125 968 4176 regem
990 4111 1168 4164 adducebatur
1187 4113 1303 4176 rinctus,

1024 4260 1046 4284 Ι
